2678 4560
294 267 349 322 tuo
549 261 628 312 Liber
645 261 760 311 xxvtt.
780 262 844 324 ’(Α.
858 275 883 309 ιι.
898 277 921 310 a.
936 263 1015 323 sto.)

218 445 389 506 dictionum
419 445 598 520 compulsam
628 445 770 505 audierat.
818 445 894 502 Eam
924 444 1108 502 inconditam
1130 445 1334 517 inermemque}

249 549 460 609 multitudinem
489 549 584 625 primo
613 549 711 606 statim
739 557 849 605 terrore
878 549 1039 606 adveniens
1064 550 1157 624 cepit3
1196 567 1320 623 compen·

248 663 424 728 saveratque
444 671 480 710 ea
501 653 610 728 praeda,
632 653 710 727 quod
724 632 890 727 ignominiae
906 654 943 711 ad
963 653 1045 711 Elim
1059 665 1218 730 acceptum
1230 653 1320 710 iuerat

218 758 400 818 tlDividenti
432 758 561 832 praedam
596 758 786 832 captivosque
818 757 910 829 (icere
940 767 1041 816 autem
1071 768 1220 832 quattuor
1245 758 1321 814 millia

250 863 416 934 hominum,
443 862 557 938 pecoris
582 861 675 918 omnis
696 863 810 937 generis
834 864 872 920 ad
896 863 988 920 millia
1010 863 1133 938 viginti)
1156 864 1275 920 nuntius
1293 881 1335 936 ex¹

251 967 427 1026 Macedonia
446 968 534 1038 venit,
554 967 685 1041 Eropum
708 969 863 1042 quendam,
885 977 1025 1043 corrupto
1051 969 1133 1026 arcis
1148 968 1330 1044 praesidiique·

250 1073 398 1150 praefecto,
415 1073 597 1149 Lychnidum
614 1071 740 1146 cepisse;
764 1081 862 1130 tenere
876 1081 905 1128 et
922 1073 1174 1130 Dassaretiorum
1195 1073 1323 1147 quosdam

200 1185 237 1240 10
250 1179 331 1236 vicos
365 1188 394 1236 et
431 1177 590 1235 Dardanos
627 1175 714 1232 etiam
749 1177 873 1238 concire.
921 1177 1043 1236 Omisso
1077 1179 1174 1254 igitur
1204 1178 1324 1236 Achaico

250 1283 343 1355 hello,
377 1283 484 1340 relictis
511 1290 608 1338 tamen
635 1281 749 1338 duobus
771 1281 896 1340 millibus
921 1291 950 1340 et
971 1284 1147 1358 quingentis
1171 1283 1266 1340 omnis
1282 1299 1322 1354 ge·

251 1388 329 1446 u'eris
362 1394 541 1444 armatorum
573 1404 638 1444 oum
673 1385 811 1462 Menippo
844 1398 872 1444 et
908 1387 1103 1463 Polyphanta
1141 1389 1265 1447 ducibus
1293 1383 1336 1440 ad¹

204 1499 235 1554 tl
252 1493 418 1569 praesidium
441 1491 604 1561 sociorum,
631 1488 779 1565 proiectus
803 1492 841 1546 ab
863 1493 968 1566 Dymis
990 1511 1045 1566 per
1067 1494 1225 1551 Achaiam
1249 1493 1321 1548 Beo-

254 1598 383 1671 tiamque
398 1604 427 1654 et
442 1597 586 1653 Euboeam
602 1595 722 1652 decimis
736 1596 839 1652 castris
853 1596 1077 1653 Demetriadem
1092 1598 1125 1653 in
1148 1597 1321 1655 Thessaliam

155 1701 201 1770 83
254 1702 394 1779 pervenit.
443 1699 490 1758 lbi
505 1701 555 1756 alii
570 1699 709 1756 maiorem
722 1696 877 1758 afferentes
890 1702 1045 1760 tumultum
1058 1704 1161 1760 nuntii
1171 1711 1320 1760 occurrunt

254 1807 413 1865 Dardanos
442 1806 471 1862 in
502 1803 713 1886 Macedoniam¹
735 1802 844 1860 effusos
878 1804 1045 1864 Orestidem
1077 1809 1144 1865 iem
1175 1819 1272 1865 tenere
1294 1821 1319 1860 ac

252 1912 437 1970 descendisse
460 1911 490 1968 in
512 1911 697 1983 Argestaeum
720 1926 870 1983 campum,
894 1909 1067 1986 famamque
1088 1914 1171 1970 inter
1192 1914 1319 1970 barbaros

222 2019 395 2076 2celebrem
418 2034 499 2086 esse,
521 2014 690 2089 Philippum
713 2014 849 2075 occisum.
899 2015 1099 2090 Expeditione
1122 2037 1173 2090 ea,
1197 2038 1255 2093 qna
1273 2035 1319 2071 nm

252 2121 474 2198 populatoribus
497 2119 561 2193 agri
583 2118 621 2174 ad
642 2117 796 2193 Sicyonem
821 2119 978 2194 pugnavit,
1010 2120 1042 2176 in
1071 2123 1218 2181 arborem
1240 2124 1318 2179 illatus

254 2227 364 2301 impetu
398 2224 465 2298 equi
487 2223 525 2280 ad
547 2222 718 2280 eminentem
741 2243 855 2281 ramum
880 2243 969 2282 cornu
990 2223 1117 2282 alterum
1142 2229 1240 2303 galcae
1259 2245 1318 2302 pre·

224 2330 355 2405 bfregit3
377 2330 408 2386 id
420 2329 568 2386 inventum
587 2329 625 2384 ab
643 2327 747 2385 AEtolo
765 2329 892 2402 quodam
911 2329 1120 2405 perlatumque
1137 2333 1171 2389 in
1191 2332 1317 2392 AEtoliau

256 2435 295 2493 ad
317 2434 543 2505 Scerdilaedum,
565 2434 612 2490 cui
633 2443 733 2490 notum
757 2443 820 2490 erat
840 2433 952 2508 insigne
973 2434 1086 2508 galeae,
1108 2435 1227 2496 famam
1247 2439 1316 2494 inter·

226 2539 325 2598 dfecti
360 2541 437 2615 regis
470 2538 611 2614 vulgavit.
670 2539 744 2596 Post
774 2537 984 2613 profect-ionem
1021 2555 1061 2594 ex
1099 2542 1224 2598 Achaia
1256 2541 1316 2613 regis

256 2643 402 2720 Sulpicius
423 2644 565 2718 AEginam
589 2643 681 2700 classe
702 2642 850 2718 proiectus
873 2662 937 2700 cum
952 2643 1058 2700 Attalo
1082 2661 1151 2702 sese
1173 2643 1314 2704 coniunxit

224 2749 358 2809 bAchaei
387 2768 453 2806 cum
474 2748 584 2805 AEtolis
607 2747 743 2821 Eleisque
771 2749 850 2806 haud
872 2747 974 2823 procul
996 2748 1137 2807 Messene
1159 2767 1314 2826 prosperan

253 2873 383 2929 pugnam
404 2854 543 2912 iecerunt.
591 2852 710 2910 Attalus
739 2871 794 2910 rex
814 2837 843 2910 et
863 2857 899 2914 P.
921 2851 1069 2926 Sulpicius
1095 2856 1221 2930 AEginm
1236 2855 1313 2911 hiber·

253 2967 368 3015 nerunt.
926 2941 931 2950 ⁵

222 3067 241 3124 h
337 3062 427 3120 Exitu
443 3062 528 3118 huius
543 3061 613 3118 anni
627 3062 664 3120 Τ,
682 3063 832 3137 Quinctius
848 3063 957 3133 consul,
979 3063 1128 3120 dictatore
1146 3063 1312 3121 comitiorum

252 3167 446 3240 ludorumque
457 3166 654 3226 faciendorum
668 3187 759 3226 causa
769 3168 846 3226 dicto
858 3169 894 3225 Τ.
906 3167 1018 3224 Manlio
1030 3169 1203 3242 Torquato,
1218 3187 1253 3224 ex
1265 3164 1312 3220 val·

224 3279 238 3331 7
252 3291 323 3330 nere
334 3271 468 3341 moritum
486 3273 537 3328 atii
549 3270 669 3344 ibrenti,
685 3273 736 3330 alii
756 3274 786 3331 ia
797 3272 960 3348 Campania
975 3280 1124 3329 mortuum
1138 3275 1270 3340 tradunt3
1287 3277 1312 3334 a

252 3378 282 3434 id
295 3377 373 3452 quod
388 3376 468 3433 nullo
480 3387 548 3434 ante
564 3378 639 3436 bello
651 3377 806 3449 acciderat,
819 3378 878 3434 duo
900 3377 1032 3434 consules
1053 3361 1118 3434 sine
1137 3373 1311 3436 memorando

253 3482 356 3556 proelio
376 3480 519 3538 interfecti
531 3480 610 3555 velut
620 3483 722 3540 orbam
734 3499 795 3540 rem
807 3482 953 3557 publicam
966 3482 1158 3557 reliquerant.
1194 3483 1310 3539 Dictator

251 3587 381 3644 Manlius
410 3587 580 3662 magistrum
611 3587 740 3660 equitum
771 3587 805 3650 C.
829 3586 983 3648 Servilium
1004 3584 1082 3664 (tum
1104 3587 1200 3644 aedilis
1222 3583 1309 3644 curulit

223 3696 240 3752 8
253 3692 328 3764 erat)
346 3692 429 3754 dixit.
474 3691 609 3762 Senatus,
624 3711 683 3766 quo
699 3693 746 3749 die
760 3693 884 3768 primum
900 3701 944 3748 est
957 3692 1089 3764 habitus,
1099 3692 1189 3749 ludos
1205 3703 1309 3766 magnos

253 3795 350 3853 facere
372 3797 543 3854 dictatorem
565 3797 665 3869 iussit,
689 3815 763 3870 quos
785 3800 826 3856 Μ.
847 3797 986 3856 AEmilius
1007 3809 1118 3872 prator
1140 3799 1267 3854 urbanus
1284 3793 1306 3849 t'.

254 3900 409 3970 Flaminio,
431 3900 485 3961 Cn.
508 3900 633 3960 Servilio
660 3904 826 3962 consulibus
847 3903 958 3962 fecerat
984 3914 1012 3961 at
1041 3905 1071 3960 in
1096 3877 1306 3978 qaibqaeuoiun

254 4014 394 4073 voveram
419 4014 478 4060 tum
493 4005 617 4064 dictator
629 4015 658 4064 et
669 4006 738 4063 iecit
748 4006 832 4065 ludos
844 4017 872 4064 et
886 4009 916 4064 in
927 4008 1082 4082 insequens
1097 4009 1221 4066 lustrum
1234 4007 1306 4066 vovit
