2678 4560
309 233 365 290 124
559 230 635 280 Liber
651 229 779 282 XXVIII.
817 230 863 292 (A.
877 245 902 280 n.
916 245 937 283 c.
951 231 1027 294 547.)

265 415 378 491 Scipio,
407 415 496 472 nimia
516 416 662 490 paucitate
683 433 799 474 suorum
822 427 1002 490 exaequatum
1027 425 1173 474 certamen
1194 433 1270 482 csse,
1290 427 1310 470 et

264 523 321 580 iarn
349 541 384 580 eo
411 539 549 598 superare
576 522 706 593 hostem,
739 522 818 596 quod
845 541 881 579 ex
911 541 993 580 muro
1017 531 1178 597 pugnaret,
1212 522 1311 578 duabus

234 627 349 686 ttsimnl
377 629 523 704 partibus,
555 627 648 703 prima
675 637 808 704 recepta,
843 629 944 686 urbem
972 637 1016 684 est
1039 645 1205 704 aggressus.
1252 627 1312 699 Qua

263 752 310 792 res
341 743 451 792 tantum
479 733 598 809 pavoris
627 734 723 792 iniecit
748 734 832 792 fessis
857 736 916 792 iam
946 754 1010 792 cnm
1033 734 1134 809 primis
1156 733 1312 809 pugnando.

263 851 295 896 ut
317 850 345 897 ct
367 839 504 915 oppidani
527 839 633 898 moenia
652 841 802 916 repentina
823 839 895 916 fuga
914 841 1099 910 desererent,
1130 849 1161 896 et
1182 839 1311 897 Punicum

262 945 425 1022 praesidium
450 953 545 1016 metu,
577 965 613 1003 ne
634 946 749 1021 prodita
769 949 838 1006 urbs
861 957 951 1019 esset,
969 947 1077 1004 relictis
1099 945 1272 1002 stationibus
1291 945 1311 1000 in

214 1055 250 1109 10
263 1071 349 1108 unum
379 1068 411 1107 ee
437 1051 592 1126 colligeret.
641 1052 744 1110 Timor
781 1053 847 1111 inde
878 1054 1040 1130 oppidanos
1070 1051 1208 1120 incessit,
1230 1069 1273 1120 ne,
1295 1049 1312 1104 si

263 1157 353 1214 bostis
375 1156 475 1213 urbem
497 1155 647 1228 intrasset,
683 1159 744 1215 aine
765 1159 934 1230 discrimine,
969 1161 1079 1217 Poenus
1110 1176 1149 1214 an
1175 1157 1312 1232 Hispanus

213 1269 245 1323 ll
263 1274 352 1334 esset,
391 1260 469 1319 obvii
504 1261 612 1335 passim
646 1264 835 1335 cederentur,
878 1274 982 1339 atque,
1024 1262 1177 1338 patefacta
1210 1275 1310 1338 repente

182 1413 190 1432 .
262 1379 357 1444 porta,
392 1367 556 1442 frequentes
587 1386 624 1424 cx
655 1371 763 1444 oppido
795 1390 859 1428 sese
894 1371 1051 1439 eiecerunt,
1090 1379 1176 1427 scuta
1201 1389 1263 1445 prae
1287 1387 1304 1423 a

263 1482 399 1543 tenentes,
420 1489 456 1528 ne
471 1471 528 1528 tela
542 1474 644 1547 procul
658 1476 874 1548 coniicereutur,
899 1478 1017 1538 demas
1028 1476 1123 1532 nudas
1135 1485 1308 1532 ostentantes

215 1583 249 1638 12
264 1589 295 1636 ut
314 1578 427 1654 gladios
449 1577 587 1636 abiecisse
608 1591 770 1655 appareret·
818 1584 854 1640 Id
876 1594 970 1640 utrum
993 1601 1096 1658 perum
1115 1600 1153 1638 ex
1173 1580 1311 1638 intervallo

262 1686 300 1742 sit
321 1693 514 1757 conspectum,
536 1704 574 1741 an
596 1686 679 1743 dolus
701 1688 806 1764 aliquis
828 1698 977 1765 suspectus
990 1687 1088 1758 faerit,
1110 1688 1310 1764 incompertum

263 1800 319 1860 est3
350 1789 475 1864 impetus
502 1790 614 1848 hostilis
641 1792 671 1848 in
701 1793 866 1870 transfugas
897 1795 991 1866 factus
1031 1813 1085 1850 neo
1123 1811 1211 1850 secus
1240 1810 1311 1866 quam

215 1902 250 1956 ta
263 1897 387 1954 adversa
418 1896 494 1952 acics
526 1897 607 1967 caesi3
640 1900 799 1974 cademque
827 1912 913 1976 porta
934 1901 1017 1975 signa
1036 1899 1148 1956 infesta
1174 1903 1204 1956 iu
1226 1901 1310 1956 urbem

263 2003 352 2062 illata.
399 2002 439 2060 Et
476 2002 539 2060 aliis
574 2004 705 2078 partibus
737 2006 885 2064 securibus
917 2006 1102 2080 dolabrisque
1139 2007 1311 2063 caedebantm

262 2118 368 2184 porta,
389 2117 418 2165 et
436 2116 469 2165 ut
491 2108 611 2184 quisque
632 2111 791 2170 intraverat
811 2131 913 2188 eques,
943 2112 980 2169 ad
1003 2110 1099 2169 forum
1122 2111 1309 2186 occupandum

214 2219 248 2274 14
264 2215 316 2286 (ita
348 2215 423 2271 enim
450 2225 625 2290 praceptum
652 2217 725 2291 crat)
755 2218 842 2276 citato
872 2228 947 2293 cq'uo
972 2217 1123 2292 pergebat.
1180 2217 1330 2274 Additum,

264 2330 325 2379 erat
353 2330 380 2377 et
408 2319 572 2378 triariorum
595 2322 685 2397 equiti
704 2324 884 2398 presidium
918 2323 1069 2398 legionarii
1091 2331 1205 2380 ceteras
1228 2331 1309 2396 partes

262 2424 435 2501 pervadunt.
483 2426 653 2502 Direptione
680 2438 708 2486 et
734 2431 811 2487 caede
832 2430 999 2499 obviorum,
1033 2429 1087 2486 nisi
1110 2428 1161 2502 qui
1182 2427 1270 2484 armis
1287 2442 1310 2479 se

216 2535 249 2589 15
262 2529 424 2600 tuebantur,
447 2531 655 2593 abstinuerunt.
702 2533 953 2610 Carthaginienses
988 2553 1087 2592 ornnes
1109 2535 1139 2590 in
1162 2533 1308 2592 custodian

262 2637 320 2693 dati
343 2646 424 2706 eunt,
460 2637 671 2712 oppidanorum
696 2640 900 2711 milleforme,
936 2641 986 2715 qui
1015 2641 1180 2698 clauserant
1211 2649 1306 2715 portas:

215 2746 249 2800 16
263 2741 364 2798 ceteris
384 2743 521 2799 traditum
548 2744 696 2819 oppidum,
717 2764 776 2802 suae
797 2747 915 2804 redditae
936 2766 991 2807 res.
1039 2745 1177 2804 Cecidere
1196 2743 1306 2803 inertis

264 2851 323 2906 eius
358 2848 573 2923 oppugnatione
608 2850 733 2908 hostium
767 2853 824 2910 duo
860 2852 949 2910 millia
978 2852 1085 2921 ferme,
1119 2854 1304 2910 Romanorum

263 2955 341 3012 haud
363 2954 486 3030 amplius
507 2956 674 3029 nonaginta.

225 3139 229 3148 Ι
345 3063 426 3118 Laeta
455 3071 483 3118 et
511 3061 596 3136 ipsis,
634 3062 683 3135 qui
712 3081 771 3119 rem
795 3081 924 3138 gessere,
958 3064 1035 3121 urbis
1057 3063 1119 3120 eius
1141 3061 1303 3139 expugnatio

263 3166 317 3224 luit
343 3175 371 3223 et
394 3167 562 3242 imperatori
584 3176 738 3242 cet-eroque
753 3170 906 3240 exercitui3
928 3179 957 3226 et
977 3169 1139 3244 speciosum
1161 3169 1302 3226 adventum

263 3289 356 3344 sunm,
378 3271 521 3346 ingentem
543 3274 657 3330 turbam
680 3274 860 3348 captivorum
882 3294 942 3351 proe
962 3293 994 3332 se
1016 3284 1144 3352 agentes,
1178 3273 1302 3333 fecerum.

232 3377 370 3453 lscipio,
406 3378 568 3436 collaudato
600 3378 705 3452 fratre,
743 3400 850 3456 quum,
883 3391 991 3457 quanto
1023 3390 1139 3457 poterat
1164 3384 1301 3440 verborum

262 3485 388 3556 honora,
423 3483 592 3560 Carthagini
625 3487 662 3543 ab
699 3505 729 3544 se
765 3497 857 3562 captae
890 3495 1004 3562 captam
1039 3488 1076 3544 ab
1109 3506 1144 3544 eo
1177 3487 1300 3564 Orongim

231 3589 415 3663 3aequasset,
452 3591 520 3667 quia
545 3600 573 3649 et
593 3592 685 3650 hiems
708 3593 852 3663 instabat,
888 3603 920 3650 ut
940 3611 993 3649 nec
1013 3602 1125 3652 tentare
1147 3593 1244 3653 Gades
1261 3609 1300 3649 nec

261 3694 410 3754 disiectum
439 3697 547 3772 passim
576 3716 629 3772 per
652 3700 832 3772 provinciam
854 3698 1010 3757 exercitum
1032 3699 1225 3758 Hasdrubalis
1245 3717 1298 3756 con·

261 3803 365 3858 sectari
393 3811 505 3877 posset,
539 3803 568 3860 in
603 3804 763 3862 citeriorem
791 3805 964 3879 Hispaniam
991 3823 1091 3862 ornnes
1120 3823 1187 3864 snas
1214 3806 1297 3880 copias

229 3906 388 3975 traduxit3
418 3907 598 3983 dimissisque
619 3911 649 3967 in
671 3909 791 3968 hiberna
814 3909 991 3986 legionibus,
1013 3912 1049 3968 L.
1071 3911 1204 3988 Scipione
1223 3911 1297 3969 fratrs

10 4003 13 4129 l
122 4035 292 4154 *a
