2704 4552
332 224 412 276 Liber
429 225 516 276 xxti
553 225 603 288 (Δ.
618 223 665 274 (lh.
679 224 754 288 ²1⁷.)
994 230 1032 286 67

13 403 34 460 is
55 404 151 482 Alpes
177 419 270 481 sunt,
292 421 353 468 tum
374 411 480 468 donum
503 409 566 466 duit
589 407 715 484 populus
738 409 889 468 Romanus
911 408 1106 482 Quiritium

10 511 71 582 ,uod
85 531 140 569 ver
156 514 299 572 attulerit
314 535 351 572 ex
372 515 467 584 suillo,
483 514 581 585 ovillo,
602 514 732 589 caprino,
754 514 864 572 bovillo
878 531 976 590 grege,
998 532 1076 588 quae·

8 635 50 690 lue
71 617 215 694 profana
237 630 337 691 eruut,
361 621 427 679 Iovi
447 620 519 689 fieri,
541 638 578 678 ex
601 637 661 694 qus
682 619 729 677 die
750 629 867 676 senatus
896 619 1086 696 populusque

7 723 122 780 usserit.
178 724 243 798 Qui
268 723 365 793 faciet,
388 725 504 800 quando
526 724 605 782 volet
629 741 746 799 queque
766 723 830 799 lege
851 724 945 792 volet,
974 721 1109 794 facit034

6 847 52 900 luo
81 831 179 888 modo
214 829 306 898 faxit,
336 831 427 904 probe
455 830 565 888 factum
593 838 664 888 esto.
713 827 746 888 Si
766 827 796 884 id
828 825 967 898 moritur,
1000 826 1108 900 quod5
1214 908 1216 914 Α

5 934 57 990 ieri
72 934 243 1010 oportebit,
257 933 412 1010 profanum
428 945 499 1006 esto,
514 952 609 1010 neque
623 934 717 992 scelus
732 943 803 994 esto.
839 933 872 994 si
887 931 950 1007 quis
964 941 1080 1006 rumpet

5 1039 151 1098 occidetve
166 1040 308 1110 insciens,
321 1059 359 1098 ne
369 1038 450 1098 fraus
461 1049 533 1100 esto.
570 1039 678 1114 Siquis
690 1038 800 1114 clepsit,
814 1058 851 1097 ne
862 1037 970 1113 populo
986 1037 1079 1094 scelus

4 1152 70 1213 esto,
87 1163 170 1202 neve
187 1145 236 1202 cui
250 1144 377 1220 cleptum
392 1144 453 1206 erit.
484 1145 517 1204 Si
531 1153 596 1202 etro
611 1145 657 1202 die
671 1143 747 1202 faxit
761 1143 893 1212 insciens,
908 1143 1000 1218 probe
1013 1139 1078 1198 fac·
1093 1148 1110 1204 6

4 1259 59 1306 tum
77 1261 157 1308 esto.
207 1250 241 1310 Si
257 1259 345 1322 nocte
362 1250 424 1307 sive
444 1249 517 1320 luce,
543 1249 567 1306 si
582 1267 683 1308 servus
705 1249 767 1306 sive
787 1249 861 1306 liber
881 1246 965 1318 faxit,
988 1247 1080 1322 probe

4 1353 113 1412 factum
141 1363 219 1414 esto.
272 1355 305 1413 Si
324 1355 455 1426 antidea,
477 1373 511 1412 uc
532 1364 650 1412 senatus
671 1353 854 1430 populusque
875 1352 990 1410 iusserit
1008 1351 1080 1423 fieri,

5 1458 126 1530 laxitnr,
151 1478 188 1518 eo
204 1459 330 1536 populus
346 1460 456 1518 solutus
478 1459 551 1516 liber
565 1463 658 1518 esto.“
703 1459 841 1516 Eiusdem
856 1457 899 1514 rei
916 1475 1006 1514 causa
1020 1454 1081 1513 ludi
1094 1464 1109 1518 7

7 1565 106 1638 magui
123 1565 188 1623 voti
203 1564 270 1622 aeris
285 1563 420 1621 trecentis
435 1563 553 1640 triginta
568 1563 659 1622 tribus
674 1563 809 1633 millibus,
830 1565 954 1620 maceriis
968 1564 1081 1636 triginta

11 1671 95 1726 tribue
118 1671 241 1738 triente,
265 1643 407 1744 praeterea
428 1668 523 1728 bubus
544 1669 610 1728 Iovi
632 1669 776 1739 trecentis,
799 1669 895 1726 multis
919 1668 984 1725 aliis
1006 1665 1081 1724 divis

11 1773 103 1832 bubus
141 1775 226 1848 albis,
254 1784 342 1848 utque
378 1776 480 1832 ceteris
516 1773 627 1832 hostiis.
685 1774 772 1831 Votis
806 1775 861 1832 rite
898 1771 1111 1849 nuncupatae

13 1879 185 1952 supplicatio
219 1879 329 1948 edicte3
365 1879 616 1955 supplicatumque
651 1878 711 1936 iere
744 1896 808 1936 cum
844 1877 1014 1952 coniugibus
1047 1893 1082 1934 ac

13 1981 109 2040 liberis
138 2002 197 2040 nou
224 1986 339 2042 urbana
371 1984 524 2042 multitudo
555 1992 683 2054 tautum,
712 1983 763 2042 sed
796 1982 954 2057 agrestium
985 1981 1082 2052 etiem,

18 2105 88 2160 quos
110 2089 140 2145 in
162 2088 263 2162 ulique
290 2107 344 2146 sue
365 2088 484 2146 fortuna
505 2088 621 2164 publicu
644 2108 761 2164 quoque
788 2088 974 2162 contingebat
1001 2105 1082 2148 curs.

20 2192 91 2249 'lum
114 2192 321 2250 lectisternium
341 2213 395 2269 per
417 2194 543 2252 triduum
560 2195 713 2265 habitum,
741 2193 911 2252 decemviris
932 2199 1114 2256 sacrorum9

21 2298 193 2356 curantibus.
250 2297 310 2355 Sex
340 2298 505 2374 pulvinaris
536 2299 567 2356 in
597 2310 753 2375 conspectu
785 2299 915 2370 fuerunt,
951 2299 1018 2356 Iovi
1048 2316 1083 2356 ac

22 2401 123 2460 Iunoni
145 2421 244 2472 unum,
266 2403 388 2460 alterum
411 2405 549 2480 Neptuno
572 2422 607 2462 sc
629 2405 778 2475 Minervae,
800 2403 916 2460 tertium
938 2402 1029 2460 Marti
1049 2420 1084 2458 ac

22 2502 142 2576 Veneri,
176 2517 311 2582 quartum
339 2508 472 2583 Apollini
505 2526 541 2566 ac
572 2508 691 2580 Dienee,
722 2509 853 2584 quintum
882 2507 1017 2566 Vulcano
1049 2525 1084 2564 ac

26 2608 134 2681 Vestae,
161 2620 275 2670 sextum
305 2613 451 2670 Mercurio
486 2623 515 2672 et
537 2613 643 2674 Cereri.
688 2615 765 2672 Tum
788 2614 864 2670 aedee
886 2621 974 2674 vote.
1023 2612 1083 2670 Ve-
1099 2620 1135 2676 10

27 2715 82 2771 neri
97 2716 228 2791 Erycinae
243 2719 334 2776 aedem
356 2717 392 2792 Q·
407 2720 518 2778 Fabius
532 2719 681 2777 Maximus
703 2717 828 2776 dictator
842 2717 938 2790 vovit,
960 2717 1085 2792 quisita

30 2836 62 2874 cx
84 2820 220 2880 fatalibus
240 2821 322 2880 libris
345 2823 452 2906 editum
477 2834 548 2894 eret,
572 2834 604 2882 ut
624 2823 649 2880 is
671 2831 801 2892 voveret,
823 2821 904 2880 ouius
925 2823 1085 2884 maximum

30 2924 171 3002 imperium
186 2928 216 2984 in
231 2928 348 2986 civitate
364 2939 454 2998 essem
467 2928 558 2987 Menti
571 2929 661 2986 edem
677 2928 713 2986 T.
727 2925 868 2986 Otacilius
878 2936 986 3003 pretor
996 2926 1086 2987 vovit.

107 3033 152 3090 Ita
172 3035 259 3091 rebus
281 3033 387 3090 divinis
409 3033 545 3108 peractis,
569 3042 630 3090 tum
653 3032 689 3089 de
716 3031 791 3090 bello
813 3049 902 3105 reque
925 3029 990 3110 [de]
1014 3034 1086 3108 pub·
1145 3029 1182 3096 ll

34 3134 83 3192 lica
107 3137 230 3196 dictator
259 3139 371 3208 retulit,
402 3139 506 3212 quibus
535 3147 664 3212 quotque
690 3137 852 3214 legionibus
881 3137 985 3196 victori
1010 3139 1088 3196 hosti

38 3240 139 3300 obviam
158 3243 283 3300 eundum
307 3261 370 3300 esse
391 3252 489 3319 patres
512 3252 670 3300 censerent.
714 3243 888 3313 Decretum,
917 3253 947 3300 ut
972 3243 1009 3300 ub
1033 3241 1118 3304 cml

39 3342 147 3402 Servilio
179 3348 298 3405 consule
327 3349 485 3407 exercitum
516 3348 676 3423 acciperem
710 3346 850 3404 scriberet
882 3357 1023 3423 praeterea
1050 3367 1087 3405 ex

40 3449 135 3508 civibus
164 3452 323 3526 sociisque,
360 3463 499 3527 quantum
534 3454 661 3528 equitum
699 3470 733 3510 eo
765 3453 896 3527 peditum
925 3453 1087 3523 videretur;

42 3563 122 3612 cetera
151 3557 249 3614 omnia
283 3567 383 3632 ageret
418 3557 601 3633 laceretque,
633 3566 665 3615 ut
696 3575 713 3613 e
748 3576 780 3614 re
810 3557 929 3632 publica
961 3558 1088 3616 duceret.

43 3659 135 3718 Fabius
159 3663 231 3720 duas
251 3663 381 3738 legiones
402 3683 434 3724 se
454 3664 631 3722 adiecturum
653 3661 692 3720 ed
714 3661 908 3722 Servilianum
931 3659 1118 3720 exercitum3

45 3764 112 3826 dixit.
163 3769 204 3826 lis
236 3787 290 3845 per
320 3771 491 3847 magistrum
524 3769 652 3843 equitum
679 3767 793 3844 scriptis
821 3767 915 3826 Tibur
942 3765 1018 3822 diem
1049 3765 1087 3821 ad

46 3874 253 3933 conveniendum
288 3877 385 3936 edixit.
438 3874 600 3949 Edictoque
628 3874 793 3949 proposito,
825 3882 872 3942 ut,
903 3869 1008 3945 quibus
1035 3871 1117 3944 op·4

47 3975 101 4048 pide
119 3981 292 4056 castellaque
321 3980 474 4038 immunita
504 3986 612 4050 essent,
644 3977 686 4034 uti
712 3977 937 4055 commigrarent
965 3974 995 4032 in
1023 3973 1090 4031 locu

856 4076 887 4126 b?
