2680 4546
298 196 337 252 04
555 190 633 242 Liber
649 190 766 246 XXVII.
804 192 853 254 (A.
866 207 892 244 u.
908 207 933 244 c.
947 193 1021 256 544.)

255 374 326 432 iussi
348 373 445 444 adire3
468 373 503 432 iis
525 392 643 450 quoque
665 361 730 449 quae
749 375 901 446 darentur,
924 385 1062 452 portata,
1086 385 1168 450 toga
1188 383 1309 450 pratens

208 485 243 542 to
256 489 285 538 et
316 491 400 539 terna
427 478 526 555 pundo
553 489 662 554 patera
690 499 795 540 aurea.
842 482 882 538 Et
912 481 1142 538 Alexandream
1175 481 1211 538 sd
1232 481 1308 537 Ptole-

255 605 358 644 mraum
381 595 410 643 et
430 584 616 660 Cleopatram
644 604 728 660 reges
749 587 792 646 Μ.
815 586 933 656 Atilius,
956 580 1008 648 Μ.’
1032 586 1168 653 Acilius,
1189 585 1310 660 legatird

255 691 539 751 commemorandam
562 691 818 766 renovandamque
836 691 991 748 amicitiam
1017 692 1114 762 missi,
1138 692 1217 748 dona
1233 691 1309 753 tulere,

255 798 317 874 regi
339 807 437 872 togam
460 805 489 852 et
510 795 636 852 tunicam
659 811 836 868 purpuream
858 813 923 853 cnm
947 797 1020 854 salla
1040 799 1198 868 eburnea,
1228 797 1311 871 regim

255 903 361 978 pallam
385 902 490 978 pictam
514 921 579 959 cum
601 900 725 958 amiculo
746 919 903 975 purpureo.

167 1022 179 1038 ⁰
208 999 239 1055 ¹¹
347 1009 442 1066 Multa
470 1026 506 1064 ea
538 1015 655 1076 astate,
692 1025 752 1079 qua
780 1006 841 1062 hoec
869 1004 949 1062 facta
977 1016 1059 1076 sunt,
1095 1025 1139 1063 ex
1163 1005 1309 1081 propinquis

256 1117 376 1174 urbibus
398 1113 534 1189 agrisque
554 1110 687 1168 nuntiata
708 1119 775 1167 sunt
796 1110 945 1185 prodigia:
981 1113 1107 1169 Tusculi
1136 1130 1243 1186 agnum
1262 1129 1309 1166 cun

256 1223 345 1280 ubera
375 1217 492 1278 lactanti
521 1225 637 1284 natum,
674 1215 754 1274 Iovis
783 1215 852 1272 adis
882 1191 995 1274 culmen
1024 1216 1155 1274 fulmina
1184 1217 1263 1273 ictum
1284 1233 1309 1270 rc

206 1319 348 1402 12propa
385 1323 464 1382 omui
496 1331 572 1380 tacto
606 1322 760 1390 nudatnm3
795 1321 896 1379 iisdem
925 1322 1018 1380 ferum
1047 1323 1159 1380 diebus
1188 1321 1308 1396 Anagnia

257 1443 362 1489 terram
395 1439 463 1487 ante
492 1436 607 1502 portam
637 1427 724 1482 ictam
754 1427 830 1484 diem
859 1445 895 1484 ac
923 1439 1037 1484 noctem
1066 1429 1134 1486 sine
1168 1429 1228 1484 ullo
1252 1427 1307 1501 ignis

257 1536 394 1594 alimento
426 1535 548 1601 arsisse,
584 1541 613 1588 et
641 1550 711 1588 aves
738 1533 776 1590 ad
808 1533 964 1608 compitum
988 1535 1186 1608 Anagninum
1215 1535 1243 1590 iu
1260 1534 1306 1590 lucu

208 1637 244 1694 13
257 1641 361 1699 Dianae
393 1639 477 1696 nidos
512 1639 541 1694 in
578 1636 732 1695 arboribus
767 1638 930 1713 reliquisse,
970 1639 1146 1698 Tarracinae
1186 1641 1217 1697 iu
1253 1639 1305 1696 nari

256 1746 334 1803 haud
370 1747 470 1820 procul
502 1757 587 1822 portu
621 1763 743 1820 angues*
767 1743 970 1818 magnitudinis
1001 1745 1082 1802 mirae
1113 1745 1303 1804 lascivientium

207 1849 241 1904 tt
255 1850 375 1926 piscium
399 1851 486 1908 modo
508 1852 682 1920 exsultassa;
704 1848 873 1923 Tarquiniis
894 1867 1013 1923 porcum
1033 1869 1099 1908 cum
1123 1871 1179 1910 ore
1201 1853 1303 1909 humano

254 1957 400 2032 genitum,
435 1966 464 2014 et
488 1959 518 2015 in
546 1975 618 2032 agro
649 1955 800 2031 Capenate
824 1953 861 2010 ad
889 1955 984 2011 lucum
1014 1957 1150 2014 Feroniae
1189 1965 1302 2031 quattuor

205 2059 241 2114 15
255 2063 339 2138 signa
361 2061 502 2138 sanguina
526 2061 616 2117 multo
637 2060 713 2118 diem
737 2079 772 2118 ac
794 2069 908 2117 noctem
930 2061 1061 2120 sudasse.
1098 2062 1172 2119 Haec
1191 2058 1300 2136 prodigia

255 2167 357 2224 hostiis
379 2166 537 2222 maioribus
562 2177 719 2241 procurata
743 2165 858 2222 decreto
880 2165 1065 2240 pontificum
1095 2173 1123 2221 at
1146 2163 1296 2241 snpplicatio

255 2271 331 2328 diem
353 2289 435 2326 unum
456 2273 558 2328 Rcmae
583 2271 620 2328 ad
642 2271 741 2329 omnia
763 2270 943 2346 pulvinaria,
975 2269 1099 2328 alterum
1127 2270 1156 2327 in
1179 2267 1296 2345 Capenati

259 2394 331 2450 agro
353 2375 390 2431 ad
414 2377 546 2435 Feroniae
567 2377 662 2434 lucum
684 2376 802 2436 indicta.

181 2471 202 2538 5
346 2481 388 2538 Μ.
409 2481 545 2540 Valerius
567 2483 668 2540 consul
686 2481 788 2538 litteris
810 2480 931 2550 excitus,
960 2478 1114 2553 provincia
1134 2481 1295 2552 exercituque

256 2584 394 2642 mandato
416 2583 518 2645 Cincio
539 2588 671 2664 praetori,
693 2587 737 2645 M.
759 2583 880 2641 Valerio
898 2585 1039 2643 Messalla
1061 2585 1197 2660 praefecto
1218 2583 1293 2642 classis

255 2707 319 2746 cnm
343 2701 428 2766 parte
448 2693 566 2750 navium
588 2694 617 2749 in
633 2691 765 2750 Africam
789 2691 948 2767 praedatum
974 2690 1061 2748 simul
1078 2692 1293 2767 speculatumque,

181 2801 187 2816 ⁸
224 2792 319 2870 2quae
347 2797 472 2872 populus
495 2797 741 2872 Carthaginiensis
771 2804 871 2872 ageret
891 2806 1083 2871 pararetque,
1122 2798 1221 2865 misso,
1248 2795 1293 2868 ipe

254 2900 352 2958 decem
379 2902 502 2960 navibus
526 2905 650 2962 Romam
673 2903 829 2978 profectus,
860 2921 947 2976 quum
972 2871 1114 2977 prospbre
1135 2901 1292 2978 pervenisset.

254 3016 386 3063 senatum
416 3010 561 3085 extemplo
590 3009 712 3080 habuit,
752 3008 804 3064 nbi
831 3007 867 3066 de
893 3007 953 3065 suis
973 3009 1062 3064 rebus
1084 3008 1173 3083 gestis
1192 3021 1290 3064 comme

224 3113 389 3172 amoravii.
434 3113 530 3187 Quum
553 3131 645 3170 annos
667 3133 758 3189 propa
773 3113 927 3188 sexaginta
939 3113 968 3169 in
984 3112 1085 3170 sieilia
1100 3111 1290 3182 terrarumque

254 3218 367 3292 magnis
389 3237 465 3294 soepe
486 3220 616 3276 cladibus
640 3219 777 3276 bellatum
800 3229 892 3288 asset,
913 3235 945 3274 se
968 3236 1032 3273 eam
1048 3219 1223 3293 provinciam
1240 3231 1289 3271 coo·

225 3322 366 3384 dfecisse.
415 3325 567 3382 Neminem
596 3323 866 3400 Carthaginiensem
893 3326 921 3380 in
943 3323 1043 3382 Sicilia
1065 3343 1144 3393 esse;
1176 3321 1287 3380 neminen

255 3429 382 3488 Siculum
405 3448 462 3487 non
486 3447 564 3500 esse3
605 3429 655 3503 qui
681 3431 775 3504 fugati
804 3440 882 3487 metu
903 3428 971 3486 inde
993 3428 1136 3500 afuerint,
1169 3421 1286 3484 omnesiu

224 3536 357 3605 burbes,
378 3535 407 3591 in
430 3553 516 3609 agros
541 3553 610 3592 snos
631 3537 766 3594 reductos
788 3554 889 3605 arare3
919 3534 1063 3618 desertam
1087 3535 1175 3592 recoli
1199 3542 1285 3594 tamma

254 3639 369 3696 tandem
402 3639 571 3715 frugiferam
600 3639 670 3714 ipsis
702 3639 860 3696 cultoribus
892 3640 1060 3716 populoque
1088 3642 1218 3698 Romano
1236 3649 1285 3710 pan

224 3751 289 3807 (iac
316 3745 390 3803 bello
418 3746 587 3802 fidissimum
617 3763 739 3802 annonae
769 3744 937 3806 subsidium.
986 3745 1064 3802 Exin
1085 3746 1216 3814 Muttine,
1233 3737 1283 3798 atti

254 3869 377 3925 quorum
410 3850 533 3909 aliorum
565 3852 668 3910 merita
697 3868 768 3925 erga
795 3851 933 3926 populum
963 3851 1129 3908 Romanum
1158 3857 1242 3913 eram,
1265 3842 1283 3896 it

254 3964 384 4010 senatum
406 3956 593 4025 introductis,
625 3957 751 4012 honores
784 3956 917 4014 omnibus
940 3956 979 4011 ad
1000 3955 1203 4012 exsolvendam
1222 3950 1281 4007 fldem
