2700 4426
388 157 466 206 arser
483 156 585 209 xxvt.
622 157 668 220 (Δ.
685 156 822 218 auaro.)
1054 162 1092 217 49

69 341 128 396 iam
167 339 261 396 maius
296 337 544 414 precatur'deom
582 359 668 414 quam
701 351 733 397 ut
760 341 895 397 incolumi
925 341 1135 416 cederentque

72 445 152 502 abire
180 463 216 502 ex
241 445 366 501 hostium
395 453 474 513 terra
499 445 591 503 liceat.
637 445 713 519 Quid
742 447 831 521 igitur
858 447 951 502 miuus
972 448 1134 518 conveniet,
1152 455 1185 508 17

72 549 193 618 milites,
216 567 320 622 quam,
344 568 431 623 quum
456 549 519 606 atiae
540 527 628 625 super
651 550 724 607 alias
746 551 842 608 clades
864 550 1079 608 cumularentur
1101 571 1135 608 ac

72 655 100 712 di
126 674 219 730 prope
241 656 296 730 ipsi
318 674 382 712 cum
406 655 571 712 Hannibale
593 665 711 726 starent,
734 674 787 710 vos
808 655 855 712 hio
877 673 940 711 cum
967 656 1134 728 perentibus

72 761 143 817 meis
165 763 326 835 (aequentur
347 760 421 816 enim
440 760 526 816 etiam
536 761 647 817 honore
657 758 794 831 nominis)
807 760 976 816 sustinuisse
987 761 1132 819 labantem

70 864 216 922 fortunam
239 865 339 942 populi
361 865 495 936 Romani,
517 884 593 923 nunc
617 866 744 934 eosdem,
767 883 853 938 quum
876 866 933 920 iam
957 865 1015 921 illic
1037 867 1134 921 omnia

71 973 198 1028 secunda
228 971 351 1044 laetaque
372 981 454 1042 sunt,
491 970 594 1027 animis
616 969 756 1044 deficere?
810 971 914 1043 Nuper
936 989 1053 1043 quoque
1073 989 1134 1043 qua
1152 967 1185 1020 18

71 1075 250 1143 acciderunt,
282 1075 391 1132 utinam
413 1083 472 1132 tem
495 1077 557 1132 sine
579 1095 643 1133 meo
664 1076 742 1131 luctu
766 1095 852 1150 quam
862 1071 886 1149 ¹)
908 1083 997 1130 vestro
1019 1078 1134 1131 transis·

71 1190 137 1237 sent.
191 1179 274 1236 Nunc
304 1177 345 1238 dii
372 1182 537 1237 immortales
557 1183 665 1254 imperii
683 1180 803 1236 Romani
820 1182 969 1254 presides,
1006 1183 1055 1254 qvi
1074 1198 1133 1236 cen-

72 1289 151 1342 turiis
172 1287 302 1356 omnibus,
333 1297 365 1343 ut
396 1287 462 1343 milti
491 1287 632 1360 imperium
658 1287 778 1343 iuberem
797 1287 870 1357 dari,
893 1288 976 1358 fetere
997 1295 1133 1358 auctores,

71 1392 152 1448 iidem
179 1395 303 1464 aupuriis
329 1394 513 1466 auspiciisque
540 1400 565 1447 et
590 1409 642 1465 per
673 1401 818 1447 nocturnos
845 1394 925 1447 etiam
947 1394 1023 1447 visus
1044 1396 1158 1448 omnia-

72 1496 135 1552 loeta
169 1515 203 1553 ac
234 1516 373 1572 prospera
395 1498 572 1572 portendunt.
622 1494 739 1552 Animus
767 1514 873 1570 quoque
894 1515 977 1565 meus,
999 1501 1134 1554 movimus
1152 1493 1184 1546 ¹9

70 1602 137 1657 rniii
158 1603 198 1657 ad
221 1603 270 1658 hoc
295 1613 398 1677 ternpus
419 1612 508 1671 vates,
539 1603 691 1676 prasapit,
726 1611 849 1658 nostram
873 1601 1039 1676 Hispaniam
1067 1623 1133 1672 esse,

71 1705 147 1761 brevi
174 1715 281 1763 estorre
307 1708 368 1763 hiric
396 1725 472 1763 omne
496 1707 630 1762 Punicum
654 1724 748 1761 nomen
770 1709 860 1762 maria
890 1717 1033 1782 terrasque
1051 1709 1131 1781 foeda

62 1811 136 1882 supa
162 1812 343 1884 impleturum.
397 1809 478 1878 Quod
504 1830 578 1867 mens
606 1830 657 1866 sua
683 1818 777 1884 sponte
799 1811 911 1881 divinat,
933 1813 1004 1869 idem
1026 1815 1133 1871 subiicit
1147 1806 1184 1861 20

69 1918 141 1971 ratio
162 1916 240 1972 haud
253 1918 358 1991 fotian.
402 1916 501 1974 Vevati
519 1917 554 1972 ab
579 1918 613 1973 iis
636 1919 704 1972 socii
718 1925 840 1972 nostram
850 1917 936 1988 fidem
955 1936 1010 1992 per
1029 1920 1131 1991 lepatos

70 2021 226 2093 implorant.
275 2021 341 2076 {I'res
363 2021 444 2077 duces
466 2021 669 2090 discordantes,
697 2041 787 2096 prope
808 2032 838 2079 ut
859 2023 1005 2096 defecerint
1025 2024 1076 2079 alii
1095 2025 1131 2079 ab

68 2127 140 2194 aliis,
173 2128 311 2200 trifariam
346 2128 490 2182 sauciatus
525 2129 552 2182 in
567 2185 571 2190 ,
585 2126 785 2182 diversissimae
816 2130 937 2199 reqiones
966 2128 1129 2184 distraxere.

66 2229 176 2286 Eadem
198 2234 225 2287 in
248 2233 310 2288 illos
331 2233 436 2303 inpruit
448 2232 581 2304 fortuna,
605 2250 665 2305 qua
685 2250 773 2305 nuper
794 2250 843 2288 nos
865 2233 983 2306 affttsta·
1019 2252 1083 2289 nam
1105 2244 1131 2290 et
1144 2230 1178 2286 21

68 2336 231 2393 deseruntur
252 2337 287 2392 ab
309 2339 406 2408 sociis,
440 2346 471 2393 ut
496 2340 579 2412 prius
606 2337 641 2392 ab
673 2335 813 2393 Celtiberis
842 2355 907 2406 nos,
939 2345 966 2393 et
999 2337 1131 2396 diducere

68 2444 209 2510 coercitus,
230 2461 291 2517 quie
303 2445 385 2517 patri
401 2453 559 2517 patruoque
579 2461 637 2498 meo
658 2460 746 2498 causa
768 2439 844 2498 esitii
856 2444 936 2515 [τινές
960 2461 1008 2499 nec
1023 2444 1129 2501 discor·
1146 2443 1183 2497 22

68 2544 116 2600 dia
137 2547 262 2601 intestina
284 2550 355 2603 coire
376 2566 421 2603 eos
441 2551 469 2603 in
489 2566 572 2603 unum
587 2549 665 2616 sinet,
686 2565 773 2620 neque
792 2549 895 2619 sinpuii
908 2548 985 2604 nobis
1006 2552 1130 2605 resistere
1209 2587 1216 2601 .

61 2658 202 2722 poterunt.
255 2651 308 2707 Vos
329 2652 424 2721 modo,
447 2654 558 2722 milites,
583 2655 678 2726 fauete
705 2653 806 2707 nomini
832 2649 1006 2725 Scipionum,
1042 2655 1131 2711 suboli

67 2757 262 2828 imperatorum
283 2766 435 2814 vestrorum
462 2759 535 2814 velut
555 2760 653 2814 aedas
673 2759 833 2813 recrescenti
852 2755 992 2828 stirpibus.
1037 2757 1128 2830 Apita
1145 2762 1182 2815 23

67 2862 166 2917 milites
201 2871 318 2931 veteres,
353 2881 451 2917 novum
492 2865 637 2918 coercitum
676 2879 827 2934 novumque
865 2861 960 2916 ducem
996 2863 1130 2919 traducite
1216 2915 1224 2921 .

67 2965 217 3037 Hiberum,
251 2968 386 3024 traducite
412 2969 440 3023 in
470 2977 560 3024 terras
589 2985 647 3024 curn
668 2967 761 3022 multis
774 2966 898 3040 sortibus
911 2968 1000 3038 factis
1013 2982 1092 3042 ‘saepe
1113 2989 1131 3024 a

67 3073 143 3128 vobis
162 3082 339 3146 perapratas.
382 3072 471 3128 Brevi
482 3075 607 3146 faciam,
628 3081 674 3141 ut,
702 3071 930 3145 quemadmodum
951 3091 1021 3128 nunc
1044 3078 1130 3132 nosci-
1143 3076 1182 3132 24

68 3179 133 3232 tatis
165 3179 192 3232 in
225 3198 267 3234 me
297 3180 392 3252 patris
418 3183 573 3254 patruique
605 3176 806 3234 similitudinem
843 3179 899 3233 oris
931 3179 1076 3252 vultusque
1106 3191 1132 3237 et

68 3278 228 3335 lineamenta
258 3285 396 3356 corporis,
429 3284 469 3338 ita
496 3287 603 3358 inponit
623 3284 694 3357 fidei
726 3284 888 3355 uirtutisque
917 3284 1029 3355 effipiam
1055 3287 1182 3347 vebistis

67 3383 192 3452 reddam,
213 3395 244 3442 ut
267 3389 396 3442 revisisse
419 3396 468 3443 aut
490 3393 614 3441 renatum
633 3385 686 3440 sibi
705 3389 821 3460 quisque
836 3386 988 3460 Scipionem
1009 3391 1129 3464 impera·

68 3494 152 3542 torem
174 3487 277 3546 dicat.“

166 3593 230 3651 Hac
252 3600 372 3653 oratione
395 3597 515 3652 accensis
535 3597 649 3651 miiitum
668 3597 774 3662 animis,
798 3597 892 3652 relicto
913 3598 953 3654 ud
966 3604 1127 3674 presidium
1181 3609 1225 3677 42

67 3698 183 3768 repionis
210 3703 267 3757 eius
290 3704 333 3763 M.
356 3701 452 3758 Silano
480 3719 540 3757 cum
563 3702 650 3757 tribvs
670 3701 790 3756 millibus
806 3702 931 3775 peditum
955 3715 982 3761 et
1003 3714 1126 3766 trecentis

66 3819 263 3831 ——-.-

102 3854 125 3923 ¹)
155 3859 259 3921 Omnia
288 3877 344 3925 quoe
368 3876 449 3924 usque
472 3861 504 3909 ed
528 3861 627 3909 initium
651 3875 674 3912 c.
699 3865 731 3906 44
750 3859 877 3908 inclinatis
895 3860 985 3912 litteris
1004 3865 1128 3928 impressa

150 3929 1125 3997 leguntur,abhomiuedoctosaeculoquintodecimoextremosuppletasuut.

92 4033 157 4072 Livius
174 4045 196 4070 ex
211 4044 251 4070 reo.
267 4031 363 4082 tncvigtt.
394 4035 425 4072 W.
911 4029 926 4070 4
