2678 4560
297 225 354 282 ¹08
555 222 634 272 Liber
652 221 767 276 xxvn.
805 221 853 284 (Δ.
868 235 892 271 n.
908 237 931 275 o.
945 221 1019 286 547.)

250 425 389 484 prospere
419 404 585 482 gereretur?
634 406 741 462 Adhuc
766 406 891 464 adversa
922 407 1057 466 secundis
1085 408 1239 482 pensando
1259 427 1297 464 ren
1323 459 1324 498 q

220 504 289 571 3ud
320 513 350 571 id
384 521 499 587 tempus
534 517 696 568 extractam
730 525 802 565 esse.
849 509 946 582 Quum
978 512 1008 569 in
1038 512 1127 571 Italia
1149 513 1191 569 ad
1214 515 1298 570 Trasu-
1323 569 1324 576 ,

250 637 385 676 mannum
410 626 439 674 et
460 615 577 675 Cannas
599 615 808 690 praecipitasset
828 617 965 674 Romana
985 636 1052 688 res,
1081 637 1227 694 prospera
1248 619 1299 674 bellu
1323 595 1324 602 i

217 715 235 770 4
250 725 279 782 in
296 723 442 799 Hispania
463 722 630 796 prolapsam
653 737 716 778 cam
736 721 878 792 erexisse;
899 732 1011 798 postea,
1029 742 1120 798 quum
1135 725 1169 782 in
1180 725 1300 799 Hispania

250 829 308 887 alia
329 847 417 904 super
444 827 531 884 aliam
554 826 660 898 clades,
683 827 797 884 duobus
819 827 942 903 egregiis
958 829 1082 886 ducibus
1099 830 1225 902 amissis,
1249 831 1298 886 duuu

250 934 393 992 exercitus
415 953 452 991 ex
474 940 558 1008 parte
580 932 712 1002 delesset,
733 931 825 989 multe
846 933 975 990 secunda
1000 933 1030 989 in
1053 933 1144 991 Italia
1167 934 1299 1009 Siciliaque

219 1037 331 1116 5gesta
357 1047 526 1114 quassatam
552 1057 613 1096 rem
635 1038 781 1115 publicam
797 1035 956 1112 excepisse,
978 1038 1122 1113 etipsum
1139 1041 1297 1098 interuallum
1324 1105 1325 1112 q

248 1145 319 1214 loci,
352 1145 430 1218 quod
457 1145 487 1202 in
509 1143 616 1202 ultimis
638 1152 779 1200 terrarum
806 1143 864 1200 oris
886 1143 1007 1200 alterum
1031 1142 1144 1201 bellum
1166 1157 1298 1221 gereretur.
1324 1201 1325 1206 ,

217 1245 372 1326 ssspatium
402 1249 515 1308 dedisse
543 1249 580 1306 ad
607 1248 826 1324 respirandum
861 1265 937 1306 nuuc
964 1248 1023 1304 dno
1052 1249 1134 1308 bella
1155 1251 1185 1307 in
1206 1252 1297 1308 Italian

249 1365 383 1434 accepta,
418 1355 476 1412 duo
509 1353 688 1412 celeberrimi
720 1352 844 1410 nominis
880 1353 967 1410 duces
1003 1353 1197 1412 circumstare
1211 1358 1297 1412 ‘urben

247 1463 429 1530 Romanam,
465 1467 493 1516 et
519 1477 607 1516 unum
637 1459 667 1516 in
693 1458 788 1514 locum
814 1465 905 1515 totam
928 1457 1050 1532 periculi
1073 1460 1201 1531 molem,
1234 1479 1297 1517 onus

247 1585 320 1623 onus
349 1565 532 1632 incubuisse;
563 1564 614 1638 qui
643 1582 742 1620 eorum
766 1563 847 1638 prior
870 1563 1002 1631 vicisset,
1034 1564 1115 1621 intro
1134 1585 1238 1641 pausos
1257 1569 1297 1622 dtu

217 1667 341 1728 leuatus
373 1689 438 1728 cum
473 1668 565 1726 altero
595 1669 768 1726 iunctorum.
817 1669 962 1726 Terrebat
992 1677 1022 1725 et
1048 1670 1204 1744 proximus
1225 1689 1296 1728 annus
1315 1684 1326 1742 ᾗ

247 1776 377 1852 lugubris
400 1776 522 1833 duorum
545 1773 695 1831 consulum
717 1771 876 1833 funeribus.
922 1773 979 1829 His
995 1774 1079 1831 anxii
1097 1777 1295 1834 cuuishomine·

216 1874 440 1958 Sdigredientes
471 1880 499 1938 in
532 1878 698 1954 prouincias
718 1879 851 1936 eonsules
872 1879 1019 1954 prosecuti
1041 1889 1120 1937 sunt.
1169 1882 1296 1938 Memoria
1317 1939 1326 1953 .*

247 1988 393 2062 proditum
415 1995 468 2056 est,
489 1984 606 2059 plenum
629 1983 724 2041 adhuc
748 1984 797 2040 irae
816 1984 845 2041 in
861 1983 939 2040 cives
954 1985 996 2041 M.
1010 1984 1130 2041 Livium
1154 1985 1193 2042 ad
1211 1985 1294 2041 bellun

247 2092 475 2166 proficiscentem
498 2087 624 2146 monenti
648 2087 682 2159 Q.
706 2089 811 2157 Fabio,
833 2107 878 2158 ne,
893 2088 1064 2164 priusquam
1080 2106 1174 2164 genus
1191 2091 1294 2147 hostium

248 2203 411 2270 cognosset,
433 2202 541 2252 temere
565 2211 682 2250 manum
704 2202 878 2264 consereret,
899 2193 1097 2268 respondisse,
1118 2195 1170 2251 ubi
1192 2195 1292 2270 primun

217 2289 373 2355 9h0suium
397 2317 501 2374 agmen
524 2298 732 2374 conspexisset,
754 2306 960 2373 pugnaturum.
1010 2298 1109 2371 Quum
1135 2309 1294 2374 quareretur.
1324 2335 1327 2392 q

249 2421 312 2479 quaa
335 2421 425 2461 causa
445 2403 602 2462 festinandi
623 2411 707 2473 esset,
732 2404 814 2471 „Aut
836 2421 873 2460 ex
895 2404 979 2460 hoste
1000 2403 1151 2478 egregiam
1175 2405 1291 2480 gloriam·
1324 2456 1325 2460 ,

247 2509 341 2582 inquit
364 2517 434 2578 „aut
455 2530 492 2567 ex
515 2509 627 2566 civibus
648 2508 731 2565 victis
753 2509 891 2584 gaudium
916 2509 1050 2566 meritum
1074 2519 1164 2582 certe,
1186 2510 1232 2568 atsi
1250 2527 1291 2564 nou
1324 2493 1325 2528 ¹

248 2617 410 2685 honestum,
433 2615 576 2691 capiem.“

199 2712 234 2765 10
331 2719 507 2794 Priusquam
538 2718 678 2776 Claudius
711 2717 812 2774 consul
840 2718 869 2775 in
900 2717 1081 2792 provinciam
1105 2720 1227 2790 veniret,
1256 2734 1290 2791 peu

249 2831 408 2880 extremum
432 2826 518 2880 finem
542 2823 606 2899 agri
628 2823 779 2900 Tarentini
803 2823 954 2879 ducentem
976 2822 1006 2878 in
1029 2823 1208 2882 Sallentinos
1229 2841 1288 2880 exer·

167 2958 172 2966 ·
248 2927 334 2984 citum
362 2927 556 2986 Hannibalem
590 2929 731 3003 expeditis
764 2929 932 2987 cohortibus
960 2927 1081 2985 adortus
1113 2929 1147 2991 C.
1176 2927 1287 2987 Hostilius
1325 2877 1327 3034 ἓ

91 3109 96 3114 ¹
199 3033 230 3086 ll
247 3033 382 3090 Tubulus
411 3032 605 3108 incomposito
637 3032 745 3106 agmini
777 3032 934 3091 terribilem
958 3034 1112 3090 tumultum
1138 3035 1239 3102 intulit;
1265 3029 1287 3086 ud

249 3145 387 3212 quattuor
409 3138 500 3195 millia
521 3139 670 3194 hominum
693 3137 806 3206 occidit,
838 3156 943 3194 novem
965 3138 1050 3212 signa
1072 3139 1210 3197 militaria
1228 3136 1286 3210 cepit

248 3243 384 3298 Moverat
414 3261 451 3299 ex
479 3243 606 3300 hibernis
629 3242 667 3298 ad
693 3241 803 3300 famam
825 3244 918 3302 hostis
939 3243 976 3316 Q.
999 3243 1157 3314 Claudius,
1193 3244 1236 3317 qui
1253 3257 1286 3315 per
1326 3221 1327 3226 ἵ

102 3421 105 3428 ⁴
198 3344 233 3399 12
247 3349 333 3405 urbes
370 3348 432 3424 agri
466 3346 617 3405 Sallentini
647 3358 744 3406 eastra
776 3350 918 3425 disposita
952 3349 1090 3408 habebat.
1139 3351 1237 3424 Itaque
1263 3361 1286 3400 ue

246 3470 310 3509 cum
344 3451 457 3508 duobus
493 3452 667 3509 exercitibus
702 3451 788 3508 simul
820 3452 1003 3528 confligeret,
1048 3455 1198 3513 Hannibal
1226 3460 1285 3510 noete

246 3563 342 3612 cestra
373 3574 409 3612 ex
440 3574 512 3631 agre
542 3557 702 3615 Tarentino
729 3556 822 3614 movit
844 3566 931 3632 atque
952 3558 982 3615 in
1008 3559 1139 3617 Bruttios
1161 3556 1284 3617 conemsit·

197 3657 232 3714 13
246 3657 384 3716 Claudius
415 3661 445 3717 in
474 3661 648 3720 Sallentinos
682 3679 786 3736 agmen
824 3664 982 3734 convertit,
1014 3664 1158 3722 Hostilius
1179 3662 1284 3737 Capuan

195 3766 230 3819 14
244 3771 346 3839 petens
359 3765 462 3823 obrius
478 3764 515 3824 ad
528 3765 687 3824 Venusiam
707 3765 763 3824 fuit
777 3768 887 3826 consuli
899 3766 1033 3826 Claudio.
1080 3769 1129 3827 Ibi
1138 3788 1174 3826 ex
1187 3777 1283 3837 unoque

244 3869 371 3928 exercitu
394 3871 485 3928 electa
506 3871 634 3947 peditum
657 3872 851 3948 qnadraginta
868 3873 958 3930 millia
972 3875 1045 3931 οῖ’*
1065 3875 1182 3949 equites,
1203 3870 1283 3946 quibus
