2700 4426
404 189 484 240 Liber
495 190 589 245 XXV.
625 189 673 253 (A.
688 190 734 242 cu
748 190 820 254 212.)
1045 160 1103 253 263

82 375 188 447 bostis,
220 376 308 432 duces
329 375 413 448 Poeni
435 375 560 432 assecuti
582 375 620 432 ab
641 384 724 450 tergo
745 375 806 431 iam
826 384 1003 450 pugnantem
1025 395 1163 452 anceps-2

85 498 141 553 que
161 481 293 556 prmlium
310 483 467 539 Romanos
481 479 718 551 circumstet-erat,
740 481 875 548 incertos,
896 480 926 536 in
949 499 1033 554 quem
1055 482 1145 556 potis·

83 584 188 641 simum
216 587 328 642 hostem
359 603 484 659 quamve
509 586 541 641 in*
561 583 682 660 'partem
711 585 833 644 conferti
860 585 1037 660 eruptionem
1066 585 1144 643 face·

84 699 156 750 rant.
204 691 352 765 Pugnanti
382 690 568 764 hortantique
595 691 764 766 imperatori
798 700 827 747 et
856 690 987 748 offerenti
1020 710 1064 761 se,
1096 692 1144 748 ubi
1161 692 1193 747 ll

84 796 224 870 plurimus
246 797 330 854 labor
351 806 430 865 erat,
454 796 530 852 lat-us
552 794 685 853 deritrum
709 779 812 853 lancea
843 791 995 866 traiicitur3
1023 815 1144 854 cuneus·
1188 843 1196 857 .

23 908 37 920 ⁸
83 903 187 974 queis
208 903 345 970 hostiurn,
367 903 416 976 qui
438 901 468 958 in
484 901 629 959 confertos
645 902 722 959 circa
743 903 844 958 ducem
868 903 1005 989 impetum
1027 901 1145 972 fecerat,

85 1015 118 1064 ut
138 1008 299 1064 exanimem
323 1008 466 1065 labentem
490 1025 527 1064 ex
548 1025 624 1080 equo
647 1006 811 1081 Scipionem
837 1007 918 1076 vidit,
940 1009 1051 1065 alacres
1072 1027 1144 1082 gau·
1205 1041 1211 1050 ·

83 1113 133 1169 dio
157 1131 221 1170 cum
245 1113 371 1170 clamore
392 1132 445 1187 per
465 1122 556 1169 totam
584 1112 674 1169 aciem
697 1113 862 1170 nuntiantes
885 1112 1060 1182 discurrunt,
1091 1112 1145 1168 im·

83 1228 247 1292 peratorem
270 1219 434 1275 Romanum
456 1219 601 1274 cecidisse.
644 1218 691 1274 Ea
713 1228 874 1292 pervagata
894 1217 1001 1292 passim
1023 1235 1092 1287 vox,
1113 1225 1147 1274 ut
1161 1215 1197 1273 12

84 1330 114 1376 et
145 1323 244 1380 hostes
273 1324 351 1380 haud
381 1325 467 1380 dubie
494 1342 547 1397 pro
576 1322 735 1379 victoribus
764 1332 792 1379 et·
824 1323 949 1380 Romani
978 1342 1031 1397 pro
1061 1321 1145 1378 victis

82 1436 195 1498 essent,
230 1427 307 1489 fecit.
342 1430 453 1504 ³Fuga
488 1428 637 1487 confestim
672 1446 708 1483 ex
743 1428 805 1484 acie
841 1428 913 1484 duce
945 1428 1052 1484 amisso
1084 1428 1146 1484 fieri
1162 1429 1197 1484 13

84 1542 182 1606 coepta
203 1543 271 1602 est3=
284 1544 409 1592 ceterum
436 1545 467 1591 ut
488 1536 525 1591 ad
550 1533 756 1608 erumpendum
778 1533 854 1589 inter
868 1533 1011 1590 Numidas
1025 1533 1146 1589 levium·
1210 1595 1213 1598 Δ

84 1654 142 1710 que
175 1656 320 1696 armornm
355 1642 413 1697 alia
442 1641 551 1697 auxilia
579 1641 656 1696 haud
687 1638 811 1696 difficilis
843 1647 915 1707 erat,
937 1636 989 1711 lita
1019 1636 1146 1712 effugere
1162 1642 1196 1696 tt

83 1750 197 1798 tantum
229 1746 357 1817 equitum
380 1747 610 1820 aequantiumque
631 1764 721 1820 equos
749 1744 904 1802 velocitate
935 1743 1063 1818 peditum
1095 1744 1146 1800 vix

82 1856 234 1921 poterant,
263 1851 387 1925 caesique
405 1870 497 1926 prope
519 1852 615 1927 plures
636 1852 666 1906 in
688 1851 759 1924 fuga
781 1868 868 1923 quam
889 1850 919 1906 in
941 1867 1040 1924 pugna
1067 1855 1145 1914 sunt;

81 1970 136 2010 nec
157 1953 347 2029 superfuisset
368 1956 536 2030 quisquam,
567 1957 597 2012 ni
621 1955 761 2031 praecipiti
781 1954 839 2010 iam
867 1954 904 2010 ad
925 1968 1077 2026 vesperum
1100 1951 1146 2007 die

82 2075 144 2114 nox
165 2059 373 2121 intervenisset.

167 2164 256 2222 Haud
278 2167 404 2240 segniter·
425 2165 491 2222 inde
522 2165 609 2221 duces
630 2164 715 2221 Poeni
735 2164 853 2221 fortune
883 2163 928 2220 usi
958 2160 1107 2218 confestim
1130 2181 1146 2218 e
1197 2156 1242 2227 35

83 2270 198 2344 proelio,
219 2271 270 2325 vix
292 2271 456 2326 necessaria
478 2271 573 2344 quiete
592 2271 663 2326 data
690 2270 842 2339 militibus,
872 2269 908 2324 ad
930 2267 1145 2324 Hasdrubalem

30 2418 33 2425 .
83 2375 262 2431 Hamilcaris
297 2375 414 2432 citatum
444 2396 547 2452 agmen
580 2375 711 2450 rapiunt,
747 2393 805 2431 non
839 2373 928 2430 dubia
962 2391 1028 2448 spe,
1064 2375 1089 2428 si
1119 2391 1148 2428 ae

83 2480 317 2547 coniunxissent,
349 2480 487 2536 debellari
518 2499 614 2556 posse.
670 2480 737 2553 Quo
771 2479 821 2537 ubi
843 2490 886 2536 est
907 2489 1043 2549 ventum,
1074 2479 1178 2535 inter2

84 2586 227 2642 exercitus
260 2586 404 2659 ducesque
440 2587 562 2643 victoria
597 2585 705 2643 recenti
738 2585 820 2642 laetos
855 2584 1011 2659 gratulatio
1046 2585 1147 2659 ingens

82 2689 178 2760 faeta,
224 2690 400 2765 imperatore
446 2700 527 2747 tanto
576 2709 640 2748 oum
684 2690 762 2746 omni
808 2689 935 2746 exercitu
978 2689 1072 2746 delato
1120 2701 1149 2747 et

83 2795 206 2852 alteram
252 2816 306 2870 pro
346 2797 424 2854 haud
468 2798 557 2853 dubia
599 2814 699 2869 parem
740 2797 891 2852 victoriam
935 2804 1146 2869 exspectantes.

85 2901 136 2959 Ad
167 2903 317 2958 Romanos
349 2903 475 2959 nondum
509 2878 624 2975 quidem
659 2900 739 2957 fama
772 2908 859 2956 tantae
890 2899 980 2956 cladis
1008 2899 1179 2974 parvane-3

84 3018 147 3078 rat,
184 3007 235 3064 sed
271 3016 401 3064 maestum
437 3007 583 3081 quoddam
617 3006 759 3063 silentium
793 3015 856 3062 erat
887 3013 916 3061 et
953 3006 1044 3062 tacita
1076 3004 1149 3060 divi·

84 3113 183 3183 natio,
221 3113 316 3186 qualis
351 3114 410 3168 iam
446 3113 685 3187 praesagientibus
725 3111 828 3168 animis
868 3109 1042 3168 imminentis
1080 3100 1149 3167 mali

85 3237 151 3276 osse
177 3218 259 3276 solet.
313 3218 479 3291 Imperator
500 3219 576 3293 ipse,
609 3227 800 3292 praeterquam
835 3216 922 3291 quod>
941 3217 978 3274 ab
1005 3216 1092 3273 sociis
1118 3202 1181 3272 sed

85 3324 242 3394 desertum,
264 3322 390 3379 bostium
412 3331 523 3379 tantum
551 3333 652 3380 auctas
674 3322 775 3397 copias
799 3321 955 3392 sentiebat,
984 3321 1150 3379 coniectura

86 3431 173 3486 etiam
208 3437 236 3485 et
270 3427 384 3485 ratione
425 3428 463 3484 ad
492 3428 684 3503 suspicionem
715 3436 841 3503 acceptae
871 3428 961 3484 cladis
992 3445 1079 3500 quarn
1113 3427 1149 3482 ad

86 3533 175 3591 ullam
198 3536 305 3591 bonam
339 3551 418 3607 spem
450 3534 570 3607 pronior
596 3542 672 3590 erat:
706 3552 832 3606 quonam
865 3533 952 3589 modo
974 3531 1049 3587 onim
1071 3530 1182 3587 Has-5

86 3639 237 3696 drubalem
257 3658 292 3696 ac
314 3639 488 3712 Magonem,
521 3638 577 3694 nisi
598 3636 749 3694 defunctos
771 3637 938 3707 suo‘bello,
968 3637 1031 3693 sine
1057 3645 1151 3694 certa·

86 3743 165 3800 mine
205 3744 349 3800 adducere
384 3743 540 3800 exercitum
577 3741 725 3818 potuisse?
769 3743 915 3816 quomodo
952 3751 1048 3799 autern
1092 3741 1182 3798 nono

84 3848 235 3905 obstitisse
260 3858 311 3905 aut
332 3851 369 3905 ab
394 3829 478 3924 tergo
499 3859 627 3906 secutum
649 3849 779 3918 fratrem,
802 3856 842 3918 ut,
864 3848 887 3904 si
908 3847 1071 3922 prohibere,
1094 3865 1152 3921 quo

75 3952 184 4011 minus
215 3953 246 4010 in
280 3966 367 4011 unum
398 3955 509 4011 coirent
542 3962 571 4011 et
599 3955 687 4011 duces
710 3962 739 4011 et
759 3952 902 4010 exercitus
923 3953 1059 4025 hostium,
1094 3969 1152 4009 non
1199 3966 1203 3987 ²
1245 3969 1247 3973 ·
