2700 4426
429 236 507 287 siser
523 237 626 287 xx111.
663 239 710 302 (Α.
723 234 772 288 ot.
788 241 885 302 ara).
998 304 1003 312 ,
1080 242 1133 302 tat

106 417 198 491 pani,
229 416 300 474 nibil
329 419 484 478 admodum
517 420 628 479 viribus
656 423 715 503 suis
737 422 872 496 fidentes,
902 423 1001 498 egredi
1026 425 1119 499 portis
1149 434 1178 488 et

106 531 211 580 castra
236 532 303 581 ante
331 526 431 583 urbem
458 526 488 582 in
519 535 621 603 aperto
648 527 835 588 communire.
882 527 942 587 Sex
970 526 1059 586 millia
1080 546 1177 587 arma·
1193 534 1224 587 tl

111 636 208 685 torum
236 630 397 702 habebant,
429 633 554 706 peditem
582 632 744 702 imbellem,
775 633 904 707 equitatu
931 630 997 708 plus
1029 642 1178 709 poterant;

108 734 213 809 itaque
234 737 416 810 equestribus
443 737 552 812 proeliis
583 737 766 794 lacessebant
776 739 910 795 ‚hostem
963 738 1045 795 Inter
1071 740 1177 798 multos
1192 743 1228 797 ¹2

110 839 225 896 nobiles
246 840 357 916 equites
380 840 547 917 Campanos
570 841 708 900 Cerrinus
728 842 873 899 Vibellius
895 851 974 913 erat,
1006 847 1177 918 cognomine

110 945 241 1006 Taurea.
299 945 380 1004 Civis
411 947 536 1004 indidem
570 955 647 1018 erat,
678 946 766 1021 longe
797 947 924 1004 omnium
960 945 1176 1023 Campanorum

107 1049 287 1109 fortissimus
316 1068 419 1125 eques,
451 1053 525 1109 adeo
553 1062 598 1124 ut,
630 1071 718 1127 quum
748 1052 825 1126 apud
855 1054 1005 1109 Romanos
1032 1036 1178 1123 militaret,

106 1174 187 1212 unus
209 1174 273 1213 eum
295 1159 445 1215 Romanus
468 1156 607 1215 Claudius
631 1158 749 1216 Asellus
776 1157 870 1232 gloria
892 1157 1019 1230 equestri
1040 1166 1177 1232 aequaret.

110 1263 198 1318 Tunc
213 1263 340 1331 Taurea,
358 1280 445 1335 quum
461 1253 510 1319 din
525 1263 704 1337 perlustrans
726 1262 817 1320 oculis
832 1263 1030 1337 obequitasset
1049 1262 1176 1319 hostium
1192 1266 1228 1320 13

109 1365 224 1436 turmis,
245 1367 362 1423 tandem
384 1366 497 1423 silentio
519 1365 607 1437 facto,
630 1369 680 1425 ubi
704 1375 778 1424 esset
794 1366 933 1435 Claudius
949 1367 1076 1437 Asellus,
1098 1386 1176 1441 quaa·

104 1469 196 1541 sivit,
229 1479 266 1543 et,
294 1471 430 1544 quoniam
458 1472 555 1529 vorbis
577 1490 673 1528 secum
703 1473 739 1528 de
765 1471 872 1528 virtute
900 1471 1047 1546 ambigere
1074 1472 1175 1529 solitus
1192 1479 1224 1532 tt

110 1586 197 1644 esset,
231 1595 282 1633 cur
302 1595 361 1633 non
382 1575 460 1633 ferro
482 1577 648 1633 decerneret
673 1577 814 1648 daretque
836 1575 935 1650 opima
961 1576 1056 1650 spolia
1082 1575 1175 1635 victus
1220 1634 1224 1639 .

108 1689 164 1737 ant
184 1669 277 1738 victor
299 1691 424 1756 caperet.
467 1683 540 1740 Haec
567 1680 616 1739 ubi
637 1663 748 1739 Asello
767 1689 834 1738 sunt
865 1681 996 1738 nuntiata
1017 1683 1047 1739 in
1070 1692 1175 1753 eastra,
1229 1686 1270 1752 ΔΗ

107 1786 142 1843 'id
164 1788 251 1843 modo
273 1796 418 1858 moratus,
448 1797 481 1843 ut
501 1786 646 1843 consulem
669 1794 903 1861 percontaretur,
933 1785 1069 1844 liceretne
1092 1798 1176 1845 extra

88 1891 242 1951 ‚ordinem
264 1891 294 1948 in
317 1901 525 1966 provocantem
548 1892 660 1949 hostem
682 1909 823 1966 pugnare,
844 1892 987 1966 permissu
1009 1893 1071 1950 eius
1093 1911 1175 1948 arma

107 1997 259 2072 extemplo
289 1998 378 2072 cepit,
412 2007 626 2073 provectusque
655 2005 722 2053 ante
748 1996 887 2052 stationes
919 2014 993 2069 equo
1026 1999 1204 2060 Tauream2

109 2101 229 2158 nomine
255 2101 440 2176 compellavit
471 2103 675 2176 congredique,
703 2103 753 2158 ubi
773 2102 867 2170 vellet,
888 2101 980 2163 iussit.
1027 2104 1091 2159 Iam
1113 2104 1204 2167 Ito-3

109 2205 189 2262 mani
213 2207 251 2263 ad
272 2206 467 2282 spectaculum
489 2225 594 2282 pugnae
610 2208 672 2265 eius
694 2206 860 2282 frequentes
883 2207 1021 2277 exierant,
1043 2217 1071 2264 et
1087 2207 1174 2265 Cam-

106 2312 271 2389 paninon
304 2311 412 2368 vallum
442 2313 529 2377 modo
558 2321 735 2383 castrorum,
762 2311 813 2368 sed
843 2312 951 2369 moenia
978 2312 1063 2369 etiam
1095 2315 1175 2371 urbis

105 2425 329 2491 prospectantes
369 2418 567 2492 repleverant,
602 2436 689 2491 quum
729 2417 788 2473 iam
822 2426 890 2474 ante
916 2417 1061 2475 ferocibus
1091 2419 1204 2480 dictisl

108 2502 171 2575 rem
187 2521 396 2578 nobilitassent.
428 2520 547 2578 Infestis
562 2522 652 2578 hastis
664 2522 847 2579 concitarunt
868 2541 972 2597 equos3
994 2523 1060 2579 dein
1083 2524 1175 2581 libero

104 2625 206 2709 spatio
233 2625 309 2682 inter
336 2646 368 2682 se
397 2627 577 2684 ludificantes
610 2626 671 2682 sine
700 2625 821 2685 vulnere
852 2646 980 2703 pugnam
1014 2629 1174 2687 extrahere.

109 2732 187 2788 Tum
210 2729 378 2806 Campanus
400 2734 535 2790 Romano
559 2733 748 2806 ,Equorum“
777 2733 871 2806 inquit
899 2733 986 2802 „hoo,
1013 2751 1071 2788 non
1094 2733 1204 2807 equi-5

108 2843 172 2892 tum
194 2834 249 2891 erit
270 2846 430 2906 certamen,
451 2837 505 2893 nisi
528 2856 544 2893 c
567 2855 671 2911 campo
693 2837 723 2892 in
746 2854 849 2893 cavam
872 2837 1046 2893 honoriam
1069 2837 1175 2894 demit·

107 2939 198 2996 timna
220 2957 319 3013 equos.
368 2942 414 2998 lbi
445 2927 524 2998 nullo
546 2944 584 2999 ad
612 2941 797 3016 evagandum
824 2940 919 3015 spatio
950 2941 1080 2999 cominus
1102 2961 1175 3001 con-

104 3053 243 3101 serentur
262 3050 394 3106 manus.“
443 3046 531 3103 Dicto
554 3047 748 3121 propccitius
764 3065 868 3120 equum
890 3045 920 3101 in
942 3047 1018 3103 vium
1035 3047 1204 3112 Claudius6

109 3147 237 3206 deiecit.·,
272 3151 405 3219 Taurea,
435 3152 531 3208 verbis
553 3151 678 3210 ferocior
700 3171 787 3228 quarn
810 3169 855 3220 re,
880 3151 1027 3225 „Minima
1049 3155 1108 3211 sis“
1131 3157 1174 3213 in·

106 3252 184 3327 quit,
208 3255 404 3322 „cantherium
426 3255 456 3312 in
471 3255 616 3327 fossam“;
641 3277 705 3332 quae
728 3276 788 3315 vox
809 3255 838 3312 in
859 3257 996 3314 rusticum
1018 3260 1086 3318 inde
1107 3282 1175 3338 pro·

110 3352 241 3416 vorbium
269 3360 386 3433 prodita
414 3368 467 3422 est.
516 3361 657 3443 Claudius
685 3382 773 3437 quum
796 3380 831 3418 ea
860 3361 910 3418 via
932 3363 1019 3439 longe
1040 3368 1203 3441 perequi-7

107 3472 211 3533 tasset,
233 3463 311 3520 nullo
334 3466 421 3522 obvio
443 3467 527 3523 hoste
547 3467 576 3523 in
598 3485 731 3542 campum
754 3485 853 3529 rursus
875 3478 1000 3538 evectus,
1022 3470 1174 3546 increpans

109 3569 258 3643 ignaviam
280 3571 389 3641 hostis,
411 3590 476 3628 cum
500 3589 607 3646 magno
629 3571 738 3646 gaudio
761 3582 790 3629 et
810 3574 1005 3647 gratulatione
1031 3574 1174 3635 victorin

104 3681 208 3731 castra
228 3674 312 3731 redit.
358 3677 437 3734 Huic
457 3694 562 3751 pugnas
584 3677 709 3750 equestri
731 3697 802 3747 rem,
825 3697 912 3752 quam
935 3697 1006 3736 vera
1028 3682 1073 3752 sit,
1096 3687 1206 3742 com-8

110 3779 205 3837 munis
230 3780 405 3839 existimatio
428 3790 480 3852 eat,
503 3781 663 3840 mirabilem
687 3793 763 3841 certe
785 3783 923 3840 adiiciunt
944 3785 1062 3858 quidam
1083 3805 1174 3865 anna-

105 3885 168 3943 les:
190 3904 277 3960 quum
299 3884 488 3960 refugientem
511 3885 548 3942 ad
564 3888 664 3944 urbem
681 3889 828 3946 Tauream
844 3887 982 3946 Claudius
997 3900 1176 3965 sequeretur,
