2704 4552
349 219 428 268 Liber
444 218 546 272 xxm.
582 218 630 280 (A.
644 216 694 271 ch.
706 219 779 282 tlt.)
1001 225 1055 279 119

18 395 171 454 raefectns
215 401 366 474 equitum,
396 401 634 475 intemperantius
667 401 801 458 cedentes
835 413 950 460 secutus
983 403 1095 462 cecidit.

15 503 48 556 lb
76 503 162 558 urbe
197 506 404 579 oppugnanda
431 505 556 562 Poenum
588 507 770 563 absterruere
801 515 958 580 conspecta
990 506 1096 564 moenia
1112 509 1147 561 to

14 606 259 682 andqnaqnam
282 618 418 684 prompta
440 610 629 685 oppugnanti.

86 712 174 768 Inde
217 711 354 788 Capuam
386 715 476 771 flectit
508 714 580 783 iter,
611 714 805 772 luxuriantem
838 714 928 789 longa
960 713 1096 770 felicitate
1167 709 1190 778 2

10 827 92 888 nque
115 815 322 891 indulgentia
341 817 474 888 fortunae,
497 817 624 879 maxime
645 828 743 876 tamen
758 818 832 876 inter
847 827 984 894 corrupta
999 819 1097 874 omnia

10 921 126 977 inentia
151 922 263 995 plebis
285 923 346 978 sine
376 924 461 980 modo
489 923 651 980 libertatem
683 922 852 982 exercentis.
900 922 1038 980 Senatum
1068 925 1127 980 et2

9 1023 56 1078 tibi
81 1033 113 1080 et
137 1026 236 1099 plebi
250 1027 409 1083 obnoxium
432 1027 579 1084 Pacuvius
595 1026 733 1086 Calavius
755 1026 873 1097 fecerat,
894 1025 999 1084 nobilis
1019 1027 1095 1083 idem

7 1147 36 1182 ac
59 1130 239 1202 popularis
261 1130 366 1199 homo,
396 1142 522 1189 ceterum
546 1133 630 1188 malis
653 1132 763 1188 artibus
790 1143 912 1188 nanctus
938 1149 1018 1206 opes.
1065 1132 1126 1189 Is3

9 1251 98 1304 quum
123 1251 167 1289 eo
196 1231 280 1290 forte
302 1253 393 1304 enno,
425 1254 483 1308 quo
513 1255 559 1294 ree
586 1236 663 1292 male
692 1244 776 1310 gesta
803 1236 841 1291 ad
863 1236 1094 1292 Trasumennum

7 1348 64 1402 est,
100 1338 136 1392 in
175 1356 298 1396 summo
327 1340 499 1413 magistratu
529 1351 619 1410 esset,
652 1340 710 1396 iam
743 1339 791 1396 diu
818 1338 954 1396 infestam
983 1339 1096 1396 senatui

9 1440 129 1514 plebem
155 1452 249 1498 ratus
275 1462 328 1517 per
357 1445 537 1502 occasionem
559 1445 687 1501 novandi
714 1462 761 1505 res
790 1461 927 1518 magnum
959 1461 1094 1500 ausuram

10 1543 147 1615 lacinus,
183 1557 235 1617 ut,
265 1547 291 1602 si
321 1547 352 1603 in
379 1567 415 1606 ea
446 1549 512 1605 loca
546 1547 697 1605 Hannibal
728 1567 794 1606 oum
826 1548 936 1604 victore
951 1546 1095 1612 ⁴exercitu

15 1649 158 1718 venisset,
194 1651 343 1708 trucidato
371 1662 472 1710 senatu
497 1653 626 1710 traderet
647 1651 778 1727 Capuam
801 1652 915 1722 Poenis,
945 1653 1126 1726 improbust

15 1753 114 1823 bomo,
140 1756 202 1812 sed
225 1775 284 1814 non
307 1758 344 1814 ad
366 1767 526 1814 extremum
551 1758 693 1831 perditus,
723 1775 811 1831 quum
833 1757 932 1814 mallet
959 1755 1095 1812 incolumi

20 1877 106 1930 qnam
132 1877 248 1916 eversa
272 1879 307 1916 re
331 1860 448 1934 publica
476 1862 635 1930 dominari,
665 1862 774 1919 nullam
797 1871 893 1918 autem
924 1860 1096 1917 incolumem

21 1979 81 2018 esse
104 1967 252 2022 orbatam
276 1965 393 2039 publico
415 1965 535 2022 consilio
559 1967 697 2035 crederet,
716 1967 858 2023 rationem
879 1963 957 2033 iniit,
989 1973 1098 2036 quaet

23 2077 157 2124 senatum
185 2079 320 2126 servaret
341 2078 370 2126 et
392 2070 550 2128 obnoxium
580 2071 636 2128 sibi
658 2089 692 2129 ao
713 2070 791 2146 plebi
820 2069 937 2126 faceret.
981 2067 1128 2124 Vocat05

26 2181 137 2242 senatu,
161 2192 256 2248 quum
271 2174 327 2230 sibi
348 2173 517 2231 defectionis
540 2176 578 2232 ab
593 2173 734 2234 Romanis
752 2173 901 2230 consilium
924 2171 1096 2248 placiturum

26 2277 100 2333 nullo
124 2280 237 2348 modo,
269 2277 325 2334 nisi
345 2279 540 2336 necessarium
562 2279 679 2348 fuisset,
708 2253 848 2353 praefatus
870 2288 961 2345 esset,
991 2275 1128 2350 quipped

30 2381 74 2452 qui
98 2381 215 2440 liberos
243 2401 280 2438 ex
302 2384 381 2456 App.
411 2381 527 2440 Claudii
554 2385 615 2442 filia
642 2385 763 2440 haberet
798 2383 946 2456 filiamque
972 2383 1096 2438 Romam

30 2497 149 2560 nuptum
178 2488 223 2545 M.
250 2486 337 2544 Livio
359 2486 501 2557 dedisset3
524 2498 650 2572 ceterum
673 2487 812 2545 maiorem
835 2487 925 2544 multo
954 2503 1014 2540 rem
1036 2503 1097 2540 ma-
1176 2525 1178 2532 .

32 2591 130 2666 gisque
160 2593 322 2651 timendam
337 2591 465 2659 'iustare;
497 2611 555 2649 non
583 2593 657 2649 enim
684 2611 737 2666 per
764 2591 954 2648 delectionem
983 2589 1020 2644 ad
1043 2588 1127 2646 tol-7

33 2694 145 2756 lendum
170 2718 209 2757 ex
232 2697 350 2754 civitate
371 2705 502 2754 senatum
531 2697 644 2772 plebem
669 2705 816 2770 spectare,
844 2695 895 2751 sed
917 2713 970 2768 per
990 2693 1096 2749 caedem

36 2810 147 2859 senatus
176 2821 301 2860 vacuam
328 2819 389 2857 rem
418 2802 563 2874 publicam
599 2802 714 2858 tradere
742 2798 903 2856 Hannibali
934 2817 968 2854 ac
998 2797 1097 2854 Poenis

37 2905 118 2975 velle3
146 2927 183 2965 eo
206 2925 237 2964 se
257 2905 386 2981 periculo
408 2923 495 2980 posse
516 2906 640 2963 liberare
664 2923 729 2973 eos,
758 2904 782 2959 si
803 2903 971 2977 permittant
993 2902 1049 2956 sibi
1071 2906 1128 2960 et8

41 3014 222 3070 certaminum
243 3010 273 3066 in
292 3029 325 3067 re
347 3009 464 3084 publica
487 3010 569 3067 obliti
590 3011 709 3067 credant
731 3041 770 3048 -
796 3025 883 3082 quum
909 3025 1007 3063 omnes
1029 3007 1098 3062 victi

40 3122 110 3168 metu
133 3117 351 3190 permitterent,
389 3115 569 3184 „Claudam“
601 3115 694 3189 inquit
723 3115 770 3184 „iu
793 3113 873 3170 curia
894 3131 948 3168 vos
971 3121 1008 3180 et,
1032 3114 1128 3168 tan-9

44 3232 121 3286 quam
143 3233 173 3278 et
193 3222 256 3296 ipse
278 3218 398 3292 cogitati
417 3217 555 3276 facinoris
577 3219 732 3294 particeps,
755 3217 945 3294 approbando
969 3217 1098 3287 consilia,

45 3321 137 3389 quibus
158 3325 352 3400 nequicquam
375 3323 562 3394 adversarer,
591 3325 669 3381 viam
698 3325 786 3380 saluti
812 3332 916 3380 vestrae
939 3322 1094 3382 inveniam.

46 3422 75 3479 ΙΙ]
93 3429 146 3488 hoc
166 3433 263 3499 fidem,
286 3447 373 3502 quam
388 3429 475 3484 vultis
493 3428 558 3503 ipsi,
581 3428 732 3502 accipite.“
777 3429 850 3484 Fide
872 3429 943 3484 data
964 3443 1095 3501 egressus
1114 3427 1149 3480 10

49 3528 131 3589 claudi
149 3535 259 3592 curiam
280 3533 368 3602 iubet,
396 3533 620 3607 praesidiumque
651 3533 681 3590 in
708 3533 850 3590 vestibulo
882 3531 1032 3607 relinquit,
1059 3551 1097 3588 ne

50 3635 104 3702 quis
123 3641 202 3697 adire
223 3639 334 3696 curiam
355 3638 466 3696 iniussu
486 3656 539 3696 suo
562 3656 635 3696 neve
663 3639 730 3695 inde
752 3638 851 3712 egredi
869 3637 970 3711 possit.
1019 3636 1095 3692 Tum
1171 3627 1193 3696 3

56 3751 142 3800 vocato
171 3746 208 3802 ad
238 3743 401 3801 contionem
435 3743 543 3819 populo
576 3743 681 3816 „Quod
700 3751 795 3818 soepe“
825 3740 919 3815 inquit
947 3741 1098 3813 „optastis,

56 3839 190 3923 Campani,
218 3860 250 3908 nt
273 3849 407 3925 supplicii
429 3849 560 3908 sumendi
582 3848 665 3905 vobis
687 3867 724 3904 ex
752 3847 886 3922 improbo
916 3863 951 3902 ac
974 3845 1098 3900 detesta-

58 3944 96 4004 bili
113 3966 208 4012 senatu
230 3965 362 4031 potestas
384 3961 469 4024 esset,
491 3973 554 4010 eam
577 3972 635 4010 non
650 3971 704 4027 per
724 3950 877 4008 tumultum
900 3945 1129 4024 expugnantes2
