2748 4556
381 189 459 238 Liber
476 189 562 238 xxx.
599 189 645 254 (A.
660 187 708 243 ch.
723 191 797 252 eoa.)
1015 192 1073 250 263

2 371 247 430 eminemus
278 373 367 448 aequis
396 362 438 431 in*
454 393 546 432 annos
569 375 786 450 quinquaginta,
808 376 968 445 solverent;
1002 375 1147 434 obsides6

2 486 172 536 tentum
198 479 339 536 arbitratu
362 480 505 556 Scipionis
526 483 644 552 darent,
679 499 716 538 ne
737 481 861 538 minores
887 482 1115 556 quattuordecim
1170 455 1182 478 ⁹

2 584 139 641 mnis
165 603 224 642 neu
246 585 365 660 triginta
386 586 520 647 maiores.
564 587 695 644 Indutias
717 587 759 644 ita
781 587 983 656 sedatorum,
1019 587 1116 662 siper

2 689 170 761 [orior-es
201 690 326 748 indutias
359 710 449 750 naves
482 694 621 752 oneraria
650 702 758 768 captae,
791 710 912 767 quaeque
939 691 1060 749 fuissent
1088 693 1116 749 in

2 795 202 867 navibus,
237 797 469 868 restituerentur3
502 800 585 856 aliter
615 817 667 857 nec
696 798 821 854 indutias
847 816 900 856 nec
927 817 1007 873 spem
1037 799 1117 875 pacis

2 903 145 958 ullam
171 920 244 960 esse.

141 1009 210 1065 Has
243 1009 425 1066 condiciones
459 1009 547 1082 legati
580 1028 667 1084 quum
705 1010 820 1067 domum
849 1009 957 1068 referre
984 1010 1055 1067 iussi
1087 1010 1145 1067 inl

8 1115 197 1171 contione
217 1115 347 1184 ederent,
369 1126 398 1172 et
420 1114 513 1190 Gisgo
536 1115 573 1172 ad
595 1115 817 1172 dissuadendam
837 1134 937 1190 pacem
961 1115 1117 1191 processis-

15 1229 96 1276 set
135 1218 343 1295 audireturque
379 1240 397 1278 a
436 1221 617 1279 multitudine
652 1221 780 1298 inquieta
808 1223 908 1279 eadem
946 1233 975 1280 et
1000 1221 1117 1291 imbelli,

17 1325 226 1400 indignatus
241 1327 398 1398 Hannibal,
421 1327 477 1385 dici
499 1329 584 1385 eain
605 1329 657 1385 tali
678 1338 807 1405 tempore
830 1328 996 1404 audirique,
1018 1326 1147 1402 arrep·8

22 1447 116 1488 tum
142 1431 303 1506 Gisgonem
333 1451 419 1489 manu
448 1453 502 1490 sua
530 1453 566 1490 ex
594 1435 742 1509 superiore
769 1435 834 1492 loco
862 1433 996 1490 detraxit.
1046 1433 1117 1506 Quae
1164 1422 1186 1489 l

27 1539 174 1594 insueta
198 1538 295 1594 liberae
314 1537 423 1594 civitati
445 1540 555 1615 species
577 1559 664 1615 quum
689 1539 833 1598 fremitum
855 1539 955 1615 populi
970 1539 1117 1609 movisset,

32 1645 245 1719 perturbatus
282 1645 411 1702 militaris
443 1645 488 1703 vir
521 1647 634 1703 urbana
669 1647 802 1703 libertate
843 1647 994 1715 „Novem“
1025 1645 1147 1718 inquitil

43 1769 223 1818 „annorum
244 1770 263 1807 a
278 1751 361 1808 vobis
376 1751 522 1826 profectus
543 1761 610 1826 post
631 1759 743 1808 sextum
766 1761 794 1808 et
814 1752 988 1809 tricesimum
1011 1725 1116 1806 anniam

41 1856 143 1913 redii.
192 1855 333 1914 Militares
365 1866 455 1929 artes,
492 1875 564 1931 quas
592 1875 637 1912 me
667 1874 685 1912 a
712 1875 802 1930 puero
826 1855 943 1913 fortuna
964 1875 1038 1913 nunc
1059 1857 1117 1932 pri-

46 1971 147 2030 vata,
176 1981 251 2019 nunc
273 1962 388 2037 publica
410 1963 526 2031 docuit,
549 1962 640 2036 probe
661 1961 762 2018 videor
783 1961 881 2036 scire;'
904 1962 982 2019 urbis
1004 1979 1039 2018 ao
1060 1959 1116 2018 fori

51 2069 145 2136 iura,
173 2067 269 2142 leges,
291 2087 386 2125 mores
408 2088 461 2126 vos
483 2088 529 2126 me
551 2076 665 2143 oportet
687 2067 842 2125 doceatis.“
892 2069 1042 2125 Excusare
1063 2068 1116 2125 im·
1134 2070 1168 2122 10
1212 2135 1227 2158 Ι

54 2172 222 2247 prudentia,
254 2173 288 2230 da
306 2193 377 2249 pace
400 2174 549 2245 disseruit,
582 2192 669 2248 quam
697 2191 749 2231 nec
776 2173 875 2247 iniqua
905 2184 932 2231 et
952 2175 1116 2232 necessaria

57 2287 144 2338 esset.
192 2279 226 2336 Id
255 2280 381 2337 omnium
416 2281 543 2338 maxime
573 2279 689 2336 difficile
719 2288 796 2350 erat,
832 2279 910 2353 quod
937 2299 973 2338 ex
994 2281 1116 2355 navibus
1133 2282 1162 2335 ii
1260 2353 1262 2359 J

59 2403 114 2458 per
135 2383 258 2441 indutias
287 2387 379 2461 ceptis
401 2387 470 2444 nihil
494 2397 597 2462 praeter
617 2387 696 2461 ipsas
718 2388 906 2462 comparebat
926 2405 1029 2454 naves,
1064 2403 1117 2442 nec

60 2491 205 2564 inquisitio
241 2501 303 2547 erat
334 2491 444 2562 facilia,
483 2493 703 2550 adversantibus
724 2495 805 2569 paci,
838 2493 887 2568 qui
920 2503 1116 2568 arguerentur.

63 2594 176 2652 Placuit
208 2614 298 2653 naves
329 2597 411 2654 reddi
439 2608 467 2656 et
487 2598 618 2655 homines
637 2598 735 2672 utique
755 2599 876 2672 inquiri,
908 2609 1020 2668 cetera,
1053 2616 1117 2672 quae
1134 2597 1167 2651 12

63 2703 202 2768 abessent,
225 2703 395 2760 aestimanda
418 2703 702 2784 Scipionipermitti,
725 2713 813 2777 atque
834 2704 875 2759 ita
896 2703 1018 2778 pecunia
1038 2703 1117 2759 luere

65 2806 320 2882 Carthaginienses.
375 2810 463 2880 Sunt,
497 2810 546 2884 qui
574 2807 768 2867 Hannibalem
801 2828 837 2865 ex
874 2808 935 2864 acie
967 2809 1005 2864 ad
1037 2827 1117 2865 mare
1132 2807 1167 2863 13

65 2913 234 2987 pervenisse,
255 2899 322 2972 inde
342 2925 507 2991 praparata
521 2933 595 2972 nave
610 2914 649 2997 ad
662 2933 759 2988 regem
772 2885 948 2973 Antiochum
971 2915 1115 2990 extemplo

67 3018 219 3094 proiectum
253 3022 384 3090 tradant,
423 3021 639 3096 postulantique
676 3029 743 3076 aute
774 3019 872 3076 omnia
904 3020 1050 3096 Scipioni,
1086 3030 1117 3077 ut

67 3126 208 3182 Hannibal
239 3126 294 3182 sibi
326 3127 501 3198 traderetur,
543 3145 713 3201 responsum
745 3144 824 3194 esse,
861 3126 1054 3183 Hannibalem
1087 3126 1115 3182 in

70 3230 165 3288 Africa
184 3250 240 3287 non
264 3249 336 3288 esse.

101 3348 104 3356 ’
146 3337 302 3411 Postquam
324 3337 470 3394 redierunt
501 3337 537 3392 ad
565 3335 729 3410 Scipionem
761 3337 864 3411 legati,
905 3353 969 3410 quae
1000 3335 1116 3410 publica
1165 3331 1209 3399 38

70 3445 97 3500 in
116 3443 231 3500 navibus
253 3442 376 3512 fuerent,
399 3461 435 3499 ex
456 3443 578 3516 publicis
601 3443 745 3519 descripta
766 3441 926 3499 rationibus
949 3451 1115 3516 quaestorea

72 3567 130 3623 qua
150 3549 277 3624 privata,
308 3549 436 3624 profiteri
464 3548 571 3605 domini
601 3549 688 3618 inssi3
721 3565 774 3625 pro
797 3567 832 3604 ea
853 3565 966 3604 summa
988 3547 1145 3622 pecunioe2

73 3655 306 3730 vigintiquinque
335 3654 425 3711 millia
452 3654 550 3729 pondo
573 3655 683 3730 argenti
707 3652 860 3728 praeseutia
881 3663 997 3723 exacta3
1033 3632 1115 3710 indn-

74 3761 165 3834 tiaeque
185 3759 472 3835 Carthaginiensibus
494 3761 569 3816 datae
589 3760 619 3817 in
641 3769 700 3816 tres
721 3776 843 3815 menses.
892 3758 1048 3830 Additum,
1079 3764 1145 3818 ne3

75 3885 120 3942 per
145 3866 314 3924 indutiarum
344 3877 456 3943 tempus
484 3867 541 3922 alio
571 3884 692 3940 usquam
716 3882 802 3939 quam
824 3866 949 3922 Romam
971 3865 1116 3921 mitterent

73 3973 188 4047 legatos,
210 3983 252 4042 et,
274 3973 437 4047 quicunque
458 3972 546 4047 legati
568 3969 772 4046 Carthaginem
795 3970 956 4040 venissent,
991 3975 1115 4028 ne⁸ante
