2700 4426
428 210 507 260 mser
524 208 624 262 xxrv.
662 213 709 276 (a.
724 211 856 271 ouen)
1059 216 1130 286 >roa

107 390 252 467 principes
273 393 422 468 regionum
439 393 518 451 urbis
540 393 686 471 dispositis
709 395 883 470 adiungitur.
927 397 962 453 In
978 396 1077 453 Insula
1098 397 1173 454 inter

104 503 204 553 cetera
225 497 458 555 Andranodorus
473 499 614 574 presidiis
628 502 760 558 firmarat
780 502 886 558 horrea
905 502 1030 576 publica.
1076 503 1223 562 Locus12

105 617 181 658 saxo
204 602 348 675 quadrato
373 613 480 680 saeptus
511 613 598 679 etque
621 605 696 662 arcis
724 605 753 662 in
778 607 895 664 modurn
924 608 1066 665 emunitus
1093 608 1170 682 capi·

108 715 156 764 tur
177 708 214 764 ab
233 706 391 778 iuventute,
415 728 480 783 quoe
502 710 637 786 praesidio
662 711 722 795 eius
744 710 801 769 loci
835 712 975 769 attributa
997 722 1075 780 erat,
1107 713 1171 768 mit·

107 820 230 886 tnntque
265 813 381 869 nuntios
417 815 447 870 in
479 815 698 885 Achradinam,
734 818 840 874 horrea
875 817 1107 891 frumentumque
1143 817 1171 872 in

101 927 225 974 senatus
246 925 390 992 potestate
409 935 485 978 esse.

193 1022 272 1081 Luce
303 1024 400 1098 prima
440 1025 567 1101 populus
606 1026 713 1095 omnis,
751 1038 880 1084 armatus
915 1026 1104 1100 inermisque,
1139 1027 1168 1082 in
1221 1022 1267 1090 22
1315 1059 1319 1068 ·

108 1127 311 1187 Achradinam
343 1128 380 1185 ad
408 1129 519 1187 curiam
548 1131 692 1188 convenit.
748 1132 794 1188 lbi
821 1149 874 1206 pro
904 1130 1076 1188 Concordiae
1108 1151 1169 1202 ara,

108 1250 174 1308 quae
194 1233 224 1291 iu
249 1251 283 1291 eo
305 1234 362 1291 sita
379 1234 446 1291 loco
467 1244 547 1305 erat,
576 1255 614 1293 ex
639 1235 816 1310 principibus
843 1254 917 1292 unus
945 1236 1061 1316 nomine
1079 1236 1170 1310 Poly-

104 1355 188 1395 aenus
220 1339 383 1396 contionem
416 1349 445 1396 et
475 1341 597 1398 liberam
632 1351 661 1397 et
693 1340 872 1397 moderatam
905 1341 1014 1399 habuit.
1073 1339 1201 1397 Servi-2

108 1440 179 1498 tutis
186 1444 350 1516 somnidinea
365 1446 607 1520 indignitatesque
622 1446 752 1503 homines
767 1455 903 1520 expertos
919 1445 1057 1502 adversus
1072 1452 1171 1500 uotum

109 1547 219 1604 malum
254 1547 381 1606 irritatos
414 1569 490 1619 esse;
523 1551 668 1608 discordia
691 1551 781 1607 civilis
813 1568 885 1624 quas
907 1550 1043 1625 importet
1066 1549 1172 1613 clades,

110 1651 228 1710 audisse
260 1654 353 1729 magis
389 1673 407 1710 a
434 1655 565 1730 patribus
594 1655 794 1731 Syracusanos
824 1674 910 1730 quam
944 1656 1023 1731 ipsos
1055 1654 1170 1709 vidisse.

108 1759 206 1816 Arma
225 1758 303 1832 quod
324 1758 447 1832 impigre
475 1760 611 1834 ceperint,
634 1761 767 1830 laudare3
798 1761 891 1835 magis
918 1759 1118 1827 laudaturum,
1147 1758 1202 1815 si3

109 1880 169 1919 non
192 1871 310 1918 utantur
331 1862 386 1919 uisi
413 1862 515 1920 ultima
537 1868 707 1923 necessitate
734 1866 836 1924 coacti,
893 1865 929 1921 In
957 1863 1109 1937 prasentia
1131 1862 1202 1920 le-4

107 1974 195 2043 gatos
227 1967 265 2027 ad
287 1967 533 2026 Andranodorum
558 1972 632 2028 mitti
654 1971 777 2046 placere,
811 1970 859 2044 qui
881 1967 1062 2036 denuntient,
1091 1967 1171 2023 utin

108 2083 255 2152 potestate
275 2080 392 2128 senatus
415 2092 450 2130 ao
471 2074 570 2148 populi
592 2075 644 2144 sit,
667 2084 767 2149 portas
788 2076 895 2132 Insulae
917 2072 1042 2148 aperiat,
1071 2071 1174 2128 reddat

108 2187 285 2270 praesidium.
335 2181 368 2239 Si
389 2178 507 2236 tutelam
524 2177 609 2235 alieni
631 2179 712 2253 regni
733 2197 815 2236 suum
840 2197 961 2254 regnum
984 2177 1054 2233 velit
1067 2176 1203 2245 facerat

108 2294 233 2355 eundem
262 2309 293 2348 se
323 2302 448 2357 censere,
473 2267 563 2343 multo
593 2284 687 2341 uenus
715 2284 752 2340 ab
775 2283 991 2340 Andranodoro
1021 2301 1107 2356 quam
1136 2284 1173 2340 ab

108 2398 291 2474 Hieronymo
321 2392 413 2469 repeti
441 2390 613 2449 libertatem.
664 2393 712 2448 Ab
739 2391 795 2447 bac
816 2389 950 2447 contione
977 2388 1064 2464 legati
1093 2388 1204 2446 missit

107 2515 185 2564 eunt.
247 2502 372 2562 Senatus
394 2498 460 2555 inde
482 2497 584 2554 haberi
609 2505 722 2572 coeptus
741 2506 793 2567 est,
824 2496 903 2569 quod
936 2495 1009 2551 sicut
1035 2501 1174 2568 regnante

109 2610 242 2669 Hierone
264 2615 416 2664 manseratx
438 2603 584 2678 publicum
615 2602 779 2670 consilium,
808 2600 849 2656 ita
878 2608 945 2674 post
969 2607 1091 2655 mortem
1113 2598 1174 2654 eius

111 2724 180 2774 ante
201 2733 265 2771 eam
294 2713 369 2768 diem
400 2710 480 2767 nulla
507 2709 542 2764 de
573 2729 605 2764 re
631 2727 725 2782 neque
756 2706 908 2763 convocati
936 2722 1030 2777 neque
1052 2702 1174 2759 consulti
1238 2783 1241 2787 ,

109 2819 236 2879 fuerant.
293 2819 336 2877 Ut
370 2825 487 2874 ventum
511 2815 548 2870 ad
571 2811 818 2870 Andranodorum
841 2819 898 2878 est,
931 2809 1024 2884 ipsum
1059 2808 1203 2882 quidem7

109 2925 254 2982 movebat
280 2932 308 2978 at
336 2920 441 2978 civium
470 2935 626 2975 consensus
657 2925 686 2972 et
709 2933 796 2989 quum
828 2913 892 2970 aliae
921 2921 1069 2988 occupatae
1095 2911 1178 2967 urbis

110 3037 220 3105 partes,
249 3037 310 3084 tum
336 3042 406 3100 pars
431 3021 535 3080 Insulae
561 3021 608 3078 rel
632 3019 824 3093 munitissima
853 3017 967 3095 prodita
997 3026 1084 3092 atque
1106 3014 1174 3072 alie·

109 3141 196 3202 nata;
226 3132 278 3189 sed
310 3140 463 3188 evocatum
497 3147 561 3183 eum
596 3128 633 3184 ab
665 3125 768 3200 legatis
797 3124 964 3180 Damarata
994 3141 1083 3189 uxor,
1115 3120 1205 3180 filia8

109 3230 259 3306 Hieronis,
282 3237 385 3294 inflata
407 3234 502 3291 adhuc
525 3233 612 3308 regiis
635 3233 739 3290 animis
768 3248 804 3286 ao
826 3227 958 3289 muliebri
979 3226 1096 3301 spiritu,
1123 3225 1173 3281 ad·

110 3349 210 3398 monet
246 3359 323 3417 saepe
354 3351 501 3416 usurpatae
523 3337 658 3414 Dionysii
691 3336 804 3412 tyranni
832 3334 929 3404 vocis,
963 3351 1021 3406 qua
1053 3329 1203 3404 pedibus9

107 3454 250 3514 tractum,
280 3463 340 3502 non
362 3447 530 3503 insidentem
564 3461 640 3518 aquo
668 3443 830 3517 relinquere
861 3436 1042 3513 tyrannidem
1070 3433 1175 3490 dixerit

108 3551 230 3608 debere:
251 3549 337 3606 facile
356 3569 420 3608 esse
434 3560 590 3621 momento,
611 3564 669 3620 quo
691 3547 756 3620 quis
777 3543 856 3612 velit,
878 3541 979 3599 cedere
993 3539 1174 3616 possessione

108 3673 225 3730 magne
245 3653 384 3726 fortunae3
412 3655 511 3713 facere
540 3667 568 3713 et
589 3674 696 3730 parare
717 3672 781 3710 eam
804 3647 919 3706 difficile
944 3639 1031 3719 atque
1053 3645 1174 3700 arduum

109 3776 182 3821 esse.
233 3760 365 3837 Spatium
389 3771 516 3818 sumeret
541 3763 578 3817 ad
600 3758 820 3818 consultandum
846 3757 883 3813 ab
906 3751 1025 3829 legatis3
1055 3768 1089 3805 eo
1112 3760 1173 3805 ute·
1191 3754 1225 3808 10

106 3872 190 3922 retur
210 3867 248 3923 ad
272 3867 461 3925 messendos
485 3885 521 3924 ex
546 3864 692 3922 Leontinis
715 3863 828 3931 milites,
851 3859 954 3933 quibus
976 3856 1000 3914 si
1023 3854 1173 3931 pecuniam

109 3969 221 4045 regiam
247 3972 392 4048 pollicitus
415 3983 499 4042 esset,
526 3971 622 4028 omnia
647 3971 676 4028 in
698 3975 841 4047 potestate
864 3965 924 4022 eius
946 3961 1051 4019 futura.
1103 3960 1175 4015 Haeo
1191 3968 1224 4021 tr

137 4081 202 4120 bivine
218 4095 241 4120 ax
255 4094 295 4121 rec.
312 4083 411 4129 liedvigii.
440 4083 465 4119 tn
942 4071 973 4115 13
