2678 4560
302 259 356 318 158
549 257 626 306 Liber
642 255 769 306 XXVIII.
807 255 852 318 (A.
866 271 892 308 u.
906 271 930 308 c.
943 254 1016 314 tte.)

257 459 343 518 quam
366 441 463 500 caetra
483 441 521 498 ab
537 439 713 516 Carthagine
736 451 873 512 moveret,
895 441 1030 498 contione
1044 439 1205 505 advocatu„
1226 436 1309 492 mult‘u

227 549 352 607 3verbis
378 548 407 606 in
434 545 583 623 perfidiam
610 547 809 606 rebellandum
839 547 1005 623 regulorum
1026 545 1182 615 invectus,
1215 563 1312 619 nequa·

258 674 344 730 quam
374 653 475 711 eodem
505 651 602 710 animo
632 670 664 709 se
688 653 731 710 ire
758 652 905 730 professus
935 661 979 710 est
1001 652 1039 709 ad
1060 651 1272 708 vindicandum
1291 652 1314 708 id

227 763 366 831 taccias,
388 777 446 834 quo
473 757 584 816 civilem
606 777 733 816 errorem
755 778 847 835 nuper
867 757 1023 816 sanaverit
1069 759 1156 815 Tum
1179 775 1229 827 se,
1249 758 1334 834 haud¹

259 885 340 926 secus
369 883 456 942 quam
482 865 595 922 viscere
624 875 768 924 secantem
801 883 870 935 sua,
914 883 980 921 cum
1007 863 1119 939 gemitu
1146 871 1179 920 et
1203 861 1317 920 lucrinis

259 973 376 1049 triginta
403 971 550 1030 hominum
578 971 720 1047 capitibus
747 970 880 1047 expiasse
902 980 969 1028 octo
990 970 1112 1027 millium
1140 987 1198 1026 seu
1222 969 1318 1043 impru-

259 1080 384 1138 dentium
415 1095 466 1136 acu
493 1095 616 1149 noxam;
652 1096 727 1136 nunc
753 1078 818 1136 laeto
846 1087 875 1135 ct
903 1085 999 1135 erecto
1030 1076 1134 1134 animo
1159 1075 1203 1132 ad
1226 1075 1317 1133 wden

230 1187 415 1262 ollergetum
444 1185 496 1242 irc.
544 1183 614 1242 Non
643 1184 718 1242 enim
744 1202 795 1242 eos
823 1203 918 1258 neque
944 1191 1031 1244 natos
1057 1182 1089 1240 in
1117 1183 1234 1239 eadem
1256 1192 1318 1237 terra

261 1311 314 1350 nec
345 1291 404 1349 ulla
422 1307 518 1348 secum
547 1289 685 1346 societate
713 1290 826 1348 iunctos
847 1307 924 1359 esse;
956 1307 1031 1360 eam,
1053 1307 1121 1364 quae
1146 1287 1218 1346 sola
1240 1286 1335 1360 fucrdq

231 1397 327 1456 dfidei
356 1405 443 1471 atque
470 1393 618 1466 amicitiae,
651 1395 730 1471 ipsos
757 1415 810 1471 per
836 1397 929 1454 scelus
955 1395 1078 1470 rupisse.
1129 1395 1172 1453 In
1207 1395 1312 1451 exercitu

261 1519 314 1558 suo
335 1518 383 1570 ac,
415 1509 606 1575 praeterquam
636 1502 715 1575 quod
741 1519 841 1560 omnes
861 1505 945 1560 cives
975 1511 1026 1560 aut
1047 1502 1150 1559 socios
1176 1501 1315 1573 Latinique

260 1606 383 1664 nominis
405 1605 520 1676 videat,
549 1606 635 1664 etiam
661 1625 696 1663 eo
718 1607 844 1678 moveri,
874 1609 952 1683 quod
973 1627 1059 1666 nemo
1085 1606 1153 1664 fere
1177 1607 1221 1663 sit
1245 1607 1317 1662 milet

261 1713 311 1788 qai
331 1730 388 1770 non
411 1721 461 1768 aut
481 1731 499 1767 a
521 1720 625 1786 patruo
655 1729 708 1768 suo
730 1709 784 1770 Cn.
807 1713 956 1788 Scipione,
992 1713 1041 1788 qni
1062 1714 1184 1789 primus
1207 1713 1317 1771 Romani

261 1819 385 1877 neminie
412 1818 442 1874 iu
464 1837 527 1874 earn
550 1818 728 1893 provinciam
752 1819 878 1890 venerit,
911 1829 961 1876 aut
983 1827 1108 1894 epatre
1129 1819 1317 1878 conculeant

232 1929 280 1984 Ia
302 1944 334 1984 se
354 1924 392 1984 ait
413 1943 451 1982 ex
474 1923 562 1982 IteIIa
593 1923 739 1980 advectus.
787 1923 954 2000 Scipionum
983 1926 1096 1982 nomini
1131 1925 1316 2003 auspiciisque

262 2050 362 2090 omncs
383 2040 533 2100 assuetos,
571 2047 643 2103 quos
675 2047 771 2088 secum
798 2031 828 2087 in
856 2033 980 2107 petriam
1004 2033 1042 2090 ad
1063 2034 1209 2091 meritum
1233 2031 1314 2089 trion

262 2141 349 2215 phum
372 2139 512 2196 deducere
532 2135 619 2205 velit,
651 2153 725 2208 quos
747 2138 927 2195 consulatum
951 2138 1074 2213 petenti,
1111 2139 1201 2196 velut
1222 2137 1247 2194 si
1269 2138 1337 2190 on·I

232 2247 339 2306 8nium
377 2243 535 2302 communis
570 2250 673 2318 egetur
701 2244 808 2314 honos,
840 2242 981 2302 affuturos
1009 2252 1117 2319 speret.
1172 2241 1262 2318 Quod
1287 2237 1311 2295 ad
1336 2227 1337 2237 ¹

263 2349 472 2427 expeditionem
502 2348 637 2419 attineat,
669 2364 733 2421 quae
765 2349 864 2418 instet,
895 2351 1094 2409 immemorem
1131 2369 1201 2408 esse
1234 2361 1310 2405 rerou

262 2473 378 2514 suarum
412 2463 573 2530 gestarum,
609 2454 658 2528 qui
689 2455 720 2511 id
755 2455 861 2512 bellam
894 2456 989 2516 ducat.
1036 2456 1181 2532 Magonis
1215 2449 1310 2511 herede

263 2561 326 2630 sibi,
349 2562 398 2635 qui
420 2569 503 2618 extra
526 2561 625 2617 orbem
644 2569 786 2617 terrarum
800 2561 830 2617 in
845 2562 1047 2620 circurnfusam
1063 2561 1190 2620 Oceano
1205 2559 1310 2619 insulan

264 2686 328 2726 cum
354 2667 454 2744 paucis
480 2665 638 2742 perfugerit
668 2666 806 2739 navibus,
842 2670 981 2726 maiorem
1016 2686 1118 2726 curem
1145 2685 1215 2724 esse
1242 2679 1309 2739 quau

233 2773 438 2849 9Ilsrgetum3
476 2773 581 2847 quippe
607 2771 665 2829 illic
695 2781 724 2829 et
752 2772 853 2830 ducem
883 2772 1151 2849 Carthaginiensem
1188 2784 1219 2831 et
1239 2787 1310 2846 quau·

265 2889 439 2953 tumcunque
460 2879 601 2936 Punicum
623 2879 787 2954 praesidittm
809 2897 880 2951 esse,
904 2879 951 2937 hic
971 2879 1100 2935 latrones
1121 2879 1307 2948 latronumque

266 2983 352 3041 duces
374 3001 446 3055 esse,
469 2985 572 3059 quibus
588 2994 619 3042 ut
640 2985 678 3041 ed
692 2985 874 3060 populandos
888 2985 1074 3044 finitimorum
1089 3001 1180 3058 agros
1197 2993 1309 3053 tectaque
1337 3005 1338 3008 ¹

265 3090 376 3146 urenda
399 3099 427 3146 et
446 3090 586 3166 rapienda
607 3108 714 3165 pecora
736 3091 834 3165 adque
854 3091 899 3148 vis
920 3092 967 3163 ait,
987 3091 1030 3147 ite
1049 3090 1079 3146 in
1102 3091 1167 3148 acie
1191 3083 1307 3161 actiguis

267 3195 379 3253 collatis
400 3195 507 3252 nullum
530 3213 607 3264 esee;
644 3195 738 3270 magis
759 3196 912 3254 velocitate
939 3197 977 3254 ad
1002 3195 1103 3272 fugam
1127 3215 1219 3271 quam
1240 3189 1306 3252 erud
1337 3213 1338 3250 t

218 3305 254 3362 10
267 3301 357 3380 fretos
385 3311 564 3378 pugnaturos
592 3318 665 3358 esse.
712 3301 817 3376 Itaque
843 3321 911 3370 non,
941 3302 1021 3378 quod
1047 3303 1138 3360 ullum
1166 3303 1235 3360 inde
1251 3297 1306 3376 peri

268 3408 362 3467 culum
392 3419 443 3465 aut
469 3425 566 3465 semen
600 3406 717 3464 maioris
744 3407 811 3464 belli
836 3408 947 3479 videat,
983 3407 1050 3466 ideo
1079 3426 1127 3481 se,
1159 3410 1303 3485 prinsquam
1336 3393 1338 3462 i

220 3517 251 3572 11
269 3512 419 3589 proviaeie
436 3513 572 3584 decedat,
594 3512 798 3588 opprimendos
818 3513 955 3589 Ilergetes
977 3514 1104 3587 duxisse,
1127 3515 1180 3572 sed
1195 3513 1304 3591 primunt

269 3636 305 3676 ne
332 3619 474 3695 impunita
499 3627 559 3675 tam
587 3617 727 3676 scelerata
757 3616 880 3676 defectio
907 3629 996 3692 esset,
1021 3621 1134 3691 deinde,
1157 3639 1194 3678 ne
1217 3615 1302 3696 quisit

270 3723 419 3799 provincia
446 3725 531 3782 simul
557 3723 662 3781 vincte
690 3731 772 3780 tante
802 3731 831 3780 et
858 3723 994 3784 felicitate
1019 3726 1186 3803 perdomita
1216 3725 1302 3785 relicto

221 3831 257 3889 12
271 3828 363 3887 hostis
390 3828 445 3886 dici
474 3838 581 3905 posset.
629 3828 757 3888 Proinde
778 3827 840 3886 deis
861 3829 934 3888 bene
952 3831 1118 3889 iuvantibus
1133 3837 1300 3908 sequerentu-

271 3953 329 3993 non
357 3943 416 3992 tam
444 3934 482 3991 ed
514 3935 619 3994 bellum
646 3935 801 4010 gerendum
833 3933 938 4012 (neque
966 3937 1042 3994 euitn
1070 3955 1137 3996 oum
1163 3939 1227 4014 pari
1245 3937 1301 3994 tec
