2700 4426
361 148 440 200 Liber
456 148 571 200 XXVII.
608 149 655 214 (A.
669 147 718 204 Cb.
734 150 809 214 209.)
1044 157 1081 211 75

59 335 252 409 Agathyrna,
284 332 357 390 sicut
380 341 447 390 ante
469 333 576 391 dictum
599 342 657 406 est,
687 353 725 392 ex
747 335 846 394 Sicilia
866 336 1015 406 traducta,
1039 325 1125 412 rapto

59 439 159 496 vivere
181 437 331 494 hominum
353 447 549 509 assuetornm3
582 439 672 496 additi
694 449 777 497 erant
797 441 978 498 Bruttiorum
1000 441 1125 499 indidem

60 543 205 620 perfugae,
241 552 270 600 at
302 542 426 600 audacia
456 552 490 615 at
512 544 637 602 audendi
663 547 762 603 omnia
788 547 1005 604 necessitatibus
1032 565 1126 621 pares.

60 652 148 709 Hanc
169 668 287 707 manum
310 648 347 704 ad
370 650 515 707 Brut-tium
538 651 662 725 primunr
685 669 787 725 agrum
809 652 1042 727 depopulandum
1061 653 1158 715 ducit

59 756 153 826 iussit,
175 756 241 813 inde
263 756 300 811 ad
316 753 488 812 Cauloniam
510 757 611 813 urbem
634 757 868 832 oppugnandam.
897 759 1048 834 Impurata
1068 778 1127 817 non

60 861 185 936 impigre
215 860 319 929 solum,
340 858 391 916 sed
422 859 509 917 etiam
534 861 620 918 avide
642 863 784 932 exsecuti,
818 863 937 938 direptis
959 864 1150 939 fugatisque¹

61 967 220 1024 cultoribus
242 966 322 1040 agri,
345 973 458 1023 summa
477 966 508 1024 ri
530 984 625 1024 arcem
649 968 884 1043 oppugnabant.⁴
910 969 1076 1039 Marcellus,
1099 977 1157 1029 et'l

61 1071 189 1129 consulis
230 1071 332 1128 litteris
379 1071 490 1128 excitus
542 1082 571 1130 et
614 1073 683 1147 qnia
726 1075 881 1132 induxerat
918 1075 946 1132 in
990 1074 1127 1144 animum,

61 1178 205 1235 neminem
241 1179 342 1234 ducem
374 1178 538 1235 Romanum
572 1187 632 1236 tam
665 1198 765 1254 parem
794 1180 953 1237 Hannibali
981 1198 1068 1253 quam
1097 1197 1129 1236 se

62 1300 140 1354 esse,
162 1282 212 1339 ubi
233 1281 357 1357 primum
379 1282 408 1338 in
431 1283 509 1358 agris
529 1283 630 1357 pabuli
653 1284 738 1359 copia
760 1285 831 1355 fuit,
853 1305 890 1342 ex
911 1285 1037 1343 hibernis
1058 1258 1129 1360 prox-

62 1387 155 1446 iactus
183 1374 220 1444 ad
247 1386 405 1446 Canusium
433 1387 756 1450 Hannibalisoccurrit.
805 1390 988 1450 sollicitabat
1017 1391 1055 1448 ad
1079 1391 1160 1449 de·8

62 1492 217 1550 factionem
240 1490 404 1550 Canusinos
428 1495 552 1563 Poenus3
585 1503 711 1552 ceterum
734 1505 766 1553 ut
788 1498 1025 1573 appropinquare
1047 1498 1129 1554 Mar·

63 1597 167 1654 cellum
189 1597 314 1670 audivit,
347 1607 444 1655 castra
464 1599 531 1655 inde
552 1600 653 1656 movit.
700 1604 815 1677 Aperta
845 1611 907 1660 arat
934 1604 1032 1678 regio‘,
1068 1603 1129 1660 sine

63 1703 129 1761 ullis
157 1703 195 1759 ad
222 1693 342 1760 insidias
369 1704 503 1772 latebris3
529 1704 629 1779 itaque
649 1707 678 1762 in
700 1706 767 1764 loca
788 1707 919 1764 saltuosa
940 1708 1042 1764 cedere
1062 1706 1129 1763 inde

61 1809 160 1884 recepit.
175 1850 176 1853 η
191 1809 348 1866 Marcellus
361 1808 490 1884 vestigiis
510 1808 638 1867 instabat
664 1822 817 1886 castraque
837 1813 939 1870 castris
954 1811 1130 1882 conferebat,
1143 1817 1161 1871 9

65 1922 103 1984 et,
124 1933 213 1988 opere
234 1914 373 1990 perfecto,
395 1914 542 1989 extemplo
563 1914 592 1971 in
608 1915 699 1973 aciem
721 1916 850 1990 legiones
865 1918 1014 1975 educebat.
1046 1918 1130 1974 Han·

64 2017 143 2076 nibal
174 2020 321 2077 turmatim
351 2039 405 2096 per
431 2019 542 2093 equites
565 2020 753 2095 peditumque
773 2021 948 2081 iaculatores
969 2023 1046 2080 levia
1069 2041 1130 2082 cer·

65 2125 176 2182 tamina
197 2143 304 2196 serens,
325 2143 424 2183 cesum
445 2125 587 2183 universae
601 2145 705 2201 pugnae
719 2146 778 2184 non
792 2128 985 2185 necessarium
998 2129 1131 2189 ducebat.

65 2232 191 2288 Tractus
224 2240 268 2288 est
295 2239 392 2289 tamen
423 2231 461 2287 ad
488 2231 533 2302 id,
565 2233 643 2306 qnod
673 2234 802 2304 vitabat,
838 2243 994 2294 certamen.
1036 2234 1132 2292 Nocte
1147 2240 1185 2294 10

65 2355 256 2412 praegressum
287 2336 451 2412 assequitur
480 2335 553 2394 locis
584 2337 679 2413 planis
707 2355 742 2394 ac
770 2338 937 2415 patentibus
960 2339 1131 2409 Marcellus3

66 2451 164 2499 castra
177 2443 244 2499 inde
259 2437 422 2519 ponentem,
443 2443 601 2519 pugnando
617 2443 744 2516 undique
758 2443 787 2499 in
807 2442 973 2513 munitores,
996 2443 1131 2517 operibus

64 2548 210 2622 prohibet.
251 2548 300 2604 Ita
320 2548 403 2622 signa
426 2548 533 2605 collata
552 2557 770 2624 pugnatumque
786 2549 856 2606 totis
872 2548 963 2623 copiis
985 2557 1022 2617 et,
1043 2568 1131 2623 quum

65 2653 125 2708 iam
151 2670 211 2707 nox
232 2652 368 2722 instaret,
394 2653 492 2709 Marte
513 2671 596 2726 aequo
618 2653 776 2721 discessum
799 2661 850 2709 est.
897 2650 1003 2710 Castra
1025 2653 1131 2727 exiguo

67 2757 205 2814 distantia
235 2757 331 2830 spatio
360 2757 466 2831 raptim
494 2767 561 2815 ante
587 2767 701 2814 noctem
725 2757 898 2830 permunita.
940 2759 1064 2814 Postero
1087 2758 1133 2813 die
1149 2762 1180 2816 11

66 2862 131 2918 luce
162 2862 258 2937 prima
284 2862 441 2920 Marcellus
467 2862 502 2921 in
525 2861 616 2918 aciem
638 2860 739 2935 copias
761 2860 877 2931 eduxit3
910 2879 962 2918 nec
984 2862 1134 2919 Hannibal

67 2967 238 3024 detrectavit
269 2975 435 3037 certamen,
470 2965 567 3024 multis
606 2965 703 3024 verbis
745 2966 916 3023 adhort-utus
948 2966 1066 3036 milites,
1102 2975 1134 3023 ut

68 3089 210 3129 memores
218 3072 413 3129 Trasumenni
424 3070 649 3146 Cannarumque
659 3072 868 3128 contunderent
878 3071 1016 3129 ferociam
1025 3071 1132 3128 hostis:

67 3194 171 3250 urgere
190 3185 277 3252 atque
298 3178 407 3235 instare
428 3194 507 3247 eum3
529 3195 586 3234 non
603 3186 700 3234 castra
713 3194 822 3251 ponera
832 3177 903 3251 pati,
921 3196 979 3234 non
989 3177 1134 3251 respirare
1148 3179 1184 3235 ta

10 3273 12 3276 ¹
68 3290 119 3338 aut
141 3283 374 3358 circumspicere3
407 3282 535 3356 quotidie
557 3281 642 3338 simul
656 3281 794 3338 orientem
810 3283 899 3339 solem
918 3291 947 3338 et
968 3283 1131 3340 Romanam

69 3387 160 3443 aciem
181 3387 211 3444 in
233 3389 344 3464 campis
364 3389 519 3446 videndam
543 3404 622 3456 esse;
644 3385 669 3457 si
683 3405 741 3444 uno
755 3387 858 3461 proelio
875 3387 953 3447 hand
968 3386 1133 3444 incruentus

69 3492 171 3561 abeat,
204 3494 328 3568 quietius
361 3493 464 3550 deinde
491 3492 731 3567 tranquilliusque
759 3511 823 3548 eum
853 3491 1034 3548 bellaturum.
1076 3491 1133 3548 His
1149 3496 1185 3549 13

68 3597 173 3654 irritati
195 3598 464 3670 adhortationibus,
495 3598 639 3672 simulque
664 3597 751 3654 taedio
772 3595 889 3652 ferocia
910 3595 1035 3652 hostium
1060 3613 1133 3670 qno-

68 3703 138 3759 tidie
158 3703 325 3760 instantium
350 3704 620 3776 lacessentiumque,
642 3701 748 3760 acriter
763 3701 895 3774 proelium
913 3699 1019 3756 ineunt.
1053 3700 1133 3774 Pug-

67 3816 168 3865 natum
200 3808 324 3883 amplius
352 3809 465 3866 duabus
494 3809 574 3866 horis
602 3817 654 3865 est.
700 3804 811 3863 Cedere
832 3804 898 3860 inde
928 3805 965 3860 ab
992 3804 1133 3862 Romanis
1150 3811 1184 3865 14
