2812 4556
419 267 495 318 Ltter
512 267 586 320 xxl.
623 269 670 346 (a.
683 268 733 322 ch.
747 269 820 331 ata.)
1068 273 1105 328 23

59 443 164 504 fessus
199 451 306 524 quiete
335 452 417 508 unios
444 451 500 508 diei
528 453 668 522 reficitur,
700 453 810 508 intanto
837 451 910 507 dnos
938 451 976 508 ad
998 451 1148 510 consilium
1191 473 1196 482 ·

59 562 247 623 opportune
270 557 494 629 exsequendum.
547 559 671 614 Postero
701 557 748 614 die
770 554 894 631 profecti
926 574 963 612 ex
984 555 1049 612 loco
1071 557 1178 614 editol

57 654 147 710 fumo
175 657 360 734 significant,
382 661 519 716 transisse
540 679 569 716 aa
589 669 617 717 et
637 661 715 717 haud
737 660 839 734 procul
861 651 977 730 abesse3
1000 661 1078 734 quod
1101 662 1149 720 ubi
1200 673 1203 678 ’

58 762 189 835 accepit
207 765 372 834 Hannibal,
392 785 429 822 ne
451 765 573 839 tempori
593 765 714 835 deesset,
737 765 788 822 dat
809 764 923 838 signum
946 765 984 822 ad
1006 765 1148 822 traiicien-

58 864 147 925 dum.
204 871 272 926 Iam
300 879 421 945 paratas
447 878 622 945 aptatasque
647 871 775 927 habebat
804 869 894 944 pedes
915 868 1030 939 lintres,
1060 873 1178 944 equas8

58 969 128 1026 fere
166 983 297 1048 propter
319 994 408 1050 equos
431 994 535 1034 naves.
564 975 694 1034 Navium
741 991 846 1048 agmen
880 975 918 1031 ad
948 973 1147 1050 excipiendum

61 1077 198 1135 adversi
224 1080 365 1155 impetum
393 1081 518 1138 fluminis
546 1089 630 1155 parte
656 1077 806 1154 superiore
842 1080 1038 1138 transmittens
1068 1088 1147 1135 tran·

63 1181 255 1254 quillitatem
286 1185 364 1242 infra
399 1185 605 1242 traiioientibus
641 1183 773 1240 lintribus
806 1186 970 1258 praebebam
1002 1189 1177 1258 ,equorumtl

64 1305 143 1359 pars
170 1309 283 1365 magna
305 1300 407 1346 nantes
429 1289 499 1346 loris
522 1309 540 1346 a
566 1289 712 1364 puppibus
735 1289 940 1357 trahebantur,
962 1297 1067 1363 praeter
1087 1307 1146 1360 eos,

69 1409 153 1464 qnos
192 1393 328 1477 instratos
361 1394 561 1468 frenatosque,
596 1403 630 1450 nt
659 1393 805 1468 extemplo
838 1411 955 1468 egresso
986 1393 1017 1450 in
1050 1391 1145 1467 ripam

68 1497 172 1568 equiti
195 1499 258 1555 usui
279 1507 389 1566 assent,
416 1498 615 1572 imposuerant
635 1497 665 1552 in
691 1483 791 1555 naves.
835 1497 917 1556 Galli
942 1505 1095 1554 occursant
1114 1497 1145 1554 in
1192 1495 1239 1564 28

72 1601 144 1676 ripa
168 1622 232 1660 cum
254 1603 343 1689 verbs
366 1603 522 1660 ululatibus
539 1611 684 1676 cantuque
700 1603 857 1675 moriseni,
880 1603 1041 1677 quatientes
1062 1613 1145 1659 scuta

74 1723 172 1780 super
186 1709 281 1784 capita
295 1709 500 1782 vibrantesque
522 1707 631 1765 dextris
646 1707 713 1777 tela,
736 1727 902 1781 quanquam
919 1719 948 1765 et
962 1727 998 1764 ex
1021 1709 1144 1764 adverso
1159 1716 1175 1769 2

77 1813 211 1868 terrebat
236 1819 317 1870 tanta
344 1814 389 1870 vis
410 1813 527 1870 navium
555 1832 620 1870 cum
645 1812 754 1887 ingenti
784 1831 857 1870 sono
884 1813 1011 1870 fluminis
1037 1822 1066 1869 et
1086 1812 1144 1868 cla·

78 1932 167 1972 more
187 1916 268 1972 vario
282 1926 437 1974 nautarum
453 1917 642 1991 militumque,
666 1927 695 1974 et
709 1918 757 1992 qni
779 1918 945 1974 nitebantur
959 1935 1145 1990 perrumpere

80 2017 221 2092 impetum
251 2022 376 2078 fluminis
409 2031 438 2078 et
460 2022 510 2095 qui
531 2041 568 2078 ex
590 2022 684 2078 altera
705 2024 769 2097 ripa
790 2022 965 2080 traiicientes
987 2039 1056 2077 suos
1078 2021 1144 2076 hor·

82 2125 229 2182 labantur.
271 2127 341 2200 lam*
361 2125 432 2182 satis
457 2137 596 2202 paventes
624 2128 747 2184 adverso
775 2129 898 2186 tumultu
925 2127 1080 2186 terribilior
1107 2127 1174 2191 ab3

83 2235 167 2303 tergo
196 2231 313 2288 adortus
340 2231 466 2300 clamor,
497 2232 598 2288 castris
625 2232 663 2289 ab
685 2233 831 2288 Hannone
863 2232 963 2308 captis.
1014 2233 1087 2290 Mox
1116 2239 1145 2287 et

81 2329 148 2404 ipse
168 2335 274 2404 aderat,
297 2355 462 2411 ancepsque
484 2329 577 2392 terror
595 2337 809 2406 circumstabat,
831 2345 860 2393 et
880 2357 897 2394 e
918 2337 1040 2394 navibus
1063 2344 1145 2392 tanta

84 2435 114 2490 vi
137 2449 310 2496 armatorum
331 2440 362 2495 in
384 2451 491 2497 terram
514 2442 653 2498 evadente
683 2451 712 2498 et
733 2443 771 2498 ab
794 2451 875 2516 tergo
897 2441 1057 2517 improvisa
1077 2459 1143 2516 pre·

86 2551 179 2598 mente
199 2543 268 2600 acie.
319 2543 401 2602 Galli
429 2555 584 2620 postquam
610 2555 731 2620 utroque
762 2545 821 2601 vim
846 2544 943 2602 iacere
965 2546 1061 2602 conati
1082 2544 1173 2618 pel-4
1218 2571 1243 2588 w

87 2643 221 2716 labantur,
245 2666 304 2723 qua
325 2659 427 2722 patere
448 2650 542 2706 visum
565 2651 697 2707 manime
710 2650 775 2720 iter,
797 2660 1002 2726 perrumpunt,
1024 2649 1141 2725 trepidi·
1210 2669 1212 2672 ·

89 2765 142 2820 que
168 2751 196 2807 in
226 2752 306 2810 vicos
335 2753 445 2828 passim
479 2771 547 2810 snos
569 2751 731 2828 diffugiunt.
775 2754 934 2823 Hannibal,
957 2754 1059 2811 ceteris
1088 2773 1136 2810 oo·

87 2853 140 2924 piis
174 2876 224 2931 per
255 2858 348 2915 otium
382 2858 524 2926 traiectis,
559 2875 696 2932 spernens
736 2859 794 2914 iam
836 2859 967 2917 Gallicos
1003 2858 1142 2914 tumultus

89 2969 176 3017 castra
195 2961 281 3020 locat.

163 3066 392 3142 Elephantorum
416 3068 650 3125 traiiciondorum
673 3068 756 3125 varia
780 3067 901 3124 consilia
932 3067 1022 3124 fuisse
1044 3067 1144 3134 credo;
1156 3085 1172 3138 5

92 3179 160 3226 certe
179 3173 273 3229 variat
287 3176 429 3232 memoria
451 3185 524 3232 actae
546 3173 598 3229 rei.
642 3173 767 3246 Quidam
783 3173 967 3248 congregatis
991 3174 1028 3230 ad
1051 3174 1144 3249 ripam

94 3271 241 3348 elephantis
270 3280 390 3336 tradunt
416 3278 626 3336 ferocissimum
657 3299 694 3336 ex
723 3278 757 3334 iis
790 3279 933 3336 irritatum
967 3281 1004 3335 ab
1033 3288 1146 3335 rectore

92 3396 147 3451 suo,
167 3401 253 3456 quum
275 3383 466 3458 refugientem
494 3383 524 3438 in
547 3401 654 3456 aquam
680 3378 827 3460 [nantem]
851 3393 1034 3458 sequeretur,
1062 3395 1143 3438 trax-

93 3481 141 3539 isse
169 3504 300 3562 gregem,
336 3498 368 3544 ut
404 3506 547 3562 quemque
580 3488 727 3544 timentem
763 3488 943 3545 altitudinem
976 3484 1144 3544 destitueret
1227 3543 1230 3546 .

94 3589 201 3662 vadum,
224 3592 335 3667 impetu
356 3595 421 3668 ipso
445 3591 570 3649 flaminis
592 3593 622 3648 in
645 3593 764 3651 alteram
787 3594 880 3668 ripam
903 3593 1042 3668 rapiente.
1087 3591 1172 3659 (le-6

95 3703 174 3750 tarum
194 3698 288 3772 magis
311 3709 434 3769 constat,
458 3697 570 3755 ratibus
592 3696 742 3764 traiectos3
771 3697 801 3753 id
829 3707 860 3754 ut
882 3701 969 3756 tutius
992 3698 1141 3756 consilium

96 3809 152 3857 anta
175 3822 234 3860 rem
264 3803 357 3876 foret,
390 3806 432 3861 ita
460 3812 526 3860 acta
559 3821 591 3858 re
618 3803 655 3858 ad
683 3801 769 3858 fidem
791 3805 911 3876 pronius
934 3813 986 3860 est.
1036 3805 1140 3859 Ratem
1155 3814 1179 3867 γ’

97 3921 169 3962 unam
190 3908 329 3966 ducentos
352 3908 469 3984 longam
491 3909 590 3984 pedes,
615 3907 825 3982 quinquaginta
846 3907 951 3979 latam,
974 3929 992 3964 a
1013 3919 1090 3964 terra
1111 3907 1141 3962 in

99 4025 195 4068 amnem
215 4022 416 4088 porrexerunt,
439 4030 536 4087 quam,
567 4031 604 4068 ne
627 4012 754 4069 secunda
775 4031 854 4087 aqua
875 4012 1049 4083 deferretur,
1077 4014 1142 4088 plu-
