2700 4426
395 165 472 216 siser
488 164 589 235 xxm.
624 164 671 228 (a.
690 162 825 227 canu.)
887 120 906 234 ψ’
1057 170 1088 224 tt

70 347 234 424 Capitolio,
265 350 295 406 in
323 347 427 417 murm,
458 347 536 405 circa
565 349 683 417 urbem,
713 347 742 403 in
772 357 869 403 monte
900 349 986 404 etiam
1016 347 1133 404 Albano

71 463 160 527 atque
194 472 263 511 arce
292 454 448 530 AEsulana·
471 460 626 528 ponuntur.
686 451 766 508 Inter
799 453 874 509 hunc
908 452 1060 509 tumultum
1096 452 1133 524 Q.
1150 456 1185 508 1'0

71 558 207 616 Fulvium
231 558 432 632 proconsulem
455 555 617 632 profectum
641 572 706 610 cum
728 556 856 612 exercitu
881 555 986 631 Capua
1006 553 1138 625 affertos

71 663 117 721 cui
143 682 181 719 ue
208 663 385 720 minueretur
410 660 578 736 imperium,
608 659 632 714 si
653 659 683 714 in
711 661 812 716 urbem
834 661 1134 732 venisset,·decernit

71 776 203 835 senatus,
235 776 267 824 ut
292 767 328 840 Q.
357 767 462 823 Fulvio
490 783 545 839 par
574 783 639 821 cum
669 765 834 822 consulibus
866 765 1018 841 imperium
1048 774 1132 823 esset.

70 871 232 941 Hannibal,
253 870 385 929 infestius
406 869 598 946 perpopulato
622 886 694 943 agre
708 870 883 945 Fregellano
904 879 1024 946 propter
1044 871 1132 927 inter·
1152 872 1181 925 ll

71 975 147 1032 cisos
169 984 283 1049 pontes,
309 995 362 1060 per
392 975 574 1032 Frusinatem
596 973 870 1048 Ferentinatemque
896 984 924 1031 et
946 974 1132 1050 Anagninum

71 1097 174 1154 agrum
202 1079 233 1135 in
264 1079 444 1136 Labicanum
469 1080 557 1138 venit.
616 1079 689 1136 Inde
715 1079 826 1152 Algido
853 1080 1011 1136 Tusculum
1042 1079 1133 1154 petiit,
1152 1079 1184 1133 12

72 1202 124 1242 nec
145 1193 280 1259 receptus
302 1184 444 1240 moenibus
465 1183 542 1240 infra
563 1185 721 1241 Tusculum
751 1183 920 1239 dextrorsus
949 1183 1066 1242 Gabios·
1084 1184 1133 1240 de·
1223 1205 1226 1208 ’

70 1289 191 1349 scendit.
240 1289 313 1345 Inde
335 1288 364 1344 in
386 1287 540 1362 Pupiniam
564 1287 690 1344 exercitu
712 1287 847 1356 demisso,
869 1296 934 1344 octo
958 1289 1047 1345 millia
1067 1306 1133 1363 pas-

71 1412 154 1452 suum
181 1395 219 1451 ab
241 1394 338 1450 Roma
357 1391 455 1467 posuit
476 1400 581 1449 castra.
625 1392 691 1465 Quo
713 1393 832 1467 propius
853 1393 945 1450 hostis
967 1393 1133 1462 accedebat,
1150 1391 1184 1446 ts

73 1508 108 1557 eo
142 1498 237 1556 maior
270 1495 363 1553 cades
396 1497 485 1553 fiebat
519 1496 690 1571 fugientium
725 1498 951 1572 praecedentibus
989 1499 1133 1566 Numidis,

71 1604 227 1680 pluresque
249 1602 376 1659 omnium
398 1619 535 1676 generum
558 1611 645 1674 atque
667 1605 793 1659 aetatium
816 1602 1013 1678 capiebantur.

155 1709 191 1764 ln
214 1708 270 1763 hoc
288 1704 411 1762 tumultu
436 1704 556 1761 Fulvius
578 1705 702 1761 Flaccus
723 1715 809 1781 porta
831 1705 951 1781 Capena
971 1725 1035 1763 cum
1052 1725 1133 1762 exer·
1186 1697 1229 1764 lll

72 1813 129 1871 citu
161 1815 287 1870 Romam
315 1811 476 1884 ingressus,
509 1810 605 1866 media
635 1810 706 1866 urbe
737 1829 790 1885 per
823 1809 946 1868 Carinas
985 1810 1133 1884 Esquilias

72 1917 238 1985 contendit3·
253 1916 321 1972 inde
343 1933 475 1990 egressus
496 1915 570 1971 inter
591 1914 771 1988 Esquilinam
795 1912 996 1991 Collinamque
1018 1923 1131 1989 portam

72 2023 170 2099 posuit
197 2029 303 2079 castra.
353 2018 469 2076 AEdiles
498 2019 589 2094 plebis
618 2028 810 2076 commeatum
844 2038 878 2076 eo
901 2025 1163 2095 comportarunt32

72 2127 204 2184 consules
237 2132 412 2198 senatusque
440 2123 471 2178 in
500 2134 597 2181 castra
630 2134 783 2194 venerunt3
824 2126 864 2183 ibi
892 2125 928 2182 de
959 2144 1073 2182 summa
1101 2143 1133 2180 re

71 2231 188 2308 publica
211 2229 412 2287 consultatum.
456 2229 580 2299 Placuit,
610 2228 742 2286 consules
766 2230 844 2287 circa
866 2243 966 2305 portas
990 2229 1132 2288 Collinam

71 2337 313 2410 Esquilinamque
324 2341 464 2408 ponerent
476 2342 580 2401 castra;
592 2331 625 2389 C.
633 2330 820 2406 Calpurnium
830 2344 980 2409 praetorem
991 2335 1132 2391 urbanum

72 2440 219 2516 Capitolio
241 2447 330 2513 atque
352 2438 412 2495 arci
435 2455 573 2513 praesse,
605 2445 634 2493 et
661 2447 791 2494 senatum
813 2438 992 2512 frequentem
1015 2439 1045 2495 in
1069 2438 1133 2495 foro

72 2545 227 2614 contineri,
256 2544 281 2600 si
308 2542 376 2616 quid
403 2542 433 2597 in
463 2551 523 2621 tam
544 2541 645 2598 subitis
668 2542 755 2617 rebus
785 2543 916 2599 consulto
944 2562 1018 2618 opus
1047 2553 1132 2601 esset.

71 2651 153 2706 Inter
174 2650 236 2706 haec
257 2646 406 2706 Hannibal
428 2646 465 2701 ad
490 2646 633 2702 Anienem
655 2647 772 2703 fluvium
801 2647 857 2703 tria
884 2619 974 2704 dillia
995 2650 1164 2722 passuum3

72 2754 110 2811 ab
132 2755 204 2823 urbe
227 2763 325 2810 castra
348 2751 486 2808 admovit.
529 2750 576 2807 lbi
595 2750 708 2807 stativis
728 2752 830 2825 positis
849 2751 912 2826 ipse
934 2770 997 2808 cum
1021 2752 1133 2808 duobus

72 2857 199 2914 millibus
231 2858 359 2930 equitum
395 2856 433 2912 ad
467 2863 582 2929 portam
622 2851 765 2910 Collinam
801 2871 892 2928 usque
928 2856 965 2912 ad
999 2855 1134 2912 Herculis

72 2960 211 3036 templum
233 2971 277 3017 est
298 2977 469 3036 progressus
490 2966 592 3032 etque,
621 2958 697 3014 unde
718 2958 851 3032 proxime
872 2968 996 3033 poterat,
1028 2935 1134 3016 moenia

72 3067 218 3140 situmque
233 3065 312 3122 urbis
327 3064 500 3138 obequitans
515 3062 774 3137 contemplabatur.
810 3065 926 3120 ldxeum
942 3076 1001 3121 tam
1016 3064 1164 3120 licenterl

73 3181 162 3244 atque
184 3171 277 3227 otiose
300 3169 406 3239 facere,
428 3156 536 3225 Flacco
553 3166 701 3240 indignum
715 3168 809 3225 visum
825 3176 882 3238 est;
903 3169 1002 3242 itaque
1016 3166 1134 3223 immisit

73 3276 184 3349 equites
205 3273 439 3347 summoverique
460 3282 547 3346 atque
567 3273 597 3328 in
618 3283 714 3329 cestra
728 3273 820 3348 redigi
834 3274 959 3331 hostium
975 3271 1133 3346 equitatum

73 3380 164 3436 iussit.
213 3379 310 3452 Quum
332 3377 516 3435 commissum
538 3376 670 3452 proelium
693 3386 784 3448 esset,
815 3378 947 3435 consules
969 3375 1166 3451 transfugasb

74 3484 287 3555 Numidarum,
313 3483 362 3558 qui
391 3496 450 3540 tum
477 3483 507 3538 in
528 3482 676 3540 Aventino
699 3481 737 3537 ad
758 3481 844 3538 mille·
857 3491 887 3538 et
907 3482 1022 3538 ducent-i
1043 3490 1135 3551 erant,

74 3587 172 3645 media
191 3589 264 3646 urbe
285 3589 408 3645 transire
429 3587 576 3661 Esquilias
596 3586 756 3656 iusserunt,
787 3586 881 3643 nullos
908 3587 1034 3660 aptiores
1061 3585 1166 3644 interd

76 3696 225 3753 convalles
246 3702 381 3767 tectaque
401 3693 551 3749 hortorum
575 3700 604 3749 et
625 3690 759 3766 sepulcra
779 3701 808 3748 et
828 3708 917 3748 cavas
931 3690 1058 3763 undique
1071 3689 1136 3746 vias

76 3800 113 3856 ad
137 3799 325 3877 pugnandum
347 3797 459 3854 futuros
480 3795 545 3853 rati.
591 3795 671 3868 Quos
692 3814 779 3869 quum
800 3814 837 3851 ex
852 3813 919 3851 arce
933 3793 1136 3869 Capitolioque

77 3904 154 3961 clivo
175 3903 309 3962 Publicio
330 3903 360 3959 in
382 3903 462 3977 equis
491 3902 674 3960 decurrentes
697 3900 814 3973 quidam
836 3899 991 3969 vidissent,
1021 3907 1135 3972 captum
