2678 4560
294 227 332 284 tt
561 197 773 278 ntnr'xxvn.
809 223 1026 289 (smnus.)

251 410 425 486 agitassem,
457 429 494 469 ea
514 408 656 487 prodendi
675 408 791 484 imperii
812 409 954 480 Romani,
990 410 1142 468 tradendus
1161 409 1325 468 Hannibali

201 527 236 584 13
249 516 378 574 victoria
410 533 482 574 esse.
528 515 625 589 Quum
658 514 777 572 charnis
808 515 871 572 haec
904 516 1038 574 eonsules
1069 517 1120 574 din
1155 516 1325 582 iactassent,

249 621 321 680 nihil
342 621 413 680 moti
433 621 523 698 legati
543 637 638 696 neque
657 637 706 692 se,
731 619 810 695 qnod
833 611 951 679 domum
971 622 1193 692 renuntiarent,
1212 621 1326 678 habere

249 727 402 798 dixerunt,
423 744 517 801 neque
538 735 671 784 sensium
692 742 795 796 sunm,
818 726 888 800 quid
908 727 978 784 novi
1001 727 1179 798 consuleret,
1199 725 1254 784 ubi
1275 742 1326 781 neo

250 832 345 902 miles,
377 832 427 908 qui
448 832 602 908 legeretur,
623 849 676 889 nec
696 831 834 907 pecunia,
856 850 920 906 qua
941 832 1063 889 daretur
1082 832 1114 889 in
1138 832 1323 909 stipendium.

202 943 237 998 tt
250 945 334 995 esset.
382 937 479 1011 Quum
495 937 658 996 obstinatos
677 953 728 993 eos
744 935 876 994 viderent
889 937 1033 1007 eonsules,
1054 957 1118 994 rem
1136 939 1177 995 ad
1190 947 1322 995 sensim

249 1037 428 1114 detulerunt,
463 1044 513 1102 ubi
534 1052 632 1101 tantus
653 1061 748 1119 pavor
768 1042 873 1100 animis
893 1042 1044 1100 hominum
1067 1051 1113 1101 est
1135 1044 1272 1111 iniectus,
1292 1053 1322 1098 nt

250 1165 359 1224 magne
386 1165 455 1225 pars
482 1156 578 1206 actum
610 1149 646 1206 de
673 1147 797 1223 imperio
830 1148 953 1205 diceret:
989 1147 1067 1206 idem
1091 1149 1169 1206 alies
1193 1148 1321 1206 coloniae

249 1253 395 1324 facturas,
417 1253 493 1311 idem
511 1253 623 1323 socios;
647 1253 826 1312 consensisse
847 1270 947 1310 omnes
970 1253 1008 1311 ad
1030 1255 1217 1329 prodendam
1240 1255 1319 1311 Han·

249 1359 339 1418 nibali
363 1360 464 1416 urbem
481 1359 657 1418 Romanam.
704 1356 846 1416 Consules
860 1359 971 1416 hortari
985 1366 1014 1416 et
1025 1360 1177 1418 consolari
1190 1369 1319 1417 senatum

249 1476 278 1523 et
303 1465 415 1536 dicere,
448 1465 522 1522 clim
551 1464 681 1523 colonias
710 1463 740 1520 in
766 1463 824 1520 fide
850 1471 938 1537 atque
965 1461 1063 1520 officio
1096 1465 1222 1540 pristino
1244 1463 1317 1525 foret

248 1587 298 1628 ees
320 1588 437 1645 quoque
457 1571 547 1646 ipsas,
570 1588 635 1644 qua
658 1568 755 1627 officio
777 1569 983 1640 decessissent,
1010 1569 1036 1626 si
1057 1569 1151 1645 legati
1173 1571 1252 1627 eirca
1273 1585 1317 1625 ees

248 1675 378 1733 colonias
399 1676 560 1746 mittentur,
583 1676 632 1751 qui
656 1675 807 1750 castigent,
829 1691 887 1730 non
911 1674 962 1748 qui
984 1684 1160 1750 precentur,
1182 1693 1314 1733 verecon-

216 1781 325 1838 2diem
348 1781 461 1857 imperii
487 1781 638 1839 hebituras
659 1797 731 1838 esse.
778 1779 956 1837 Permissum
983 1781 1021 1837 ab
1045 1789 1151 1838 senatu
1173 1782 1210 1838 iis
1232 1799 1313 1855 quun

247 1896 337 1958 esset,
358 1891 486 1963 saccant
513 1895 705 1962 agerentque,
734 1893 766 1943 ut
794 1884 999 1960 erepublica
1020 1885 1178 1958 ducerem,
1206 1897 1311 1962 pertn-

246 1993 315 2050 tetis
347 1993 427 2069 prius
461 1993 583 2050 ellurum
631 1991 809 2050 coloniorum
845 1989 965 2062 animis,
1006 1989 1174 2048 citaverunt
1208 1994 1310 2066 legatos

248 2099 499 2174 quesiveruntque
531 2099 569 2156 eb
601 2097 655 2166 iis,
691 2097 795 2171 ecquid
830 2097 935 2154 milites
968 2114 1006 2152 ex
1037 2093 1170 2153 formula
1200 2107 1308 2172 peretot

216 2205 395 2263 dhabereut.
444 2206 505 2262 Pro
527 2203 725 2278 duodeviginti
753 2202 872 2261 coloniis
893 2202 936 2259 M.
963 2200 1104 2260 Sextilius
1125 2202 1305 2277 Fregellanus

246 2308 411 2390 respondit,
443 2317 473 2364 et
502 2308 607 2368 milites
628 2315 748 2385 paratos
772 2327 806 2364 ec
826 2307 953 2364 formula
974 2325 1056 2377 esse,
1079 2317 1118 2378 et,
1139 2309 1167 2364 ci
1186 2307 1305 2383 pluribus

215 2417 232 2470 4
246 2430 320 2488 opos
337 2421 421 2483 esset,
443 2413 540 2489 plnres
557 2415 687 2484 daturos,
698 2423 736 2484 et,
758 2411 895 2488 quicquid
906 2413 984 2469 aliod
997 2412 1159 2487 imperaret
1172 2413 1303 2485 velletque
1332 2499 1333 2506 ἵ

246 2519 370 2595 populus
402 2521 572 2590 Romanus,
605 2520 689 2578 enixe
720 2517 865 2588 lactums3
903 2519 941 2575 ad
972 2519 1003 2575 id
1033 2518 1091 2575 sibi
1119 2537 1216 2593 neque
1244 2533 1303 2593 opes

215 2625 347 2682 ideesse
368 2633 397 2682 et
419 2625 546 2683 animum
569 2625 655 2683 etiam
673 2641 835 2700 superesse.
880 2622 1022 2682 Consules
1032 2641 1140 2699 parom
1156 2623 1214 2680 sibi
1223 2618 1301 2679 videri

245 2728 359 2805 prefati
394 2749 449 2806 pro
481 2730 584 2788 merito
619 2747 737 2802 eorum,
770 2747 824 2786 sua
855 2745 928 2786 voce
960 2728 1125 2786 collaudari
1156 2747 1224 2797 eos,
1257 2723 1300 2783 niu'

246 2835 372 2893 universi
400 2844 499 2910 patres
519 2834 555 2892 iis
575 2835 605 2892 in
626 2836 708 2893 curia
731 2835 840 2910 gratias
863 2836 1002 2911 egissent,
1024 2836 1108 2909 sequi
1130 2835 1161 2891 in
1182 2843 1299 2891 sonetum

214 2942 296 2996 deos
324 2940 478 2996 iusserunt
528 2939 653 2998 Senatus
682 2957 769 3012 quem
799 2949 915 3015 poteret
942 2940 1171 2998 honoratissimo
1199 2941 1298 2996 decreto

245 3044 388 3101 allocutus
410 3063 476 3112 eos,
504 3044 624 3101 mandet
642 3044 824 3114 consulibus,
856 3053 888 3103 ut
908 3045 946 3102 ed
968 3043 1110 3120 populum
1134 3064 1185 3102 eos
1206 3041 1297 3119 prodo·

245 3157 343 3206 eerent
373 3157 401 3205 et
428 3149 504 3205 inter
534 3149 626 3206 multe
647 3149 706 3205 alia
728 3151 884 3225 praeclara,
917 3149 1074 3225 quaeipsis
1097 3150 1298 3220 maioribusque

245 3252 304 3308 suis
326 3253 536 3327 praestitissent,
557 3271 657 3312 reeens
679 3255 766 3312 etiem
782 3256 914 3313 meritum
931 3274 1031 3313 eorum
1050 3255 1082 3311 in
1093 3275 1156 3313 rem
1168 3253 1296 3331 publicem

215 3363 515 3416 lcommemorarent.
558 3361 607 3417 Ne
630 3379 707 3418 nunc
738 3361 853 3436 quidem
880 3369 948 3437 post
974 3371 1019 3418 tot
1046 3360 1155 3418 secula
1175 3359 1296 3416 sileantur
1330 3425 1331 3434 χ

243 3464 452 3522 fraudenturve
473 3465 559 3523 laude
579 3484 641 3523 sus.
680 3465 792 3541 Signini
810 3466 892 3524 linere
907 3475 936 3522 et
946 3465 1082 3523 Norbani
1094 3464 1295 3536 Saticulanique

245 3580 273 3626 et
293 3570 459 3645 Fregellani
482 3579 511 3626 et
532 3571 668 3628 Lucerini
690 3581 716 3628 et
740 3572 869 3630 Venusini
888 3581 914 3628 ct
934 3571 1102 3628 Brundisini
1122 3581 1153 3628 et
1168 3565 1294 3628 Hadriani

213 3676 273 3732 Set
304 3676 435 3733 Firmani
462 3683 491 3734 et
519 3675 735 3748 Ariminenses,
770 3686 799 3734 et
828 3678 866 3734 eb
898 3676 990 3733 altero
1020 3676 1095 3733 mari
1125 3674 1294 3734 Pontieoiet

244 3779 372 3837 Ptestani
401 3790 430 3838 et
452 3779 576 3852 Cosani,
609 3791 638 3838 et
668 3782 871 3840 mediterranei
892 3781 1093 3839 Beneventani
1115 3791 1142 3838 et
1162 3777 1292 3839 AEsesnioi

212 3886 273 3943 det
293 3885 435 3961 Spoletini
455 3895 484 3944 et
501 3888 664 3946 Placentini
679 3897 708 3946 et
722 3886 941 3947 Cremonenses.
991 3887 1107 3946 Harum
1132 3887 1290 3945 coloniumn

244 3991 374 4050 subsidio
395 4001 457 4050 tum
478 3992 629 4068 imperium
652 3994 754 4068 populi
775 3995 904 4052 Romani
927 3993 1024 4064 stetit,
1044 3994 1140 4069 iisque
1159 3989 1290 4069 gradeio
