2678 4560
325 209 378 266 122
444 251 452 260 .
573 203 651 254 Liber
669 201 797 257 XXVIII.
833 202 876 266 (A.
891 217 916 251 n.
930 217 951 251 c.
968 203 1040 266 547.)

246 392 453 459 innantium,
487 389 565 464 quod
588 387 618 444 in
638 407 691 444 sua
713 397 790 444 terra
815 396 918 446 essent.
966 388 1013 445 Ea
1036 388 1117 463 prius
1140 389 1309 464 aggredienda

275 507 356 555 ratus
388 495 503 554 Silanus
531 493 615 569 signa
641 511 728 568 quam
759 492 885 550 maxime
915 493 952 550 ad
979 493 1084 550 laevarn
1114 494 1234 550 iubebat
1255 492 1313 553 tent

277 602 405 660 necunde
435 601 473 657 ab
495 599 666 657 stationibus
680 598 798 656 Punicis
821 599 1049 674 conspiceretur;
1085 600 1158 676 ipse,
1181 598 1313 673 praemissis

203 705 225 775 2
277 706 514 784 speculatoribus,
543 705 630 762 citato
653 705 766 780 agmine
794 706 831 762 ad
858 706 968 761 hostem
1000 705 1105 780 pergit.
1153 705 1230 761 Tria
1250 703 1312 759 nili

277 813 367 871 ferme
402 811 520 880 aberat,
556 827 643 884 quum
677 810 824 868 hauddum
857 811 1008 885 quisquam
1043 811 1171 868 hostium
1193 821 1311 867 senserat:

246 924 262 979 2
277 917 450 993 confragosa
473 915 538 973 loca
560 923 588 972 et
610 915 695 972 obsiti
711 916 842 991 virgultis
861 919 996 992 tegebant
1011 916 1109 974 colles.
1158 915 1208 972 Ibi
1224 915 1252 970 in
1266 933 1314 970 aare

274 1024 350 1080 valla
378 1033 465 1097 atque
494 1022 531 1078 ob
561 1021 590 1077 id
612 1021 724 1078 occulta
746 1022 895 1080 considere
917 1023 1035 1079 militem
1059 1033 1089 1078 et
1112 1021 1214 1078 cibum
1238 1037 1314 1094 capere

274 1130 366 1198 iubct;
388 1139 413 1187 et
434 1127 628 1203 speculatores
646 1126 860 1202 transfugarum
880 1128 957 1186 dicta
977 1127 1160 1185 affirmantes
1180 1137 1314 1183 venerunt:

244 1241 333 1296 stum
356 1234 475 1292 sarcinis
496 1234 525 1290 in
548 1233 672 1290 medium
695 1232 829 1290 coniectis
851 1251 934 1289 arma
954 1234 1081 1290 Romani
1110 1233 1237 1308 capiunt
1265 1233 1314 1310 acia

274 1360 330 1416 que
351 1342 427 1399 iusta
448 1341 478 1396 in
499 1357 626 1414 pugnarn
648 1338 766 1395 vadunt.
814 1339 895 1396 Mille
915 1356 1052 1414 passuum
1075 1340 1222 1410 aberant,
1254 1349 1314 1413 qum

274 1448 311 1504 ab
332 1448 416 1504 hoste
437 1443 582 1520 conspecti
596 1452 670 1513 sunt,
692 1444 888 1520 trepidarique
906 1457 1022 1521 repente
1038 1457 1186 1522 coeptum;
1209 1454 1241 1502 et
1252 1446 1314 1518 Meg

274 1552 433 1609 excestria
460 1551 549 1608 citato
577 1569 650 1625 equo
673 1550 710 1607 ad
731 1550 854 1625 primum
878 1551 1031 1609 clamorem
1055 1560 1084 1608 et
1105 1552 1267 1608 tumultum

244 1658 395 1721 trahitur.
442 1658 536 1715 Erant
562 1657 591 1713 in
621 1654 765 1713 Celtibero
797 1656 924 1713 exercitu
949 1665 1086 1731 quattuor
1107 1657 1206 1714 millia
1227 1667 1287 1714 scut

275 1774 303 1820 et
324 1764 437 1821 ducenti
459 1761 583 1836 equites;
605 1763 679 1818 hanc
699 1760 804 1818 iustam
826 1761 968 1837 legionem
991 1763 1034 1832 (et
1053 1761 1084 1818 id
1105 1761 1204 1820 ferme
1227 1764 1295 1819 robo

274 1870 347 1944 crat)
378 1870 408 1926 in
440 1868 533 1943 prima
566 1867 627 1924 acie
657 1866 748 1935 locat;
781 1876 908 1940 ceteros,
946 1869 1039 1924 levam
1070 1877 1274 1936 armaturam,
1303 1867 1308 1876 '

244 1985 260 2038 5
274 1977 407 2034 subsidiis
422 1974 527 2051 posuit.
561 1973 656 2046 Quum
672 1972 714 2028 ita
733 1973 889 2030 instructos
901 1976 1034 2032 educeret
1051 1974 1195 2043 erastus,
1220 1975 1290 2030 vixd

244 2081 301 2146 ein
334 2098 464 2155 egressos
495 2079 573 2136 vallo
608 2098 657 2136 eos
685 2079 811 2137 Romani
841 2079 902 2154 pila
935 2079 1126 2136 coniecerunt
1176 2079 1286 2138 Subsid

272 2186 397 2261 Hispani
421 2186 558 2242 adversus
580 2185 685 2242 emissa
706 2185 764 2241 tela
785 2186 822 2243 ab
844 2187 943 2253 hoste,
966 2186 1032 2243 inde
1054 2185 1091 2242 ad
1115 2184 1265 2242 mittenda
1284 2187 1291 2240 i

273 2300 461 2366 consurgant3
496 2309 560 2365 quae
581 2309 669 2366 quum
690 2291 816 2349 Rotnani
838 2291 978 2363 conferti,
1012 2290 1176 2361 meulent,
1210 2291 1297 2348 densa

272 2397 450 2473 excepissent
471 2395 576 2466 sontis,
608 2406 668 2454 tum
697 2417 835 2472 pascum
857 2399 930 2475 pede
953 2398 1073 2456 collatus
1095 2406 1124 2452 et
1146 2397 1258 2471 gladiis

243 2516 317 2568 7res
342 2515 437 2577 coepta
457 2513 508 2563 est.
556 2502 689 2561 Ceterum
713 2505 854 2580 asperitas
875 2504 1005 2561 locorum
1027 2501 1197 2573 Celtiberis,
1233 2503 1297 2577 quib

271 2607 301 2664 in
331 2608 432 2683 proelio
458 2627 631 2666 concursare
658 2628 722 2667 mos
749 2618 809 2682 est,
841 2610 1022 2666 velocitatem
1053 2608 1186 2664 inutilem
1209 2607 1284 2666 facie

273 2724 301 2771 et
328 2715 406 2771 haud
431 2715 531 2789 iniqua
559 2716 658 2772 eadem
691 2725 754 2773 erat
774 2717 924 2785 Romanis,
952 2714 1047 2771 stabili
1073 2731 1181 2788 pugnae
1203 2712 1301 2770 assue'

242 2820 325 2884 8nisi
359 2821 436 2895 quod
465 2821 604 2896 angustiae
635 2831 664 2877 et
697 2822 840 2879 internata
862 2821 988 2896 virgulta
1008 2820 1124 2877 ordines
1149 2818 1274 2875 dirimeb

272 2938 300 2984 et
320 2926 425 3002 singuli
454 2925 570 3001 binique
592 2927 672 2984 velut
693 2945 755 2984 cnm
779 2928 897 3001 paribus
921 2944 1070 2984 conserere
1092 2943 1223 3000 pugnam
1249 2915 1312 3006 coget]

241 3033 385 3096 9bantur.
434 3030 519 3105 Quod
552 3033 589 3089 ad
615 3031 714 3107 fugam
745 3033 949 3107 impedimento
976 3032 1107 3089 hostibus
1130 3041 1209 3101 erat,
1245 3032 1274 3087 id

222 3149 258 3204 10
272 3139 377 3195 cedem
402 3155 452 3194 eos
482 3136 561 3194 velut
587 3136 699 3195 vinctos
734 3139 897 3213 prebebat3
914 3201 917 3216 ,
934 3148 963 3196 et
988 3139 1046 3195 iam
1074 3137 1168 3195 ferme
1198 3138 1293 3194 omnib

271 3243 390 3301 scutatis
412 3240 621 3301 Celtiberorum
643 3244 809 3317 interfectis,
830 3244 902 3301 levis
924 3253 1072 3301 armatura
1093 3251 1122 3298 et
1144 3239 1310 3316 Carthagini

272 3368 371 3420 enses,
393 3349 498 3424 quiex
519 3350 617 3407 alteris
639 3351 741 3407 castris
762 3350 889 3408 subsidio
910 3359 1065 3419 venerant,
1088 3348 1215 3424 perculsi
1239 3347 1309 3404 cede

224 3467 254 3520 11
272 3456 382 3513 bantur.
431 3457 499 3514 Duo
522 3457 600 3514 haud
617 3455 739 3531 amplius
756 3455 845 3512 millia
859 3455 985 3529 peditum
1006 3464 1034 3512 et
1057 3455 1203 3529 equitatus
1226 3451 1309 3510 omnis

270 3564 321 3619 vix
347 3563 417 3620 inito
452 3563 564 3638 proelio,
586 3582 650 3620 cum
672 3563 799 3637 Magone
820 3551 990 3636 effugerunt.
1038 3562 1156 3630 Hanno,
1180 3560 1254 3617 alter
1273 3560 1308 3614 in·

271 3677 396 3744 perator,
418 3687 483 3726 curn
498 3667 548 3739 eis,
563 3669 613 3741 qui
630 3668 768 3743 postremi
780 3669 839 3725 iam
854 3668 1008 3743 profligato
1025 3664 1126 3742 proelio
1140 3667 1305 3724 advenerant

223 3781 257 3836 12
271 3775 354 3832 vivus
376 3775 496 3850 capitur.
541 3775 697 3850 Magonem
718 3773 875 3850 lugientem
896 3772 1041 3848 equitatus
1061 3771 1154 3830 ferme
1175 3774 1304 3840 omnies·

271 3881 349 3955 quod
370 3892 499 3938 veterum
521 3882 647 3957 peditum
670 3890 748 3951 erat,
784 3881 874 3939 secuti
896 3880 1006 3938 decimo
1028 3878 1074 3935 die
1094 3878 1124 3936 in
1147 3879 1303 3938 Gaditano
