2700 4426
434 209 513 260 nine
529 187 617 266 xxnss
653 176 701 274 (s.
714 196 847 271 cunii.)
1091 209 1128 266 ra

108 409 180 449 esse.
233 366 354 448 Miranti
380 392 498 449 Bostari
525 391 780 467 percontantique,
812 390 959 466 quodnam
988 390 1018 447 id
1044 390 1171 448 subitum
1188 393 1224 449 12

106 505 195 577 tantae
215 496 259 553 rei
281 497 389 554 donum
411 506 510 572 posset
535 514 613 567 esse,
645 495 807 566 „Obsides“
836 496 929 570 inquit
959 495 1008 565 „in
1039 495 1171 552 civitates
1187 498 1223 554 13
1304 493 1305 497 ’

107 602 231 662 remitte.
278 601 314 658 Id
343 613 373 658 et
403 603 540 678 privatim
567 603 750 678 parentibus,
780 620 902 676 quorum
925 600 1084 657 maximum
1109 619 1171 657 rno-

108 716 235 764 mentnm
258 707 289 763 in
311 707 478 766 civitatibus
500 716 543 765 est
563 708 633 779 suis,
654 718 683 765 et
705 707 819 783 publice
832 706 948 781 populis
969 713 1086 780 gratum
1108 705 1170 762 erit.

108 813 181 869 Vult
212 811 268 868 sibi
301 811 423 887 quisque
455 813 547 883 credi,
581 823 609 869 et
638 812 739 870 habita
771 811 843 869 fides
875 811 969 887 ipsam
1002 809 1172 884 plerumque
1188 814 1224 868 14

108 919 221 994 obligat
252 918 349 976 fidem.
401 917 593 975 Ministerium
627 917 868 975 restituendorum
901 917 1004 973 domos
1038 916 1172 973 obsidum

107 1024 240 1081 mihimet
270 1025 396 1107 deposco
425 1024 502 1097 ipse,
535 1033 567 1080 ut
596 1043 687 1099 opera
714 1042 830 1098 quoque
861 1022 993 1096 impensa
1021 1021 1172 1078 consilium

109 1129 244 1185 adiuvem
270 1146 364 1184 meum
388 1136 417 1184 et
444 1128 486 1185 rei
508 1137 610 1204 suapte
632 1138 737 1185 natura
757 1137 865 1202 gratem
894 1135 1032 1201 quantam
1054 1127 1173 1202 insuper

107 1234 233 1308 gratiam
261 1233 387 1313 possim,
420 1233 583 1290 adiiciam.“
641 1232 761 1289 Homini
793 1251 851 1289 non
874 1234 911 1289 ad
943 1241 1039 1289 cetera
1060 1232 1173 1290 Punica
1189 1239 1224 1294 15

107 1339 226 1413 ingenia
247 1337 353 1395 callido
375 1347 407 1395 ut
423 1339 576 1413 persuasit,
597 1338 770 1399 noeteclam
793 1355 963 1412 progressus
987 1338 1025 1393 ad
1046 1327 1172 1396 hostium

107 1445 263 1512 stationes,
301 1443 449 1500 conventis
479 1444 650 1519 quibusdem
678 1442 868 1500 auxiliaribus
897 1443 1037 1517 Hispanis
1076 1455 1105 1501 et
1133 1446 1172 1502 ab

106 1551 153 1607 his
176 1550 213 1606 ad
235 1548 400 1624 Scipionem
423 1549 594 1623 perductus,
623 1548 693 1622 quid
715 1547 841 1619 afferret,
871 1549 1030 1624 expromit,
1065 1557 1094 1606 et
1115 1549 1172 1606 fide
1188 1552 1224 1608 16
1328 1560 1331 1567 ‘

108 1664 230 1730 accepta
259 1654 387 1728 dataque
419 1671 454 1709 ac
484 1652 549 1710 loco
577 1661 606 1710 et
639 1663 769 1733 tempore
802 1654 957 1711 constituto
988 1653 1025 1709 ad
1056 1654 1171 1711 obsides
1247 1672 1251 1678 ·

107 1759 282 1829 tradendos,
316 1757 479 1834 Saguntum
510 1758 597 1815 redit.
652 1758 739 1815 Diem
775 1759 972 1832 insequentem
1010 1759 1172 1832 absumpsit

108 1885 173 1923 curn
197 1866 322 1922 Bostare
343 1864 488 1920 mandatis
517 1864 555 1920 ad
578 1882 639 1919 rem
663 1863 807 1937 agendam
829 1862 1014 1937 accipiendis.
1061 1863 1172 1919 Dimis·
1187 1867 1223 1922 17

107 1988 168 2041 sus,
190 1987 278 2044 quum
300 1987 333 2025 se
349 1979 433 2024 nocte
454 1969 580 2038 iturum,
594 1981 625 2026 ut
647 1969 793 2026 custodias
815 1969 941 2024 hostium
957 1966 1080 2038 falleret,
1102 1986 1173 2024 con-

108 2075 262 2144 stituisset,
291 2075 328 2130 ad
350 2073 541 2149 compositam
569 2092 633 2130 cum
662 2073 696 2130 iis
726 2075 828 2131 horam
851 2073 982 2130 excitatis
1005 2073 1172 2131 custodibus

107 2197 263 2255 puerorum
285 2177 447 2252 profectus,
475 2179 565 2235 veluti
592 2180 712 2253 ignarus
738 2180 767 2236 in
794 2187 973 2255 praeparatas
995 2196 1049 2235 sua
1069 2177 1173 2235 fraude

107 2284 229 2342 insidias
253 2283 339 2343 ducit.
381 2284 417 2339 In
442 2292 539 2340 castra
559 2285 695 2342 Romana
724 2284 868 2360 perducti3
896 2295 993 2343 cetera
1013 2285 1112 2341 omnia
1136 2285 1172 2340 de
1188 2286 1224 2342 18

107 2390 262 2448 reddendis
284 2389 443 2458 obsidibus,
465 2388 539 2446 sicut
560 2407 624 2446 cum
648 2390 772 2446 Bostare
794 2390 979 2447 constitutum
1003 2399 1075 2459 erat,
1106 2399 1173 2446 acta

108 2513 163 2570 per
182 2495 303 2552 eundem
320 2494 459 2564 ordinem,
482 2513 540 2568 quo
562 2495 586 2551 si
602 2493 884 2569 Carthaginiensium
902 2493 1019 2551 nomine
1039 2494 1081 2551 sio
1103 2513 1172 2569 age·

108 2611 199 2663 retur.
241 2602 339 2659 Maior
368 2600 516 2674 aliquanto
540 2601 739 2656 Romanorum
765 2598 862 2674 gratia
895 2598 951 2656 fuit
978 2601 1008 2657 in
1037 2619 1069 2656 re
1098 2599 1172 2675 pari,
1189 2605 1224 2660 19

109 2725 197 2780 quam
232 2714 343 2780 quanta
377 2704 478 2762 futura
510 2703 792 2779 Carthaginiensium
829 2704 933 2761 fuerat.
993 2705 1064 2761 Illos
1097 2704 1172 2760 enim

108 2829 215 2885 graves
229 2810 422 2884 superbosque
445 2809 475 2865 in
489 2809 576 2865 rebus
598 2809 730 2866 secundis
746 2818 881 2885 expertos
904 2809 1021 2866 fortuna
1043 2817 1071 2865 et
1086 2807 1173 2864 timor
1216 2865 1217 2868 ,

110 2915 258 2990 mitigasse
279 2914 370 2971 videri
390 2922 520 2989 poterat3
548 2914 699 2970 Romanus
720 2915 815 2989 primo
837 2914 980 2982 adventu,
1009 2911 1171 2986 incognitus
1186 2918 1224 2973 20
1258 2925 1261 2932 '

110 3029 191 3090 ants,
220 3020 257 3076 ab
279 3038 311 3075 re
339 3019 472 3076 clementi
502 3018 673 3092 liberalique
701 3018 812 3077 initium
841 3018 959 3088 fecerat,
987 3024 1016 3073 et
1047 3016 1173 3085 Abelux,

110 3124 156 3182 vir
176 3123 316 3199 prudens,
345 3124 423 3181 haud
452 3123 561 3180 frustra
588 3123 742 3181 videbatur
768 3122 863 3180 socios
888 3132 1023 3180 mutasse.
1067 3123 1173 3197 Itaque
1186 3129 1222 3186 21

110 3229 218 3304 ingenti
250 3246 392 3286 consensu
420 3227 609 3285 defectionem
638 3248 737 3286 omnes
768 3237 915 3304 spectare3
949 3247 1089 3302 armaque
1121 3247 1172 3284 ex·

109 3333 218 3408 templo
239 3343 320 3391 mota
342 3333 447 3404 forent,
469 3333 499 3391 ni
519 3334 621 3405 hieme,
651 3353 716 3408 quae
738 3310 888 3390 Romanos
912 3350 1029 3407 quoque
1050 3341 1079 3390 et
1100 3332 1172 3390 Oar-

109 3439 304 3512 thaginienscs
326 3439 484 3496 concedere
504 3439 533 3494 in
556 3448 633 3496 tecta
655 3438 759 3513 coegit,
781 3437 991 3497 intervenisset.

192 3541 265 3599 Haec
291 3543 322 3598 in
351 3544 497 3619 Hispania
520 3542 664 3622 [quoque]
695 3543 821 3601 secunda
853 3551 952 3598 aestate
974 3544 1078 3602 Punici
1105 3545 1174 3602 belli
1222 3539 1266 3609 23

109 3655 202 3720 gesta,
223 3666 312 3721 quum
327 3648 357 3705 in
371 3649 459 3706 Italia
473 3649 591 3726 paulurn
606 3648 751 3707 intervalli
773 3647 907 3705 cladibus
916 3648 1057 3706 Romanis
1071 3649 1173 3706 sollers

108 3751 256 3840 ¹curtictatio
288 3753 375 3811 Fabii
405 3753 534 3826 fecissen
567 3774 631 3831 quae
663 3765 695 3812 ut
715 3753 912 3812 Hannibalem
943 3771 1003 3809 non
1035 3753 1203 3812 mediocri2

110 3856 265 3915 sollicitum
288 3876 359 3916 cura
382 3861 519 3931 habebat,
540 3860 656 3917 tandem
679 3876 742 3915 eum
766 3857 873 3915 militiae
899 3857 1069 3932 magistrum
1093 3856 1171 3914 dele-

109 3962 188 4036 gisse
213 3964 364 4022 Romanos
390 3972 568 4035 cernentem,
602 3965 651 4039 qui
681 3963 787 4021 bellurn
809 3962 937 4034 ratione,
965 3981 1023 4020 non
1054 3961 1172 4020 fortuna
