2674 4542
300 209 357 265 178
570 207 649 260 biber
666 207 768 260 xxlv.
805 209 850 272 (A.
862 223 887 262 u.
899 223 923 264 e.
934 209 1006 271 539.)

255 389 427 460 satellitum,
449 397 482 448 ut
502 390 644 448 iacentem
665 391 765 448 videre
787 409 903 468 regem,
935 393 1016 450 fecte
1037 403 1098 464 est3
1130 393 1271 452 interfect
1291 415 1311 437 ν

255 513 325 571 pars
352 493 500 552 inferum
529 495 567 552 ad
592 496 802 553 multitudinem
831 496 925 554 latam
955 489 1108 568 libertate,
1146 517 1219 574 pers
1239 500 1267 557 Sv

255 619 341 660 cusas
374 610 499 678 pergunt
531 601 569 658 ed
602 601 835 677 proeoccupande
868 577 1079 660 Andrauodori
1122 603 1308 678 regiorumque

225 705 379 764 Saliorum
401 707 531 764 consilia.
573 707 690 764 Incerto
714 725 810 768 rerum
833 716 926 777 statu,
949 707 1029 782 App.
1052 706 1204 765 Claudius
1224 707 1307 764 bellun

256 809 352 870 eliens
384 830 420 868 ex
454 811 618 886 propinquo
653 829 741 886 quum
775 822 918 882 cerneret,
958 821 1092 868 senatum
1132 814 1237 871 litteris
1262 831 1308 868 cer·

255 915 357 973 tionem
380 914 458 987 iecit,
479 916 609 975 Siciliam
630 915 864 990 Carthaginiensi
887 916 996 990 populo
1020 926 1049 973 et
1071 918 1238 975 Hannibali
1256 937 1307 974 con·

225 1022 364 1092 9cilieri,
390 1021 455 1096 ipse
476 1021 616 1079 adversus
638 1021 824 1096 Syracusana
845 1021 965 1078 consilia
986 1023 1027 1077 ad
1046 1023 1215 1096 provinciae
1234 1023 1307 1097 regu·

257 1145 313 1200 que
334 1127 406 1183 lines
428 1127 526 1183 omnia
548 1125 689 1183 convertit
711 1124 854 1200 prasidio.

209 1236 242 1290 10
340 1232 431 1289 Exitu
453 1232 521 1288 enni
543 1232 605 1289 eius
620 1232 657 1304 Q.
672 1230 783 1288 Fabius
798 1249 836 1287 ex
856 1231 1027 1288 auctoritate
1043 1241 1169 1289 senatus
1181 1231 1305 1299 Puteolos,

257 1351 309 1412 per
331 1337 437 1395 bellum
466 1345 591 1411 coeptum
621 1335 799 1410 frequentari
822 1336 996 1411 emporium,
1032 1337 1211 1394 communiit
1231 1336 1322 1411 pl'ffll·t

207 1446 239 1501 11
257 1440 394 1514 diumque
422 1440 569 1516 imposuit.
627 1441 699 1497 Inde
726 1443 851 1499 Romam
880 1441 1062 1498 comitiorum
1093 1459 1191 1500 eausa
1211 1443 1322 1498 veniere

257 1545 286 1602 iu
309 1564 385 1616 eum,
408 1564 492 1619 quem
515 1546 639 1620 primum
662 1546 737 1602 diem
762 1545 936 1603 comitialem
957 1545 1067 1614 habuit,
1083 1548 1209 1604 comitia
1229 1547 1303 1603 edixit

206 1654 242 1710 12
256 1658 345 1723 atque
366 1669 403 1708 ex
430 1650 532 1708 itinere
552 1659 658 1725 praeter
677 1653 778 1708 urbem
800 1651 829 1708 in
851 1669 985 1725 eampum
1007 1651 1171 1710 descendit.
1215 1655 1256 1710 Eo
1271 1651 1304 1708 db

258 1773 346 1829 quum
381 1773 445 1814 sors
481 1756 682 1832 prerogativae
719 1756 843 1814 Aniensi
878 1755 1021 1812 iuniorum
1061 1757 1192 1828 exisset,
1233 1773 1324 1830 eaque

258 1862 295 1920 Τ.
324 1859 496 1933 Otacilium,
527 1863 569 1919 M.
592 1861 744 1920 AEmilium
769 1859 914 1935 Regillum
942 1859 1075 1918 consules
1103 1863 1243 1938 diceret„
1259 1873 1301 1918 tun

259 1967 295 2041 Q.
319 1967 429 2025 Fabius
453 1968 567 2025 silentio
588 1965 667 2024 facto
689 1966 741 2022 teli
766 1966 899 2023 oratione
921 1975 964 2022 est
985 1984 1071 2022 usus:
1123 1969 1177 2037 „Si
1200 1979 1246 2026 aut
1264 1985 1302 2042 ps·
1324 2028 1325 2034 p

259 2091 322 2129 cem
343 2072 373 2128 iu
396 2072 484 2129 ltalia
513 2081 563 2129 aut
590 2072 621 2128 id
643 2071 749 2128 bellum
777 2089 900 2145 eumque
930 2071 1043 2128 hostem
1071 2073 1258 2141 haberemus,
1281 2073 1301 2128 iu

257 2196 316 2253 quo
338 2177 518 2252 negligentiae
541 2177 638 2233 laxior
667 2175 749 2232 locus
773 2183 864 2244 esset,
905 2176 954 2249 qui
981 2176 1085 2246 vestris
1108 2179 1226 2248 studiis,
1255 2197 1300 2252 que

257 2285 287 2340 iu
316 2301 450 2356 campum
486 2281 523 2338 ad
551 2281 748 2348 mandandos,
775 2279 880 2353 quibus
912 2279 1021 2351 velitis,
1049 2283 1179 2341 honores
1207 2283 1299 2341 effertis
1325 2343 1326 2350 χ

258 2407 369 2445 morem
402 2387 490 2444 ullam
520 2383 651 2455 offerret,
691 2384 715 2440 is
747 2384 817 2442 mihi
846 2403 949 2459 parum
985 2386 1151 2444 meminisse
1179 2391 1301 2446 videretur

227 2496 363 2552 tvestrae
384 2492 540 2559 libertatis3
580 2490 631 2546 sed
653 2507 740 2563 quum
762 2489 792 2546 in
814 2489 869 2545 hoo
891 2490 983 2560 bello,
1014 2490 1044 2546 in
1066 2493 1125 2548 hoc
1146 2469 1227 2550 hos'te
1245 2511 1299 2548 nun·

259 2616 347 2674 quem
383 2600 421 2655 ab
449 2597 507 2655 ullo
540 2596 613 2653 duce
647 2594 709 2650 sine
737 2594 846 2668 ingenti
872 2604 973 2651 nostre
1004 2595 1088 2652 clade
1118 2607 1240 2654 erratum
1266 2595 1298 2653 sit

259 2705 360 2762 eadem
382 2722 435 2761 vos
458 2721 537 2772 cura,
560 2719 618 2774 que
635 2700 665 2755 in
687 2699 778 2755 aciem
799 2699 905 2755 armati
926 2699 1110 2773 descenditis,
1132 2703 1205 2759 inire
1216 2701 1298 2758 suffre-

257 2810 335 2885 glum
358 2811 397 2867 ad
419 2806 559 2866 creandos
582 2802 714 2861 eonsules
736 2803 818 2860 decet
847 2813 876 2859 et
899 2803 955 2860 sibi
975 2803 1018 2860 sio
1045 2824 1191 2880 quemque
1211 2807 1297 2864 dicen:

227 2921 244 2977 3
260 2916 438 2985 ,Hannibali
458 2909 626 2987 imperatori
640 2925 740 2982 parem
756 2906 901 2963 consulem
917 2908 1065 2965 nomino.“
1111 2912 1178 2969 Hoc
1193 2909 1296 2968 anuoed

258 3017 390 3093 Capuam
413 3016 540 3074 Vibellio
556 3016 690 3082 Taureae,
714 3009 866 3086 Campano
890 3030 1002 3070 summo
1025 3015 1127 3088 equiti,
1151 3013 1296 3091 provocanti

257 3141 386 3182 summus
424 3124 574 3194 Romanus
611 3134 699 3193 eques
738 3115 856 3173 Asellus
897 3115 1036 3174 Claudius
1076 3129 1121 3177 est
1162 3119 1296 3196 oppositus.

226 3230 410 3288 ‹lAdversue
443 3225 562 3284 Gallum
595 3223 741 3297 quondam
774 3231 982 3296 provocantem
1016 3223 1046 3279 in
1078 3234 1168 3300 ponte
1198 3221 1296 3282 Anienis

188 3343 192 3353 '
258 3336 295 3392 T.
320 3332 462 3389 Manlium
496 3329 629 3386 fidentem
659 3335 688 3383 et
723 3327 820 3383 auimo
853 3335 882 3382 et
915 3327 1025 3384 viribus
1058 3329 1163 3385 misere
1196 3329 1295 3385 miore

228 3437 357 3497 5nostri.
406 3432 484 3512 [Ob]
507 3433 629 3490 eandem
651 3449 769 3490 causum
794 3431 872 3488 haud
903 3432 999 3488 multis
1027 3434 1111 3490 annis
1137 3443 1204 3509 post
1226 3432 1295 3489 fuisse

258 3562 316 3599 non
345 3540 529 3616 negaverim,
566 3557 617 3596 eur
649 3539 689 3594 M.
723 3535 845 3593 Valerio
877 3555 936 3592 nou
969 3537 1150 3596 diffideretur
1181 3539 1294 3596 adversus

258 3648 388 3706 similiter
421 3653 628 3722 provocantem
666 3660 748 3699 arma
783 3640 909 3716 capienti
941 3641 1059 3700 Gallum
1094 3645 1132 3700 ed
1164 3653 1294 3701 certamen.

228 3752 511 3829 ssQuemadmodum
540 3748 651 3824 pedites
681 3747 849 3821 equitesque
882 3755 1017 3822 optamus
1039 3757 1071 3804 ut
1092 3748 1250 3812 validiores,
1276 3743 1293 3797 si

259 3861 368 3928 rninus,
405 3866 437 3914 ut
465 3871 550 3929 pares
580 3851 656 3909 hosti
683 3853 859 3921 habeamus,
894 3851 936 3908 ita
970 3852 1036 3910 duci
1064 3854 1187 3910 hostium
1213 3867 1292 3926 paren

228 3965 464 4038 ‘iimpereterem
494 3944 665 4031 quaer'emus.
728 3955 845 4028 Quum,
864 3955 912 4028 qui
941 3966 985 4013 est
1006 3975 1134 4015 summus
1159 3952 1293 4014 incivitate
