2704 4552
289 235 327 294 72
565 231 644 284 Liuor
660 231 748 282 xxn„
786 231 991 296 (suasor.)
1069 223 1074 230 '

247 420 447 477 Romanorum
479 415 648 486 multitudo,
681 425 710 474 et
740 416 779 474 ad
811 433 896 474 aures
930 433 1046 490 quoque
1076 413 1206 472 rnilitum
1244 413 1314 470 dicta
1345 413 1346 469 i

247 521 357 582 ferocia
379 521 601 590 evolvebantur3
630 541 665 579 ac
687 522 713 580 si
734 520 867 579 militaris
889 515 1020 595 suffragii
1041 538 1089 578 res
1112 528 1210 591 esset,
1240 517 1315 576 haud

248 627 335 686 dubie
356 626 498 696 ferebant,
520 627 679 686 Minucium
703 628 799 685 Fabio
823 627 889 685 duci
908 626 1090 701 praelaturos.

330 732 441 790 Fabius
464 731 574 806 pariter
600 731 630 788 in
656 750 725 791 suos
754 733 833 791 haud
854 732 949 802 miuus
968 747 1066 805 quam
1095 732 1125 788 in
1147 731 1252 786 hostes
1273 729 1313 784 iu-
1345 791 1346 796 ἵ

247 847 360 908 tentus,
387 837 467 912 prius
496 836 611 894 abillis
641 837 779 896 invictum
810 839 936 896 animum
962 843 1090 912 proestet.
1135 834 1311 908 Quanquam

246 944 339 1018 probe
367 943 430 1012 scit,
456 961 514 1000 non
543 941 573 998 in
602 943 703 1000 castris
729 942 908 1012 medearis,
935 942 986 1000 sed
1014 942 1072 998 iam
1100 939 1190 996 etiarn
1213 941 1312 998 Roma

246 1046 385 1104 infamem
408 1065 491 1104 suam
526 1047 738 1106 cunctationem
771 1065 849 1117 esse,
883 1048 1045 1104 obstinatus
1076 1054 1177 1103 tamen
1213 1053 1311 1102 tenore
1344 1112 1345 1115 Ἴ

216 1153 348 1210 leodem
371 1152 556 1210 consiliorum
578 1153 686 1210 aestatis
708 1152 852 1228 reliquum!
873 1152 1009 1222 extraxit,
1037 1160 1068 1208 ut
1089 1149 1245 1208 Hannibal
1267 1149 1310 1204 dc-

247 1258 362 1315 stitutus
384 1258 422 1315 ah
444 1276 496 1333 spe
510 1277 624 1316 summa
638 1277 694 1334 ope
708 1258 790 1333 petiti
810 1257 975 1315 certaminis
993 1256 1051 1314 iam
1066 1255 1195 1313 hibernis
1217 1255 1308 1312 locum

247 1363 508 1440 circumspectaret,
531 1365 600 1439 quia
621 1383 657 1420 ea
677 1363 759 1438 regio
780 1361 929 1437 praesentis
951 1370 1015 1419 crat
1036 1361 1136 1436 copim,
1166 1379 1226 1418 non
1248 1379 1308 1436 per·

246 1478 356 1544 petum,
392 1469 513 1526 arbusta
547 1469 695 1543 vineaeque
728 1476 757 1524 et
788 1468 900 1526 consita
932 1466 1031 1524 omnia
1062 1467 1157 1541 magis
1192 1463 1311 1522 amoenis

215 1575 335 1648 dquam
374 1574 544 1631 necessariis
580 1573 730 1631 fructibus.
788 1574 860 1632 Hmc
894 1592 946 1648 per
981 1572 1184 1648 exploratores
1220 1572 1306 1628 relata

246 1678 352 1736 Fabio.
400 1677 497 1751 Quum
521 1679 592 1736 satis
614 1678 714 1746 sciret,
737 1698 789 1754 per
810 1680 925 1736 easdem
951 1677 1109 1753 angustias,
1133 1677 1241 1751 quibus
1269 1677 1305 1732 in·

247 1790 377 1840 traverat
398 1782 554 1841 Falernum
585 1802 702 1860 agrum,
728 1784 901 1854 rediturum,
930 1781 1099 1842 Calliculam
1127 1793 1255 1842 montem
1282 1792 1305 1838 et

216 1887 408 1947 lOasilinum
430 1899 554 1964 occupat
577 1888 697 1947 modicis
711 1890 876 1972 presidiis,
900 1907 965 1963 quae
986 1889 1055 1946 urbs
1084 1888 1234 1946 Vulturno
1258 1889 1304 1944 flu·

248 1994 325 2051 mine
346 1994 490 2069 dirempta
511 1994 666 2051 Falernum
690 2013 709 2050 a
732 1993 885 2070 Campano
913 2011 985 2068 agro
1008 1993 1122 2062 dividit3
1153 1993 1218 2069 ipse
1238 1992 1304 2067 iuga

246 2098 348 2155 iisdem
370 2100 527 2157 exercitum
548 2099 670 2168 reducit,
692 2100 780 2156 misso
795 2098 978 2175 exploratum
1000 2117 1065 2156 cum
1094 2097 1303 2174 quadringentis

216 2203 390 2277 dequitibus
413 2204 558 2261 sociorum
580 2205 616 2263 L.
631 2204 759 2262 Hostilio
780 2204 927 2262 Mancino.
977 2204 1043 2276 Qui
1065 2223 1102 2260 ex
1123 2205 1212 2262 turha
1232 2205 1302 2261 iuve-

246 2326 315 2364 num
338 2307 516 2366 audientium
540 2326 617 2383 saepe
638 2307 774 2366 ferociter
794 2309 1008 2366 contionantem
1036 2310 1210 2384 magistrum
1232 2307 1303 2383 equi·

246 2422 317 2483 tum,
338 2429 510 2488 progressus
532 2413 626 2488 primo
647 2414 840 2489 exploratoris
863 2414 960 2486 modo,
983 2426 1014 2472 ut
1035 2434 1072 2472 ex
1093 2422 1157 2472 tuto
1179 2415 1302 2490 specula·

246 2526 326 2574 retur
357 2518 480 2588 hostem,
514 2517 565 2575 ubi
586 2529 678 2594 vegos
702 2520 811 2594 passim
833 2521 987 2594 pervices
1008 2520 1154 2578 Numidas
1185 2521 1255 2578 vidit
1283 2527 1303 2574 et

216 2623 299 2698 ὅροι·
320 2622 502 2682 occasionem
525 2623 611 2681 etiarn
634 2643 743 2699 paucos
765 2625 878 2694 occidit,
901 2625 1046 2700 extemplo
1068 2636 1228 2700 occupatus
1249 2645 1302 2683 cer·

246 2727 355 2785 tamine
387 2736 430 2785 est
463 2713 590 2800 animus,
627 2731 852 2804 excideruntque
882 2740 1028 2805 praecepta
1055 2731 1221 2801 dictatoris,
1250 2729 1301 2804 qui,

247 2844 386 2909 quantum
411 2844 474 2893 tuto
496 2844 603 2910 posset,
625 2852 810 2910 progressum
834 2833 913 2908 prius
935 2834 1063 2909 recipere
1088 2853 1153 2893 sese
1178 2837 1301 2900 iusserat

216 2947 335 3014 lquam
365 2941 395 2998 in
426 2950 611 3016 conspectum
643 2939 770 2996 hostium
803 2938 923 2996 veniret.
975 2939 1111 2996 Numidae
1141 2941 1191 2997 alii
1223 2949 1301 3012 atque

247 3047 296 3104 elii
317 3055 504 3104 occursantes
524 3043 757 3119 refugientesque
778 3044 816 3100 ad
838 3052 935 3101 castre
956 3062 1048 3119 prope
1069 3045 1134 3120 ipsa
1155 3065 1220 3104 cum
1241 3043 1300 3101 lati·

215 3155 233 3212 8
245 3131 370 3226 gatione'
384 3168 524 3233 equorum
553 3158 641 3222 atque
666 3149 816 3206 hominum
838 3159 1016 3224 pertraxere.
1065 3150 1138 3208 Inde
1160 3149 1300 3214 Carthalo,

246 3273 334 3329 penes
366 3273 452 3328 quem
482 3272 596 3310 summa
623 3253 764 3327 equestris
791 3254 905 3329 imperii
940 3266 1018 3326 erat,
1046 3255 1198 3313 concitatis
1228 3253 1300 3328 equis

245 3359 386 3429 invectus,
409 3370 498 3431 quum
514 3356 604 3431 prius,
621 3375 708 3431 quarn
724 3358 763 3414 ad
777 3359 937 3416 coniectum
952 3359 1002 3416 teli
1016 3359 1136 3429 veniret,
1158 3359 1300 3416 avertisset

245 3464 354 3532 hostes,
377 3461 504 3536 quinque
525 3459 616 3517 ferme
646 3461 737 3519 millia
766 3462 923 3520 continenti
951 3481 1035 3520 cursu
1057 3472 1173 3520 secutus
1201 3473 1244 3522 cet
1261 3461 1298 3520 l·

215 3567 366 3642 tigientes.
415 3565 568 3628 Mancinus
589 3574 745 3641 postquam
775 3585 828 3624 nec
854 3569 966 3625 hostem
995 3567 1133 3626 desistere
1154 3569 1236 3645 sequi
1255 3583 1298 3624 nec

246 3689 327 3746 spem
349 3670 423 3727 vidit
446 3669 602 3746 effugiendi
623 3690 703 3741 esse,
731 3673 898 3730 cohortatus
921 3690 989 3730 suos
1010 3673 1040 3729 iu
1061 3672 1195 3748 proelium
1217 3671 1297 3740 rediit,

198 3780 232 3835 10
247 3776 325 3833 omni
352 3785 437 3851 parte
468 3777 573 3836 virium
604 3778 709 3851 impar.
764 3777 871 3851 Itaque
900 3777 963 3852 ipse
995 3785 1024 3834 et
1049 3778 1153 3836 delecti
1182 3779 1296 3855 equitum

246 3880 434 3940 circumventi
453 3882 635 3950 occiduntur;
664 3881 752 3938 ceteri
774 3879 867 3939 effuso
888 3900 988 3939 rursus
1018 3901 1102 3940 cursu
1133 3881 1220 3942 Cales
1247 3881 1295 3958 pn'·

246 4005 334 4057 mum,
356 3987 424 4044 inde
444 4004 536 4061 prope
556 3986 642 4044 inviis
664 3985 785 4043 callibus
808 3986 846 4044 ad
868 3986 1037 4045 dictatorem
1059 3986 1255 4062 perfugerunt.
1345 4019 1346 4044 ;
