2704 4552
344 249 421 298 Liber
435 248 522 298 xxn.
559 249 608 311 (n.
622 247 754 312 enare.)

15 429 77 506 ipae
98 429 246 488 futurum
270 442 343 502 erat,
365 451 452 506 quum
478 433 571 490 aciem
593 432 759 508 dirigerent,
790 434 846 508 ipsi
869 453 939 492 aver
1083 405 1211 500 ‘siffis

13 545 106 592 antnm
141 535 278 596 afflante
305 546 409 608 vento,
441 538 471 594 in
501 547 675 601 occaecatum
708 539 828 615 pulvere
851 539 945 598 offuso
966 541 1080 598 hostem

12 643 169 714 agnaruri.

78 745 249 821 Consules,
271 750 343 807 satis
364 749 523 824 exploratis
544 749 704 820 itineribus,
727 758 879 824 sequentes
895 752 1027 818 Poenum,
1049 759 1081 806 nt
1133 743 1177 812 44

10 859 114 910 tentum
143 855 188 910 ad
207 853 329 912 Cannas
352 864 394 912 est
416 864 445 912 et
457 854 487 911 in
509 865 665 930 conspectu
687 857 809 913 Poenum
831 857 988 926 habebant,
1012 856 1081 912 bina

9 967 94 1013 rastra
109 961 335 1030 communiunt,
358 961 459 1017 eodem
475 959 566 1016 ferme
580 960 743 1030 intervallo,
767 980 824 1035 quo
840 962 877 1018 ad
893 961 1081 1032 Gereonium,

9 1063 71 1118 aient
105 1073 191 1134 ante,
231 1065 324 1140 copiis
356 1065 465 1134 divisis.
514 1067 639 1122 Aufidus
673 1069 781 1137 amnis,
815 1067 944 1141 utrisque
978 1065 1112 1123 castrisi

7 1167 139 1239 affluens,
178 1170 298 1226 aditum
329 1169 517 1243 aquatoribus
547 1189 584 1227 ex
612 1189 666 1227 sua
694 1169 834 1244 cuiusque
865 1170 1081 1246 opportunitate

8 1274 77 1330 haud
101 1275 169 1332 sine
196 1264 358 1333 certamine
379 1275 485 1344 dabat;
508 1295 545 1332 ex
569 1275 727 1333 minoribns
749 1285 847 1332 tamen
871 1276 988 1344 castris,
1019 1277 1113 1350 quoe3

7 1379 97 1452 posita
119 1391 213 1438 trans
239 1380 378 1439 Aufidum
399 1389 491 1449 erant,
512 1380 629 1437 liberius
652 1382 836 1454 aquabantur
857 1380 991 1451 Romani,
1014 1381 1083 1455 qnia

8 1485 66 1557 ripa
97 1487 231 1544 ulterior·
257 1486 366 1543 nullum
394 1487 521 1543 habebat
556 1485 681 1542 hostium
708 1487 882 1560 praesidium.
932 1486 1113 1544 Hannibali

8 1605 83 1661 spem
109 1602 259 1662 nanctus,
290 1593 361 1650 locis
382 1593 458 1648 natis
489 1591 527 1646 ad
549 1600 711 1664 equestrem
741 1611 886 1667 pugnam,
914 1610 972 1665 qua
999 1602 1082 1667 parte

11 1694 109 1751 virium
132 1675 268 1755 invictus
291 1706 361 1768 erat,
383 1696 512 1754 facturos
538 1695 653 1770 copiam
677 1697 825 1771 pugnandi
849 1697 991 1768 consules,
1013 1697 1082 1754 diri·

13 1798 49 1870 git
71 1800 167 1858 eciem
199 1803 375 1876 lacessitque
395 1801 590 1859 Numidarum
613 1802 832 1874 procursatione
854 1801 961 1859 hostes.
1010 1803 1113 1858 Indeb

14 1921 106 1962 narsus
129 1909 289 1965 sollicitari
312 1908 452 1965 seditione
475 1906 591 1962 militari
621 1923 656 1963 ac
678 1907 823 1966 discordia
848 1907 998 1965 consulum
1021 1909 1081 1966 Ro·

17 2027 98 2065 mana
118 2022 238 2081 castra,
270 2033 357 2088 quum
379 2012 491 2071 Paulus
516 2010 738 2086 Semproniique
760 2019 789 2068 et
809 1997 946 2068 Flaminii
967 2014 1083 2070 tamari·
1144 1989 1174 2056 l(

18 2123 98 2172 tatem
121 2117 273 2188 Varroni,
300 2120 399 2176 Varro
427 2117 589 2192 speciosum
611 2098 776 2173 timidieac
804 2117 941 2192 segnibus
962 2119 1083 2177 ducibus

22 2221 181 2295 exemplum
211 2224 336 2280 Fabium
366 2222 517 2290 obiiceret,
549 2230 762 2296 testareturque
795 2223 866 2280 deos
894 2224 1114 2300 hominesqued

21 2323 74 2392 hic,
105 2328 218 2384 nullam
247 2346 336 2403 penes
358 2346 389 2384 se
411 2327 526 2401 culpam
549 2345 628 2398 essa,
656 2329 734 2402 qnod
756 2329 906 2385 Hannibal
926 2330 985 2387 iam
1008 2332 1086 2388 velut

26 2447 70 2484 nsu
92 2433 218 2507 cepisset
240 2433 371 2501 Italiam3
398 2451 429 2489 se
456 2433 641 2490 constrictum
665 2452 684 2489 a
706 2433 818 2507 collega
839 2435 943 2504 teneri;
973 2434 1082 2494 ferrum

26 2540 104 2606 atque
126 2555 213 2594 arma
234 2538 315 2594 iratis
338 2547 366 2594 et
387 2555 517 2612 pugnare
541 2537 722 2612 cupientibus
745 2539 833 2596 adimi
849 2539 1001 2610 militibns3
1025 2539 1114 2609 inat

29 2637 48 2691 si
69 2641 134 2712 qnid
157 2644 295 2718 proiectis
318 2661 353 2700 ac
374 2643 496 2718 proditis
512 2642 550 2699 ad
571 2642 762 2700 inconsultam
787 2655 874 2718 atque
888 2645 1082 2720 improvidam

29 2761 146 2818 pugnam
169 2749 333 2822 legionibus
358 2749 510 2816 accideret,
532 2765 563 2803 se
585 2747 679 2804 omnis
701 2749 793 2824 culpae
815 2759 970 2820 exsortem,
992 2751 1085 2808 omnis

33 2859 141 2908 eventus
161 2854 334 2929 participem
349 2853 412 2911 fore
433 2853 554 2922 diceret;
575 2854 696 2924 videret,
717 2864 758 2923 ut,
781 2855 885 2928 quibus
906 2855 1006 2930 lingua
1031 2865 1087 2912 tam

34 2967 157 3030 prompta
179 2977 216 3016 ac
236 2959 400 3027 temeraria,
422 2977 505 3031 aeque
527 2960 556 3015 in
580 2977 680 3034 pugna
702 2960 834 3034 vigerent
856 2977 967 3016 manns.

108 3063 185 3122 Dum
209 3064 446 3121 altercationibus
467 3064 561 3140 magis
585 3083 673 3138 qnam
695 3064 821 3121 consiliis
842 3073 956 3139 tempus
978 3065 1088 3135 teritur,
1141 3057 1183 3125 45

39 3162 172 3228 Hannibal
195 3189 234 3226 ex
255 3169 332 3238 acie,
362 3187 450 3242 qnam
473 3171 510 3226 ad
533 3170 655 3226 multum
677 3169 734 3226 diei
756 3178 888 3226 tenuerat
909 3170 1088 3244 instructam,

41 3285 115 3338 qaum
134 3276 164 3332 in
187 3284 285 3332 castra
299 3283 409 3330 ceteras
431 3275 572 3349 reciperet
593 3274 702 3348 copias,
724 3275 869 3332 Numidas
891 3276 929 3332 ad
950 3276 1120 3334 invaden·2

44 3371 86 3430 dos
104 3397 137 3435 ex
158 3379 318 3436 minoribus
341 3379 445 3436 castris
465 3381 664 3436 Romanorum
698 3389 854 3452 aquatores
883 3383 1090 3439 transflumen

44 3478 123 3544 mittit.
180 3485 277 3557 Quam
301 3484 478 3541 inconditam
511 3485 627 3540 turbam
663 3503 751 3559 quum
784 3485 903 3542 vixdum
936 3486 965 3541 in
996 3488 1121 3563 ripam-⁰>

47 3590 136 3656 egressi
156 3591 285 3647 clamore
299 3607 334 3646 ac
347 3588 471 3656 tumultu
492 3585 652 3663 fugassent,
674 3589 701 3644 in
722 3589 876 3646 stationem
900 3609 1016 3665 quoqne
1037 3613 1091 3669 pro

47 3688 109 3746 vallo
127 3695 253 3752 locatam
278 3704 365 3768 atque
385 3694 465 3767 ipsas
487 3713 580 3769 prope
600 3703 702 3769 portas
725 3694 817 3750 evecti
839 3702 916 3755 sunt.
962 3697 998 3752 Id
1020 3701 1123 3754 verat

50 3787 174 3869 indignum
198 3800 302 3869 vuum,
325 3802 362 3857 ab
384 3799 572 3856 tumultuario
594 3797 704 3856 auxilio
726 3801 783 3856 iam
806 3799 892 3855 etiam
916 3808 1012 3856 castra
1032 3803 1093 3858 Ro-

50 3912 119 3960 mana
141 3905 251 3975 terreri,
273 3913 304 3962 ut
326 3924 361 3962 ea
384 3905 471 3960 modo
493 3922 552 3960 una
574 3921 677 3973 caiisa,
707 3921 743 3960 ne
772 3902 918 3976 extemplo
939 3905 1095 3964 transirent

53 3999 135 4065 flamen
160 4009 374 4082 dirigerentque
401 4007 508 4076 aciem,
541 4008 663 4066 tenuerit
686 4011 844 4078 Romanos,
866 4009 944 4082 qnod
973 4028 1087 4074 summa

865 4111 894 4160 7.
