2812 4556
319 265 354 318 ιο
596 259 675 309 Liber
693 259 767 310 xxl.
805 259 851 323 (a.
864 243 890 312 u'.
904 275 926 311 e.
941 261 1014 321 sse.)

272 443 314 500 ita
338 461 396 499 non
417 451 511 513 nocte,
532 461 591 500 non
614 443 661 500 die
682 459 809 516 unquam
832 452 1019 500 cessaverant
1039 444 1078 500 ab
1100 459 1207 518 opere,
1236 453 1273 500 ut
1299 460 1359 498 no·

272 567 341 604 vum
373 565 487 606 murum
521 547 559 603 ab
592 565 627 603 ea
654 559 752 622 parte,
785 567 845 622 qua
870 549 1047 624 patefactum
1078 548 1218 623 oppidum
1251 547 1358 604 ruinis

242 657 344 721 derat,
365 652 525 711 reficerent.
568 652 643 708 Inde
656 654 835 728 oppugnatio
858 673 908 710 eos
927 655 1077 727 aliquanto
1099 629 1228 710 audcior
1252 671 1355 727 quam

272 764 340 814 anta
361 757 466 814 adorta
487 765 545 826 est,
576 775 639 826 nac,
662 775 721 831 qua
744 758 868 834 primum
895 770 946 814 atat
968 758 1151 832 potissimum
1174 769 1262 832 parte
1288 757 1356 814 fer-

271 871 336 918 rent
366 879 468 938 opem,
501 881 588 936 quum
621 862 719 919 omnia
739 863 829 920 variis
861 863 1036 920 clamoribus
1062 871 1239 937 streperent,
1271 862 1355 918 satie

243 967 345 1025 uscire
376 975 521 1040 poterant.
584 967 653 1041 lpse
685 967 849 1037 Hannibal,
882 987 941 1041 qua
973 967 1059 1025 turris
1081 966 1206 1036 mobilis,
1240 967 1354 1022 omnia

272 1072 450 1129 munimenta
464 1071 544 1128 urbis
562 1089 703 1146 superans
718 1072 877 1142 altitudine,
900 1075 1051 1147 agebatur,
1072 1073 1206 1130 hortator
1227 1072 1353 1128 aderat.

272 1176 344 1248 Quae
367 1195 454 1249 quum
478 1177 606 1246 admota,
628 1176 783 1251 catapultis
805 1177 987 1252 ballistisque
1010 1196 1063 1250 per
1084 1177 1184 1234 omnia
1205 1177 1352 1233 tabulate

241 1279 435 1355 8dispositis,
467 1297 566 1336 muros
588 1279 789 1338 defensoribus
811 1282 964 1352 nudasset,
992 1293 1052 1340 tum
1074 1273 1225 1338 Hannibal
1253 1301 1350 1338 oeca-

271 1386 381 1442 sionem
403 1395 494 1452 ratus,
517 1385 688 1458 quingentos
709 1385 802 1443 ferme
824 1386 916 1444 Afros
944 1407 1009 1444 cum
1039 1387 1168 1444 dolabris
1202 1389 1241 1444 ad
1271 1388 1349 1444 sub-

271 1490 411 1547 ruendum
435 1493 472 1546 ab
493 1489 552 1545 imo
575 1507 687 1546 murum
710 1492 812 1561 mittit3
839 1511 891 1548 neo
913 1502 976 1548 erat
998 1491 1114 1548 difficile
1145 1509 1229 1565 opus,
1259 1491 1348 1564 quod

272 1604 411 1651 crementa
432 1613 491 1650 non
511 1595 590 1650 calce
612 1595 717 1652 durata
738 1608 830 1663 erant,
852 1598 904 1653 sed
925 1599 1052 1654 interlita
1080 1597 1157 1664 luto,
1186 1604 1348 1653 structurae

241 1699 398 1772 9antiquae
420 1717 536 1772 genere.
584 1699 689 1773 Itaque
710 1701 807 1770 latitas,
831 1721 918 1776 quam
941 1721 1000 1776 qna
1027 1703 1194 1771 caederetur,
1222 1701 1345 1766 ruebat,

272 1822 381 1878 perque
413 1805 543 1878 patentia
573 1805 664 1861 ruinis
694 1809 828 1881 agmina.
842 1819 1020 1864 armatorum
1055 1809 1083 1862 in
1112 1808 1214 1863 urbem
1245 1806 1345 1861 vade-

219 1921 258 1975 10
272 1908 351 1964 bant.
399 1908 510 1964 Locum
534 1924 650 1982 quoque
672 1911 779 1968 editum
799 1913 925 1987 capiunt,
956 1911 1126 1985 collatisque
1147 1931 1182 1968 eo
1198 1911 1344 1986 catapul-

271 2013 308 2069 tis
329 2011 520 2085 ballistisque,
543 2025 574 2070 ut
595 2015 743 2100 castellum
768 2017 798 2072 in
819 2018 885 2092 ipsa
913 2018 984 2073 urbe
1012 2018 1092 2073 velut
1118 2035 1215 2073 arcem
1241 2016 1342 2071 immi·

271 2124 385 2172 nentem
407 2118 556 2189 haberent,
578 2139 662 2176 muro
685 2121 878 2189 circumdaut3
901 2131 930 2178 et
952 2121 1105 2196 Saguntini
1127 2139 1241 2178 murum
1263 2119 1341 2176 inte-

223 2236 253 2289 11
270 2222 375 2278 riorem
412 2223 450 2278 ab
485 2223 614 2280 nondum
651 2234 737 2299 capta
772 2235 856 2299 parte
895 2226 975 2282 urbis
1010 2226 1127 2282 ducunt.
1190 2225 1341 2298 Utrinque

271 2345 384 2382 summa
405 2327 435 2383 vi
457 2337 486 2383 et
507 2329 639 2384 muniunt
663 2340 691 2384 et
712 2341 859 2403 pugnarn
881 2331 932 2386 sed
954 2330 1093 2386 interiora
1112 2329 1220 2386 tuendo
1244 2330 1341 2386 mino·

180 2415 188 2456 ⁸
222 2443 256 2498 12
270 2450 330 2488 rem
352 2432 382 2488 in
414 2433 475 2489 dies
503 2433 605 2489 urbem
634 2432 786 2506 Saguntini
814 2433 933 2493 iaciunt.
981 2434 1075 2492 Simul
1102 2434 1205 2516 crescit
1236 2434 1341 2508 inopia

270 2536 398 2594 omnium
421 2538 509 2612 longa
531 2537 681 2595 obsidione
703 2548 731 2592 et
750 2538 888 2596 minuitur
909 2539 1087 2614 exspectatio
1113 2548 1241 2595 externas
1262 2540 1338 2614 opis,

272 2661 359 2717 quum
382 2653 442 2699 tam
464 2641 567 2716 procul
589 2641 730 2712 Romani,
759 2644 844 2699 unica
865 2663 947 2719 spes,
980 2645 1058 2700 circa
1087 2645 1186 2700 omnia
1206 2645 1336 2702 bostium

221 2758 257 2814 13
270 2757 374 2804 essent.
418 2731 573 2820 Paulisper
595 2757 692 2802 tamen
721 2745 842 2803 affectos
870 2749 983 2806 animos
1011 2749 1155 2805 recreavit
1184 2751 1339 2824 repentina

269 2851 411 2927 profectio
444 2851 619 2908 Hannibalis
656 2849 685 2906 in
720 2849 865 2909 Oretanos
900 2852 1155 2928 Carpetanosque,
1192 2855 1242 2928 qui
1276 2855 1335 2912 duo

269 2958 520 3033 populi,‘dilectua
544 2955 702 3012 acerbitate
723 2958 916 3028 consternati,
939 2959 1058 3016 retentis
1080 2951 1335 3034 conquisitoribus,

269 3073 375 3119 metum
399 3049 568 3118 defectionis
591 3079 679 3134 quum
702 3061 901 3134 praebuissent,
926 3065 1058 3138 oppressi
1081 3066 1228 3123 celeritate
1251 3068 1334 3124 Han-

126 3181 144 3252 p
174 3163 213 3232 12
269 3167 373 3224 nibalis
400 3167 559 3223 omiserunt
587 3176 667 3221 mota
691 3185 797 3222 arma..
829 3168 894 3224 Nec
922 3169 1044 3244 Sagunti
1066 3171 1246 3245 oppugnatio
1269 3190 1333 3244 seg-

268 3274 333 3329 nior
355 3273 433 3339 erat,¹
449 3271 622 3328 Maharbale
643 3271 817 3329 Himilconis
838 3274 898 3330 filio
929 3277 1006 3346 (eum
1028 3276 1198 3350 praefecerat
1219 3277 1333 3334 Hanni-

268 3379 328 3449 bal)
353 3377 395 3434 ita
415 3375 538 3451 impigre
557 3395 617 3432 ram
641 3387 753 3451 agente,
784 3389 815 3434 ut
838 3379 939 3436 ducem
962 3380 1065 3436 abesse
1086 3398 1138 3437 nec
1169 3381 1247 3438 cives
1281 3401 1333 3440 nec

239 3484 367 3538 2hostes
389 3483 537 3543 sentirent.
588 3485 618 3540 Is
641 3495 669 3540 et
691 3483 794 3559 proelia
816 3484 928 3557 aliquot
949 3486 1077 3542 secunda
1100 3486 1169 3554 fecit-
1190 3499 1220 3542 et
1241 3488 1331 3545 tribus

269 3587 407 3646 arietibus
424 3589 601 3663 aliquantum
624 3588 700 3644 muri
720 3588 863 3658 discussit,
886 3600 1036 3663 strataque
1051 3591 1150 3647 omnia
1170 3593 1332 3650 recentibus

238 3693 358 3750 3ruinis
380 3694 545 3751 advenienti
566 3695 726 3751 Hannibali
750 3695 884 3774 ostendit.
931 3694 1037 3768 Itaque
1058 3697 1212 3772 adipeam
1235 3718 1329 3756 arcem

270 3800 415 3874 extemplo
443 3801 546 3858 ductus
576 3800 732 3868 exercitus,
763 3809 906 3874 atroxque
932 3800 1065 3873 proelium
1088 3820 1152 3858 curn
1176 3783 1329 3860 inultorum
1391 3845 1392 3926 p

269 3906 402 3980 utrinqne
423 3907 501 3964 oaede
525 3906 627 3961 initum
650 3915 679 3960 et
699 3921 768 3980 pars
791 3904 866 3960 areis
890 3913 977 3979 capta
999 3916 1051 3964 est.
1151 3941 1153 3944 -
1391 3937 1392 3988 p

1391 3989 1392 4014 l

350 4012 478 4068 Tentata
500 4012 604 4067 deinde
624 4029 677 4084 per
698 4009 772 4066 duos
794 4021 838 4068 est
859 4009 966 4084 exigua
987 4012 1068 4085 pacis
1090 4031 1166 4087 spes,
1185 4015 1328 4080 ,Alconem

1391 4111 1392 4144 l
