2704 4552
303 221 340 276 94
580 217 658 268 Liber
675 215 764 266 xxn.
801 217 848 279 [A.
863 229 888 264 u.
903 231 925 265 e.
940 216 1014 278 ⁶³8.)

260 409 351 473 cente,
373 400 471 458 omnia
493 420 510 458 e
529 419 561 458 re
586 401 703 476 publiea
724 399 834 474 {ideque
854 406 954 456 vestra
975 399 1112 459 faceretis
1135 408 1170 455 et
1193 397 1262 454 mali
1288 426 1291 443 2

260 525 326 564 mea
359 505 451 563 rerba
486 503 606 561 auribus
638 498 742 563 vestris
772 523 825 563 neo
854 505 975 562 consilia
1006 505 1112 562 animis
1151 502 1253 578 accip

230 613 347 670 3Nuno
370 617 399 667 et
420 609 561 685 collegam
584 621 664 666 tuum
684 620 713 668 et
727 619 755 668 te
776 612 865 668 talem
888 610 982 667 virum
1003 609 1128 667 intuenti
1143 608 1223 666 mihi
1243 617 1300 662 tou

261 718 355 775 omnis
379 716 475 774 oratio
498 723 550 782 est,
573 733 658 788 quem
680 715 766 773 video
788 716 980 790 nequicquam
1003 715 1149 772 elvirum
1176 715 1283 771 bonum
1309 766 1311 769 ,

260 824 353 880 nivem
375 821 448 890 fore,
474 821 514 891 si,
537 819 630 876 altera
652 830 737 895 parte
758 822 909 879 claudente
938 839 971 878 re
991 820 1124 895 publiea,
1151 820 1246 878 malie
1272 845 1290 869 a·
1309 864 1316 876 ,

229 926 331 984 lsiliis
352 925 428 983 idem
453 943 488 982 ae
509 926 593 983 bonis
620 925 690 983 iuris
719 935 749 984 et
769 926 922 1002 potestatis
943 926 1006 985 erit.
1054 926 1149 983 Erras
1176 926 1269 994 enim,

258 1032 362 1100 Paule,
383 1031 408 1088 si
431 1031 483 1089 tibi
505 1032 600 1088 minus
627 1032 792 1089 certaminis
821 1049 886 1088 eum
916 1029 951 1090 Ο.
974 1031 1113 1089 Terentio
1141 1048 1237 1104 quam
1267 1047 1290 1085 ot
1338 1045 1342 1053 ’

260 1134 428 1193 Hannibale
450 1134 579 1194 futurum
603 1155 717 1208 oensem
740 1136 838 1194 neseio
861 1155 898 1193 au
921 1135 1054 1194 infestior
1074 1135 1121 1192 hie
1143 1135 1271 1192 adverse
1285 1134 1314 1181 ἰ’

228 1246 346 1314 bquam
369 1241 418 1297 ille
444 1243 537 1300 hostis
564 1250 682 1300 maneat
710 1249 748 1298 te.
796 1239 870 1298 Cum
892 1240 943 1298 illo
973 1241 1004 1298 in
1032 1241 1095 1298 acie
1115 1249 1244 1310 tantum,
1339 1285 1341 1289 .

257 1347 314 1402 hoe
346 1345 480 1404 omnibus
512 1348 584 1405 loeis
615 1367 650 1406 ao
685 1346 866 1421 temporibus
898 1354 1060 1404 certaturus
1101 1363 1147 1414 es;
1188 1345 1314 1402 adversm
1341 1389 1343 1394 ,

257 1451 452 1507 Hannibalem
482 1453 669 1527 legionesque
696 1452 757 1508 eius
782 1451 840 1509 tuis
862 1451 1007 1525 equitibus
1027 1469 1063 1508 aa
1083 1450 1233 1526 peditibus
1254 1465 1313 1524 pug·
1337 1481 1341 1499 2

257 1555 383 1612 nandum
400 1555 452 1612 tibi
468 1556 530 1626 erit,
553 1557 651 1614 Varro
673 1557 733 1613 dux
752 1557 809 1614 tuis
824 1556 962 1615 militibus
983 1566 1013 1614 te
1035 1566 1079 1614 est
1093 1563 1311 1631 oppugnaturus.

227 1660 371 1720 bOminis
399 1661 485 1718 etiam
508 1661 560 1718 tibi
582 1679 672 1718 eausa
694 1662 771 1718 absit
798 1659 832 1719 C.
856 1661 994 1718 Flaminii
1016 1661 1168 1718 memoria.
1214 1663 1310 1718 Tamen

257 1743 305 1822 ille
339 1766 439 1822 consul
474 1767 589 1824 demum
623 1775 652 1823 et
682 1767 712 1824 in
739 1765 891 1842 provincia
926 1766 1013 1824 etad
1043 1766 1205 1824 exereitum
1241 1763 1310 1839 coepit
1338 1783 1344 1819 t

257 1869 367 1940 furere;
388 1871 444 1939 hie,
465 1872 635 1946 priusquam
657 1879 769 1946 peteret
791 1871 989 1943 consulatum,
1022 1872 1127 1929 deinde
1147 1875 1178 1929 in
1199 1870 1308 1948 petendo
1338 1891 1342 1922 ε

259 1973 456 2054 [consulatu],
490 1995 565 2034 nune
595 1995 711 2051 quoque
741 1977 857 2047 consul,
897 1976 1066 2050 priusquam
1099 1985 1198 2035 eastra
1229 1977 1309 2034 videet

228 2087 308 2139 7aut
328 2084 459 2153 hostem,
472 2082 589 2141 insanit.
636 2082 677 2139 Et
698 2081 749 2156 qui
770 2090 868 2138 tantas
889 2081 948 2138 iam
970 2099 1045 2138 nuno
1075 2083 1222 2156 proeellas
1248 2099 1307 2157 pra·

256 2186 298 2242 lia
321 2195 409 2260 atque
429 2187 517 2246 ,acies
543 2186 678 2243 laetando
708 2185 783 2243 inter
804 2193 921 2260 togatos
944 2186 1009 2256 ciet,
1040 2186 1109 2260 quid
1130 2188 1207 2245 inter
1227 2203 1305 2244 arme-

208 2361 212 2370 .
257 2301 317 2348 tam
342 2292 521 2349 iuventutem
548 2309 648 2348 censes
683 2290 828 2349 facturum
858 2300 888 2348 et
914 2290 963 2348 ubi
986 2292 1133 2367 extemplo
1164 2310 1211 2350 res
1232 2290 1308 2348 verba
1343 2332 1344 2348 ,

227 2395 405 2471 8eaquitur?
425 2396 519 2470 Atqui
542 2397 567 2453 si
589 2396 645 2468 hio,
668 2397 746 2471 quod
767 2396 911 2454 facturum
935 2413 967 2452 se
989 2396 1155 2468 denuntiat,
1178 2393 1304 2468 extemplo
1343 2395 1344 2411 ³

257 2501 445 2578 pugnaverit,
473 2510 524 2558 aut
545 2519 599 2576 ego
621 2520 682 2558 rem
708 2500 876 2571 militarem,
908 2501 978 2558 belli
1010 2503 1067 2559 hoe
1088 2521 1190 2577 genus,
1209 2503 1304 2559 hostem
1342 2524 1343 2537 π

256 2609 333 2664 hune
353 2606 472 2680 ignoro,
495 2615 545 2664 aut
566 2607 691 2663 nobilior
712 2605 786 2662 alius
807 2607 1010 2664 Trasumenno
1032 2607 1114 2664 loeus
1136 2607 1242 2664 nostris
1261 2605 1304 2661 cla·
1343 2581 1344 2590 ἵ

226 2711 341 2767 9dibus
363 2711 427 2769 erit.
472 2712 536 2768 Neo
561 2711 707 2785 gloriandi
729 2719 844 2786 tempus
866 2711 1006 2768 adversus
1028 2730 1116 2769 unum
1141 2721 1194 2782 est,
1218 2719 1246 2767 et
1264 2725 1304 2782 ego

257 2816 467 2873 contemnendo
498 2817 594 2890 potius
618 2834 707 2890 quam
738 2817 902 2891 appetendo
932 2817 1056 2891 gloriam
1085 2817 1204 2874 modum
1224 2829 1304 2872 exeae-

257 2921 360 2991 serim;
382 2921 433 2978 sed
454 2922 496 2978 ita
519 2941 566 2978 ree
590 2941 621 2978 se
645 2922 749 2980 habet:
772 2939 831 2978 una
852 2922 929 2978 ratio
952 2921 1162 2996 belligerandi
1184 2922 1303 2979 adversus

208 3029 244 3082 10
257 3027 453 3084 Hannibalem
476 3036 529 3095 est,
551 3045 610 3100 qua
633 3043 687 3100 ego
714 3027 801 3101 gessi.
847 3027 912 3084 Nee
938 3037 1058 3085 eventus
1082 3029 1171 3086 modo
1193 3029 1248 3086 hoc
1265 3024 1304 3079 do·

258 3142 303 3189 oet
332 3132 498 3206 (stultorum
525 3132 580 3188 iste
601 3133 740 3207 magister
767 3130 833 3207 est),
859 3131 910 3189 sed
935 3132 1037 3188 eedem
1059 3133 1153 3204 ratio,
1185 3149 1246 3207 qua
1263 3125 1304 3185 fuit

208 3242 242 3296 11
258 3236 422 3311 futuraque,
445 3238 537 3293 donee
563 3255 611 3293 res
640 3238 746 3320 eaedem
771 3239 945 3308 manebunt,
971 3237 1161 3296 immutabilis
1188 3246 1238 3296 est.
1278 3233 1302 3290 ln

257 3342 345 3398 Italia
373 3335 479 3399 bellum
509 3341 651 3416 gerimus,
683 3342 713 3398 in
740 3342 809 3400 sede
837 3361 872 3400 ao
894 3342 957 3398 solo
979 3349 1094 3412 nostro;
1127 3343 1225 3401 omnia
1244 3341 1302 3398 cira

257 3447 343 3521 plena
358 3445 464 3516 civium
480 3464 515 3502 aa
529 3447 674 3504 sociorum
690 3457 769 3517 sunt3
792 3448 891 3518 armis,
912 3447 992 3518 viris,
1007 3448 1098 3522 equis,
1115 3447 1301 3507 commeatibus

209 3555 245 3610 12
258 3550 359 3606 iuvant
390 3549 602 3626 lavabuntque:
635 3552 665 3608 id
700 3553 759 3609 iam
793 3553 860 3610 fidei
892 3553 1096 3611 documentum
1128 3555 1160 3611 in
1194 3547 1301 3612 adversis

256 3655 344 3711 rebus
372 3655 479 3712 nostris
506 3657 658 3727 dederunt;
692 3658 841 3728 meliores,
868 3657 1084 3733 prudentiores,
1113 3659 1300 3717 constantiores

209 3765 245 3820 13
258 3778 312 3816 nos
334 3769 447 3835 tempus
469 3761 589 3836 diesque
610 3762 689 3822 feeit.
734 3762 884 3820 Hannibal
905 3771 1007 3820 eontra
1027 3764 1057 3820 iu
1079 3764 1192 3838 aliena,
1219 3765 1245 3822 in
1264 3762 1300 3818 he·

258 3865 316 3922 stili
338 3875 381 3924 ost
399 3875 478 3924 terra
501 3868 576 3925 inter
597 3868 696 3926 omnia
716 3867 833 3926 inimica
847 3867 1020 3943 infestaque,
1042 3869 1145 3943 procul
1167 3872 1205 3928 ab
1226 3869 1299 3930 domn

260 3971 297 4026 ab
326 3972 434 4044 patria;
467 3991 560 4046 neque
581 3973 622 4029 illi
644 3982 722 4029 terre
744 3991 837 4046 neque
865 3973 939 4030 meri
968 3982 1011 4030 eet
1034 3992 1109 4048 pax;
1142 3976 1227 4034 nulla
1254 3987 1298 4029 eum
