2812 4556
257 762 364 818 magna
384 764 469 802 mora
490 745 665 819 agebantur,
697 744 739 799 ita
770 731 865 800 tutum·
896 743 933 799 ab
965 742 1113 812 hostibus,
1147 757 1346 828 quacunque

256 849 437 920 incederent,
471 849 540 923 quia
560 849 679 906 insuetis
702 849 827 906 adeundi
848 847 967 926 propius
988 855 1082 905 metus
1105 857 1183 918 arat,
1225 861 1346 919 agmen

256 956 433 1030 praebebant.

225 1064 243 1116 4
340 1061 428 1118 Nono
461 1060 508 1116 die
538 1059 568 1116 in
595 1059 695 1133 iugum
732 1058 853 1132 Alpium
879 1068 1051 1135 perventum
1079 1067 1126 1116 est·
1160 1077 1219 1134 per
1255 1054 1343 1113 invia

257 1163 396 1238 pleraque
414 1173 443 1220 et
463 1182 586 1234 errores,
616 1182 689 1237 quos
718 1172 769 1220 aut
795 1164 958 1222 ducentium
980 1163 1062 1221 fraus
1084 1173 1150 1234 aut,
1179 1163 1238 1220 ubi
1264 1161 1342 1219 fides

256 1267 292 1324 iis
313 1288 372 1324 non
395 1278 479 1339 esset,
501 1279 608 1326 temere
630 1269 707 1326 initae
732 1268 824 1326 valles
854 1289 872 1326 a
900 1269 1127 1326 coniectantibus
1154 1269 1212 1326 iter
1239 1261 1341 1324 facie-

228 1373 337 1430 bbant.
385 1373 510 1430 Biduum
542 1373 573 1430 in
605 1375 673 1449 iugo
701 1374 808 1432 stativa
836 1375 953 1445 habita,
984 1374 1127 1448 fessisque
1157 1374 1273 1432 labore
1305 1389 1341 1426 ac

259 1479 416 1553 pugnando
437 1477 518 1550 quies
540 1479 610 1536 data
631 1479 781 1549 militibus3
802 1481 988 1554 iumentaque
1010 1479 1136 1553 aliquot,
1164 1496 1234 1551 quae
1259 1495 1337 1551 pro-

258 1584 342 1656 lapsa
373 1582 403 1638 in
430 1581 549 1657 rupibus
577 1593 673 1654 erant,
702 1584 848 1656 sequendo
869 1585 994 1659 vestigia
1021 1581 1144 1658 agminis
1172 1582 1202 1638 in
1227 1587 1338 1637 castra

228 1688 245 1742 6
257 1706 423 1762 pervenere.
471 1687 569 1744 Fessis
591 1689 676 1744 taedio
698 1696 742 1744 tot
765 1688 908 1744 malorum
938 1688 1012 1745 nivis
1040 1688 1126 1744 etiam
1149 1705 1257 1757 casus,
1284 1702 1335 1741 oc·

259 1793 370 1849 cidente
401 1793 460 1850 iam
492 1792 586 1850 sidere
618 1792 831 1866 Vergiliarum,
861 1793 1008 1868 ingentem
1037 1802 1178 1850 terrorem
1208 1788 1334 1848 adiecit.

162 1893 165 1902 ’
229 1897 318 1952 7Per
332 1897 430 1953 omnia
444 1897 511 1954 nive
532 1897 650 1972 oppleta
672 1914 770 1970 quum,
794 1897 882 1970 signis
904 1897 999 1971 prima
1020 1897 1084 1954 luce
1105 1897 1202 1968 motis,
1224 1891 1330 1968 segni·

259 2011 302 2058 ter
334 2020 438 2076 agmen
471 2002 630 2071 incederet,
665 2000 840 2076 pigritiaque
875 2013 904 2060 et
936 1981 1100 2077 desperatio
1131 2001 1162 2057 in
1192 1999 1330 2058 omnium

228 2105 339 2164 8vultu
373 2107 524 2175 emineret,
559 2123 735 2180 praegressus
767 2107 851 2181 signa
882 2105 1032 2164 Hannibal
1060 2106 1090 2162 in
1118 2102 1328 2180 promuntorio

259 2211 396 2285 quodam,
418 2211 494 2267 unde
515 2209 602 2284 longe
624 2211 735 2266 aelate
758 2220 929 2286 prospectus
950 2219 1028 2280 erat,
1056 2209 1213 2267 consistere
1234 2205 1327 2266 iussis

259 2315 396 2372 militibus
418 2315 535 2372 Italiam
561 2323 687 2372 ostentat
716 2315 917 2389 subiectosque
939 2315 1055 2390 Alpinis
1077 2315 1224 2373 montibus
1257 2309 1328 2370 Cir·

228 2419 457 2495 9cumpadanos
486 2437 620 2493 campos,
653 2420 816 2494 moeniaque
848 2439 898 2476 eos
931 2432 992 2476 tum
1027 2420 1232 2476 transcendere
1265 2433 1326 2472 non

259 2525 352 2582 Italiae
374 2524 470 2593 modo,
493 2523 543 2579 sed
558 2523 644 2580 etiam
667 2524 746 2582 urbis
768 2527 921 2596 Romanae;
943 2532 1039 2581 cetera
1060 2523 1158 2598 plana,
1180 2521 1327 2599 proclivia

205 2629 212 2639 “
258 2629 338 2699 fore;
367 2648 425 2686 uno
454 2638 504 2684 aut
532 2645 675 2685 summum
701 2633 792 2688 altero
819 2630 923 2706 proelio
951 2649 1047 2687 arcem
1069 2640 1098 2686 et
1119 2639 1208 2705 caput
1229 2625 1324 2686 Italia

211 2734 247 2788 10
259 2737 289 2792 in
310 2754 398 2792 manu
420 2751 455 2790 ae
469 2741 614 2809 potestate
634 2737 795 2796 habituros.
841 2737 1005 2794 Procedere
1018 2735 1086 2792 inde
1107 2755 1213 2810 agmen
1227 2731 1325 2808 caepit,

259 2841 318 2898 iarn
348 2839 419 2896 nibil
446 2857 482 2894 ne
508 2839 641 2904 hostibus
663 2841 778 2915 quidem
803 2849 908 2916 praeter
935 2859 1030 2916 parva
1057 2839 1136 2897 furta
1164 2859 1216 2916 per
1238 2854 1322 2898 occa·

211 2943 242 2998 ll
261 2946 370 3002 sionem
400 2944 587 3002 tentantibus.
644 2943 778 3003 Ceterum
805 2943 860 3001 iter
889 2944 989 3016 multo,
1012 2965 1099 3020 quam
1127 2946 1323 3009 inadscensu

261 3049 356 3108 fuerat
378 3047 422 3124 (ut
443 3050 581 3124 pleraque
595 3052 715 3126 Alpiu'm
732 3050 769 3106 ab
790 3048 879 3105 Italia
900 3051 973 3107 siout
994 3052 1140 3119 breviora,
1162 3051 1205 3109 ita
1227 3063 1322 3106 aneo·

261 3155 338 3212 tiore
359 3153 449 3230 sunt),
471 3153 615 3213 difficilius
636 3154 706 3225 fuit3
729 3153 821 3210 omnis
844 3154 919 3211 enim
940 3155 1032 3213 ferme
1046 3156 1094 3212 via
1108 3173 1248 3230 praeceps,
1273 3170 1321 3208 au·

212 3254 247 3310 12
261 3268 356 3334 gusta,
377 3259 490 3316 lubrica
511 3270 582 3330 erat,
604 3270 637 3318 ut
656 3277 750 3333 neque
771 3258 912 3316 sustinere
933 3278 964 3317 se
983 3279 1001 3316 a
1021 3260 1105 3335 lapsu
1122 3267 1243 3334 possent
1260 3272 1321 3320 neo,

263 3363 311 3437 qui
343 3365 461 3439 paulum
495 3364 690 3436 titubassent,
713 3364 822 3420 baerere
855 3363 936 3420 affixi
966 3364 1089 3439 vestigio
1119 3380 1188 3435 suo,
1218 3362 1320 3435 aliique

262 3487 349 3542 super
371 3469 443 3525 alios
466 3477 495 3525 et
515 3469 643 3527 iumenta
664 3469 694 3525 in
714 3467 846 3524 homines
865 3468 1053 3529 succiderent.

169 3561 214 3630 36
345 3572 473 3630 Ventum
496 3554 599 3631 deinde
624 3574 661 3630 ad
691 3571 782 3628 multo
810 3572 1005 3647 angustiorem
1035 3591 1137 3647 rupem
1167 3580 1256 3646 atque
1281 3569 1319 3626 ita

265 3675 351 3732 rectis
376 3677 465 3747 saxis,
488 3686 521 3734 ut
541 3694 617 3750 aegre
639 3676 790 3750 expeditus
813 3677 894 3733 miles
918 3677 1113 3733 tentabundus
1133 3677 1319 3750 manibusque

265 3781 391 3838 retinens
412 3781 538 3854 virgulta
560 3799 594 3836 ac
616 3779 720 3853 stirpes
742 3779 819 3836 circa
837 3780 994 3838 eminentes
1009 3781 1158 3838 demittere
1179 3799 1242 3838 sese
1256 3796 1318 3856 pos·

233 3879 318 3942 2set.
364 3885 481 3942 Nature
501 3883 582 3939 locus
603 3882 662 3938 iem
686 3891 752 3940 ante
784 3901 912 3959 praeceps
937 3884 1045 3942 recenti
1065 3885 1150 3962 lapsu
1181 3895 1265 3944 terra
1288 3859 1319 3938 in

222 3985 250 4040 ’3
266 3989 372 4064 pedum
394 3986 471 4042 mille
495 3985 651 4044 admodum
673 3986 851 4044 altitudinem
881 3990 1021 4064 abruptus
1049 3999 1121 4046 erat.
1163 3991 1211 4048 Ibi
1238 4007 1317 4067 quum
