2812 4556
371 277 378 284 ,
423 224 501 272 riser
517 223 593 278 xxr.
630 225 676 288 (A.
691 195 829 288 cnara.)
1077 231 1115 284 es

71 407 128 480 qui
143 407 375 482 abrogabatur,
408 409 473 464 dein
501 410 537 465 de
564 408 711 482 triumpho
734 410 892 479 habuerat,
924 409 1035 468 invisus
1070 410 1190 468 etinm3

69 511 222 585 patribus
246 513 285 570 ob
306 531 415 570 novam
436 513 547 588 legem,
577 530 664 586 quam
688 512 724 586 Q.
747 512 887 572 Claudius
913 514 1158 590 tribunusplebis

71 617 233 676 adversus
262 626 395 674 senatum
426 628 514 692 atque
542 635 601 674 nno
630 627 746 693 patrum
775 617 932 674 adiuvante
958 618 991 678 C.
1013 620 1158 676 Flaminio

70 721 208 792 tulerat,
228 741 266 778 ne
281 722 346 796 quis
361 731 487 792 senator,
508 722 592 779 cuive
613 732 731 780 senator
744 731 829 798 pater
850 722 961 792 fuisset,
983 723 1159 782 maritimam

69 845 206 896 navem,
228 845 293 900 quae
308 827 476 901 plusquam
491 837 684 886 trecentarum
699 831 905 904 amphorarum
922 835 1006 896 esset,
1028 828 1157 886 haberet.

70 931 113 986 Id
131 930 213 988 satis
226 932 359 988 habitum
375 931 413 987 ad
435 929 545 990 fructus
561 952 598 990 ax
622 934 700 1009 agris
721 935 895 1002 vectandos;
917 941 1044 1007 quaestus
1066 932 1190 996 croniet

72 1035 223 1108 pat-ribus
257 1036 411 1093 indecorus
442 1037 532 1094 visus.
591 1042 651 1098 Res
684 1059 737 1115 per
766 1057 909 1096 summam
946 1038 1158 1096 contentionem

75 1150 153 1196 acta
177 1139 319 1197 invidiam
348 1142 426 1216 apud
454 1144 633 1202 nobilitatem
661 1144 774 1202 suasori
804 1143 876 1218 legis
898 1143 1054 1210 Flaminio,
1075 1142 1158 1201 favo-

75 1265 146 1302 rem
175 1248 257 1321 apud
280 1247 394 1321 plebem
425 1248 606 1324 alterumque
632 1251 699 1306 iude
729 1248 912 1306 consulatum
940 1249 1063 1324 peperit.
1112 1247 1189 1311 Ob5

76 1353 147 1408 haec
172 1362 266 1422 ratuS,
292 1352 427 1428 auspiciis
446 1354 633 1410 ementiendis
657 1355 885 1426 Latinarumque
911 1351 1050 1410 feriarum
1077 1373 1159 1410 mora

79 1468 112 1514 et
136 1457 343 1514 consularibus
375 1457 439 1514 aliis
460 1457 672 1534 impedimentis
703 1469 865 1516 retenturos
886 1477 918 1516 se
945 1460 974 1516 in
1002 1460 1088 1528 urbe,
1121 1459 1159 1515 si·

80 1563 203 1620 mulato
235 1563 338 1619 itinere
364 1563 496 1636 privatus
528 1565 602 1622 clam
631 1566 661 1622 in
688 1565 867 1642 provinciam
899 1564 979 1621 abiit.
1034 1564 1082 1621 Ea
1112 1574 1190 1628 rese

80 1669 136 1726 ubi
165 1667 349 1743 palamiacta
380 1675 438 1737 est,
469 1687 576 1726 novam
606 1670 725 1745 insuper
753 1671 826 1727 iram
857 1669 970 1727 infestis
1001 1669 1059 1726 iam
1093 1677 1159 1726 aute

81 1774 223 1848 patribus
256 1771 363 1830 movit:
394 1791 453 1828 non
486 1793 550 1830 cum
573 1784 675 1831 senatu
704 1775 807 1844 modo,
844 1774 896 1832 sed
927 1776 986 1831 iam
1017 1792 1082 1830 cum
1104 1773 1159 1829 diis

83 1878 305 1935 immortalibus
341 1877 374 1934 C.
397 1878 573 1936 Flaminium
608 1880 714 1938 bellum
746 1898 856 1955 gerere.
906 1878 1062 1937 Consulem
1092 1888 1188 1942 ante7

84 1985 274 2060 inauspicato
303 1981 412 2040 factum
441 1985 645 2042 revocantibus
676 2005 712 2043 ex
738 1986 804 2060 ipsa
831 1983 893 2040 acie
921 1983 975 2040 diis
998 1993 1085 2056 atque
1105 1984 1158 2041 ho-

86 2091 216 2146 minibus
232 2108 290 2146 non
304 2089 453 2164 paruisse3
474 2107 551 2148 nune
565 2091 741 2148 conscientia
756 2099 919 2165 spretorum
939 2098 968 2145 et
982 2086 1158 2163 Capitolium

85 2207 116 2252 et
145 2195 315 2252 sollemnem
349 2205 484 2253 votorum
516 2196 760 2271 nuncupationem
793 2193 917 2270 fugisse,
950 2212 986 2250 uc
1017 2194 1063 2249 die
1093 2193 1186 2264 initis

87 2301 279 2376 magistratus
299 2300 381 2356 Iovis
411 2301 513 2376 optimi
534 2301 653 2358 maximi
675 2299 813 2374 templum
836 2300 943 2370 adiret,
966 2317 1003 2354 ne
1024 2307 1156 2355 senatum

87 2407 200 2464 invisus
221 2406 284 2480 ipse
306 2415 335 2462 et
356 2405 411 2463 sibi
434 2406 482 2462 uni
503 2406 627 2462 invisum
650 2405 763 2462 videret
784 2406 1017 2479 consuleretque,
1038 2421 1076 2460 ne
1097 2403 1158 2461 La-

91 2514 170 2569 tinas
201 2511 340 2568 indiceret
368 2511 493 2585 Iovique
514 2511 628 2568 Latiari
648 2509 787 2568 sollemne
809 2531 923 2568 sacrum
944 2509 974 2564 in
995 2519 1093 2566 monte
1114 2506 1159 2565 fa·

94 2628 188 2688 cerat,
215 2637 252 2674 ne
273 2617 423 2690 auspicato
453 2616 600 2691 profectus
625 2615 654 2671 in
677 2613 852 2688 Capitolium
880 2615 918 2670 ad
946 2622 1017 2670 vota
1048 2621 1188 2675 nuncu-9

95 2723 204 2799 panda,
240 2721 397 2797 paludatus
432 2721 498 2777 inde
533 2741 597 2778 cum
633 2720 782 2776 lictoribus
814 2719 844 2774 in
879 2717 1061 2792 provinciam
1094 2718 1158 2776 iret.

96 2833 175 2889 Lixae
205 2828 293 2885 modo
323 2826 385 2882 sine
410 2827 585 2902 insignibus,
618 2827 680 2884 sine
708 2823 857 2882 lictoribus
883 2821 1047 2897 profectum
1074 2822 1158 2892 clam,

97 2936 206 3005 furt-im,
238 2931 318 2989 haud
353 2931 435 2988 aliter
468 2951 557 3006 quam
587 2932 612 2988 si
641 2931 735 2988 exsilii
766 2947 857 2986 cauea
886 2927 980 2984 solum
1013 2927 1158 3005 vertisset,

98 3040 188 3116 Magis
218 3057 272 3115 pro
307 3035 459 3094 maiestate
491 3037 624 3094 videlicet
644 3035 757 3110 imperii
784 3032 912 3090 Arimini
942 3051 1029 3107 quam
1057 3035 1158 3090 Romae
1175 3044 1209 3096 ιθ

101 3147 294 3224 magistratum
324 3133 462 3198 initurum
495 3153 523 3198 et
548 3142 578 3198 in
600 3141 766 3199 deversorio
796 3137 933 3214 hospitali
963 3157 1051 3214 quam
1080 3139 1157 3214 apud

102 3261 212 3329 penates
243 3265 311 3307 suos
341 3256 510 3321 praetextam
539 3257 732 3321 sumpturum.
791 3244 1001 3303 Revocandum
1032 3245 1157 3302 universi
1175 3255 1205 3308 tt

101 3357 354 3427 retrahendumque
378 3360 552 3409 censuerunt
579 3360 608 3408 ct
638 3351 797 3426 cogendum
824 3349 957 3406 omnibus
978 3349 1059 3423 prius
1080 3368 1157 3424 prae-

102 3473 199 3520 sentem
223 3462 254 3518 in
276 3459 346 3516 deos
368 3457 557 3531 hominesque
583 3455 666 3530 iungi
687 3454 799 3525 officiis,
829 3473 916 3528 quam
940 3454 978 3510 ad
1000 3455 1158 3511 exercitum

103 3579 128 3624 et
159 3568 184 3623 in
216 3563 397 3642 provinciam
430 3563 494 3618 iret.
553 3563 590 3618 In
623 3580 686 3618 eam
719 3559 893 3634 legationem
928 3560 1054 3634 (legatos
1082 3561 1158 3616 euim
1174 3566 1209 3620 12

81 3673 170 3748 ¹mitti
188 3669 308 3748 placuit)
342 3668 378 3742 Q.
415 3667 569 3725 Terentius
601 3676 629 3723 et
659 3667 701 3722 M.
735 3664 881 3723 Antistius
914 3664 1037 3739 proiecti
1053 3649 1158 3722 ¹nihilo

105 3777 186 3852 magis
206 3795 270 3832 eum
295 3782 458 3841 moverunt,
480 3791 567 3846 quam
590 3772 687 3848 priore
710 3770 861 3830 consulatu
883 3769 985 3826 litterae
1006 3781 1159 3827 moverant

107 3883 139 3939 ab
160 3891 255 3940 senatu
277 3880 380 3938 missae.
433 3880 549 3936 Paucos
579 3886 645 3952 post
678 3875 739 3933 dies
768 3875 970 3950 magistratum
998 3875 1075 3946 iniit,
1103 3877 1157 3933 im·
1174 3880 1208 3936 13
