2700 4426
358 154 433 204 nster
450 154 575 204 xxvnu.
611 153 658 218 (a.
677 153 724 204 on.
738 157 810 218 aaa.)
1008 160 1064 213 175

53 341 120 395 dnm
145 349 240 396 castra
262 340 300 396 ad
322 337 525 415 Carthaginem
548 358 724 415 promoveo,
743 358 789 397 res
812 340 928 415 publica
951 340 998 398 hic
1019 340 1105 396 detri-

53 444 142 501 menti
164 446 275 520 capiat,
312 447 389 520 quod
411 457 458 516 tu,
491 445 528 519 Q.
548 446 643 516 Fabi,
665 466 752 520 quum
774 447 867 504 victor
888 456 951 504 tota
972 445 1107 503 volitaret

53 550 141 606 Italia
180 552 345 621 Hannibal,
383 540 508 626 'potuisti
538 562 690 626 praestare,
731 554 787 610 hoc
808 554 874 610 vide
901 573 937 611 ne
958 563 1104 610 contume·
1120 557 1153 612 ll

52 658 155 714 liosum
179 657 232 727 sit,
266 676 403 715 concusso
434 658 491 713 iam
515 668 543 714 et
563 677 645 732 paene
668 658 761 716 fracto
784 660 966 729 Hannibale,
998 675 1105 732 negare

54 784 140 839 posse
168 767 202 822 P.
230 764 369 820 Licinium
400 739 562 833 consulem,
596 764 687 821 virnm
721 764 924 836 fortissimum,
959 775 1105 840 praestare,

55 871 120 943 qni,
141 888 177 925 ne
199 888 217 925 a
238 869 328 926 sacris
350 869 425 926 absit
445 867 576 943 pontifex
597 869 757 942 maximus,
779 872 846 929 ideo
867 873 896 928 in
918 882 1024 927 sortem
1046 882 1106 925 tam

54 976 219 1051 longinqua
240 975 395 1050 provinciae
415 995 473 1032 non
497 975 584 1032 venit.
633 976 664 1034 Si
695 976 825 1034 hercules
850 977 939 1034 nihilo
966 977 1107 1033 maturius
1123 977 1155 1033 12

53 1084 126 1152 hoc,
165 1100 222 1155 qno
245 1098 299 1154 ego
321 1099 439 1152 censeo,
475 1082 561 1138 modo
587 1084 770 1157 perficeretur
791 1083 917 1154 bellum,
949 1091 1045 1138 tamen
1069 1081 1105 1137 ad

55 1189 223 1263 dignitatem
252 1187 352 1262 populi
377 1186 695 1261 Romani-famamque
728 1189 805 1263 apud
837 1207 919 1264 reges
951 1197 1107 1263 gentesque

56 1303 189 1350 externas
211 1293 386 1368 pertinebat,
413 1313 471 1351 non
497 1294 535 1349 ad
556 1293 764 1351 defendendam
787 1294 873 1352 modo
895 1295 1027 1364 Italiam,
1056 1291 1107 1348 sed

56 1401 93 1456 ad
121 1398 272 1455 inferenda
301 1401 386 1456 etiam
415 1399 523 1457 Africae
552 1419 633 1457 arma
654 1400 744 1456 videri
775 1401 857 1457 nobis
884 1401 1011 1457 animum
1036 1417 1107 1469 esse,

55 1524 108 1562 nec
129 1507 186 1561 hoc
207 1504 283 1561 credi
303 1506 486 1580 vulgarique,
516 1507 593 1580 quod
616 1506 764 1563 Hannibal
785 1525 872 1564 ausus
894 1507 947 1576 sit,
965 1507 1107 1563 neminem
1122 1511 1158 1566 13

57 1613 157 1669 ducem
180 1613 378 1668 Romanorum
402 1613 517 1682 audere,
539 1621 567 1668 et
587 1613 684 1688 priore
704 1612 815 1668 Punico
837 1613 912 1669 bello
934 1622 1004 1683 tum,
1020 1632 1106 1686 quum

57 1719 93 1774 de
117 1717 216 1775 Sicilia
239 1727 410 1786 certaretur,
432 1718 516 1774 toties
539 1717 670 1775 Africam
694 1719 858 1775 abnostris
880 1719 1108 1792 exercitibusque

57 1834 86 1881 et
107 1823 247 1880 classibus
270 1831 476 1897 oppugnatam,
500 1841 584 1893 nnnc,
606 1842 688 1897 quom
710 1824 745 1880 de
765 1824 852 1880 Italia
874 1835 1005 1894 certetur,
1027 1823 1108 1881 Airi-

58 1949 120 1986 cam
149 1939 282 2004 pacatam
313 1948 384 1988 esse.
432 1927 606 2002 Requiescat
632 1926 793 2003 ‘aliquando
819 1942 934 1988 ,vexata
965 1940 1024 1986 tam
1045 1930 1106 1986 ⁴din
1124 1935 1160 1988 14

60 2036 158 2104 ltalia3
181 2047 281 2091 uratur
302 2043 504 2107 evasteturque
524 2033 553 2089 in
576 2034 666 2091 vicem
689 2034 802 2092 Africa.
850 2033 954 2092 Castra
975 2037 1109 2092 Romana
1123 2039 1159 2094 15

56 2143 152 2218 potius
175 2140 358 2215 Carthaginis
379 2141 470 2215 portis
491 2139 675 2211 immineant,
698 2157 785 2213 quam
800 2159 853 2196 nos
876 2142 978 2197 iterum
1000 2140 1109 2196 vallum

56 2251 180 2307 hostium
214 2267 250 2304 ex
281 2246 422 2303 moenibus
453 2245 559 2303 nostris
586 2246 744 2302 videamus.
797 2244 900 2304 Africa
936 2246 973 2302 sit
1007 2246 1110 2320 reliqui

56 2355 124 2411 belli
145 2355 242 2423 sedes3
269 2352 335 2409 illuc
357 2361 451 2408 terror
470 2350 615 2426 fugaque,
639 2351 788 2426 populatio
810 2370 965 2426 agrorum,
987 2350 1109 2408 delectio

58 2461 219 2536 sociorum,
249 2468 350 2515 cetera
370 2456 438 2513 belli
459 2457 570 2526 clades,
593 2457 707 2530 quaein
728 2477 781 2514 nos
806 2478 858 2533 per
879 2458 1107 2532 quattuordecim

60 2583 151 2620 annos
170 2565 346 2638 ingruerunt,
368 2571 524 2619 vertantur.
580 2563 651 2636 Quae
673 2564 711 2619 ad
729 2564 949 2639 rempublicam
967 2564 1109 2639 pertinent
1127 2569 1162 2624 16
1218 2566 1221 2582 ²

60 2679 88 2726 et
122 2669 248 2735 bellum,
285 2668 361 2740 qnod
398 2667 501 2739 instat,
540 2678 568 2724 et
596 2668 777 2743 provincias,
815 2670 851 2726 de
880 2671 983 2744 quibus
1006 2670 1109 2744 agitur,

60 2775 168 2832 dixisse
195 2774 266 2830 satis
294 2783 351 2842 est3
382 2773 433 2830 illa
459 2773 547 2848 longa
575 2775 668 2831 oratio
690 2794 742 2832 nec
765 2776 876 2832 advos
898 2776 1042 2850 pertinens
1065 2777 1110 2846 sit,
1126 2780 1161 2834 17

58 2883 91 2952 si,
121 2879 361 2956 quemadmodum
394 2880 429 2952 Q.
453 2881 562 2938 Fabius
591 2899 670 2937 meas
696 2899 743 2937 res
777 2891 874 2957 gestas
905 2881 934 2937 in
966 2882 1111 2957 Hispania

59 2987 198 3056 elevavit,
226 2986 266 3042 sic
288 3004 342 3061 ego
364 2997 464 3044 contra
485 2988 606 3062 gloriam
632 2987 691 3043 eius
714 2986 827 3045 eludere
849 2998 877 3045 et
898 3007 992 3045 meam
1014 2989 1110 3046 verbis

59 3093 197 3150 extollere
224 3092 320 3150 velim.
368 3093 510 3149 Neutrum
544 3091 665 3162 faciam,
700 3103 797 3168 patres
824 3094 992 3170 conscripti,
1015 3105 1057 3165 et,
1087 3096 1111 3153 si
1127 3092 1163 3150 18

58 3200 137 3256 nulla
158 3199 216 3255 alia
237 3217 277 3267 re,
299 3198 440 3254 modestia
460 3200 537 3255 c'erte
562 3207 590 3254 et
613 3200 799 3272 temperando
819 3201 923 3276 linguae
944 3200 1111 3257 adolescens

60 3323 157 3361 senem
181 3305 289 3361 vicero.
337 3304 384 3360 Ita
406 3312 434 3358 et
455 3303 515 3359 vixi
539 3313 567 3359 et
580 3303 656 3378 gessi
670 3322 726 3372 res,
749 3315 779 3362 nt
793 3307 897 3364 tacitus
917 3324 951 3361 ea
968 3306 1110 3380 opinione,

62 3429 147 3483 quam
171 3420 268 3465 vestra
297 3417 399 3482 sponte
431 3417 599 3485 conceptam
622 3410 724 3466 animis
745 3412 904 3483 haberetis,
936 3410 1021 3469 facile
1043 3432 1110 3470 con-

59 3522 153 3570 tentus
175 3519 296 3572 essem.“
663 3515 667 3526 '

143 3620 238 3677 Minus
267 3621 355 3694 aeqnis
385 3621 487 3677 animis
517 3622 631 3678 auditus
659 3631 703 3679 est
724 3621 837 3697 Scipio,
871 3623 939 3696 quia
960 3625 1108 3699 vulgatum
1163 3618 1206 3686 45

61 3734 136 3795 erat,
172 3725 197 3781 si
224 3726 301 3799 apud
329 3736 458 3782 senatum
480 3746 538 3783 non
560 3729 746 3798 obtinuisset,
783 3736 814 3783 ut
834 3728 983 3802 provincia
1007 3728 1111 3787 Africa

60 3831 115 3887 sibi
137 3829 352 3900 decerneretur,
380 3831 417 3887 ad
439 3833 577 3907 populum
601 3833 745 3908 extemplo
766 3833 901 3890 laturum.
949 3835 1052 3908 Itaque
1077 3831 1142 3900 (Η

62 3934 199 4006 Fulvius,
234 3935 282 4009 qni
304 3938 403 3994 consul
424 3947 527 4012 qnater
548 3938 656 4010 fuerat,
688 3940 846 4013 postulavit
874 3959 893 3995 a
913 3939 1045 4007 consule,
1082 3952 1113 3996 ut
1205 3984 1207 3989 >
