2748 4556
315 243 375 302 258
592 239 669 290 Liber
685 239 772 290 XXX.
810 238 857 300 (Α.
871 253 896 288 ιι.
910 253 932 292 e.
946 239 1021 304 5⁵2.)

274 443 375 503 pacem
404 433 523 502 propter
546 433 652 483 metum
675 443 769 498 neque
791 441 908 482 manere
929 425 959 482 in
981 443 1017 482 ea
1039 443 1101 500 prat
1122 425 1216 482 insite
1238 425 1325 482 minuis

245 531 394 608 dperfldia
414 531 582 607 potuissent.
628 530 679 589 Ad
700 531 756 588 hcc
778 529 953 605 colloquium
974 531 1154 588 Hannibalis
1175 532 1208 588 in
1229 543 1326 588 secreto

243 637 403 696 lhabitum
440 655 475 694 ao
505 637 626 695 liberum
658 634 792 710 fingenti,
827 653 886 710 qna
911 636 990 706 vult,
1026 637 1124 697 flectit.
1176 636 1326 695 Ominum.

274 743 378 819 quihus
399 741 546 817 quondam
569 740 704 816 auspiciis
724 749 823 816 patres
845 759 943 800 corum
966 742 1003 799 ad
1026 745 1158 819 AEgetes
1190 763 1324 819 pugnare

272 849 329 908 rint
360 848 485 916 insulas,
517 866 554 906 ea
585 846 641 904 illis
672 847 841 904 meantibus
873 847 902 905 in
931 849 1021 906 eciem
1049 849 1241 924 portendisse
1260 850 1327 906 deos.

225 955 388 1013 lOAdssse
409 955 494 1012 finem
517 953 584 1022 balli
605 970 640 1010 ee
660 952 785 1022 laboris3
819 952 848 1010 in
869 953 1002 1011 manibus
1023 974 1089 1013 esee
1110 955 1247 1031 praedam
1268 954 1327 1013 cn-

271 1059 414 1136 thaginie,
452 1058 574 1117 reditum
597 1057 716 1116 domum
739 1058 768 1115 iu
789 1059 931 1134 patriam,
969 1059 1193 1134 adparentes,
1226 1061 1328 1120 libem

224 1169 255 1224 ll
272 1165 409 1242 coniuges
431 1173 607 1240 penatesque
628 1165 709 1222 deos.
756 1163 858 1222 Celsus
877 1167 939 1222 hac
969 1183 1094 1240 corpere
1126 1167 1270 1242 vultuque
1295 1167 1329 1222 ita

270 1272 348 1341 laeto,
367 1279 399 1328 ut
419 1271 523 1328 vicisse
543 1270 601 1327 iam
623 1269 764 1340 crederes,
786 1270 910 1330 dicebat.
957 1270 1079 1328 Instruit
1102 1272 1214 1330 deinde
1234 1273 1329 1348 primos

274 1379 415 1446 hastatos,
436 1386 503 1452 post
523 1393 573 1433 eos
597 1375 755 1451 principem
783 1375 889 1432 triariis
910 1385 1087 1450 postremam
1113 1378 1211 1436 amem
1233 1379 1328 1435 clausit.

176 1479 221 1548 33
274 1483 344 1540 Non
378 1481 523 1540 confertas
563 1489 658 1539 autern
693 1483 826 1538 cohortes
867 1493 932 1538 ente
973 1501 1027 1539 sua
1068 1501 1223 1559 quamque
1257 1483 1328 1557 signs

273 1589 449 1657 instruebat,
481 1587 532 1644 sed
561 1587 723 1663 manipulos
750 1587 927 1661 aliquantum
956 1588 1031 1645 inter
1064 1608 1096 1646 se
1120 1590 1278 1659 distantes,
1305 1600 1329 1642 nt
1371 1578 1372 1648 l

274 1703 349 1752 esset
377 1692 519 1768 spatium,
552 1710 611 1767 qua
640 1692 785 1768 elephanti
813 1692 937 1750 hostium
969 1693 1027 1751 acti
1049 1693 1124 1751 nihil
1145 1696 1261 1753 ordines
1281 1706 1330 1750 tur·

241 1800 385 1858 iberent.
434 1797 574 1868 Letum,
604 1798 685 1856 cuins
707 1809 773 1855 ante
794 1798 898 1872 legati,
917 1819 951 1857 ec
973 1819 1051 1857 anno
1075 1802 1232 1874 quaestoris
1258 1813 1330 1856 extra

273 1915 379 1962 sortem
402 1923 439 1962 cx
460 1913 578 1962 senatus
600 1904 731 1962 cornnlto
754 1921 844 1979 opera
865 1907 1012 1974 utebatur,
1041 1924 1108 1962 cnm
1133 1906 1239 1964 Italico
1260 1907 1329 1980 equi·

274 2021 336 2069 tatu
365 2012 403 2069 ab
431 2009 547 2068 sinistro
577 2028 683 2080 cornu,
720 2009 905 2066 Masinissam
934 2009 1144 2084 Numidasque
1176 2013 1215 2068 eh
1237 2013 1330 2068 dextro
1372 2073 1373 2076 Ἴ

243 2116 419 2192 iopposnit.
477 2116 551 2173 Viae
583 2124 715 2192 patentes
754 2115 830 2172 inter
871 2115 1034 2190 manipulos
1079 2117 1327 2192 antesignanorum

273 2223 406 2280 velitibus
429 2223 477 2295 (ea
503 2230 571 2279 tnnc
591 2220 664 2278 levis
686 2229 835 2278 armature
858 2223 933 2295 erat)
955 2222 1131 2297 complevit,
1173 2224 1246 2280 dete
1267 2239 1327 2297 pra·

273 2339 370 2405 cepto,
398 2339 430 2386 ut
451 2326 488 2386 ad
510 2326 647 2402 impetum
670 2327 886 2402 elephantorum
909 2337 960 2384 aut
980 2337 1048 2402 post
1071 2329 1202 2387 directos
1224 2328 1325 2402 refuge-

272 2443 336 2492 rent
357 2434 490 2503 ordines,
526 2441 575 2490 aut
604 2433 633 2490 in
661 2433 793 2490 dextram
815 2431 977 2506 laevamque
1000 2433 1132 2490 discursu
1157 2435 1327 2511 applicantes

274 2559 303 2597 ea
323 2538 413 2614 signis
437 2539 533 2608 viam,
559 2558 619 2614 qua
639 2540 781 2596 irruerent
799 2537 829 2594 in
851 2537 989 2613 ancipitia
1010 2539 1086 2608 tela,
1108 2541 1208 2598 beluis
1229 2542 1328 2598 darent.

209 2663 214 2678 ’
244 2644 422 2704 4Hennibal
451 2646 489 2702 ad
520 2655 659 2703 terrorem
691 2644 800 2719 primos
835 2643 1004 2720 elephantos
1039 2643 1208 2721 (octoginta
1242 2657 1326 2702 autern

274 2759 374 2821 erant,
405 2760 477 2826 quot
503 2751 582 2809 nulla
610 2769 737 2824 unquam
767 2749 796 2806 in
825 2748 887 2806 acie
914 2761 981 2808 ante
1012 2752 1171 2824 habuerat)
1192 2751 1329 2810 instruxit.

245 2857 377 2916 5deinde
404 2856 513 2915 auxilia
540 2857 679 2930 Ligurum
708 2854 935 2930 Gallorumque,
968 2858 1134 2914 Baliaribus
1164 2858 1329 2930 Manrisque

274 2963 424 3032 admixtis3
452 2963 483 3019 in
504 2962 630 3020 secunda
651 2962 713 3019 acie
734 2960 988 3036 Carthaginienses
1011 2962 1162 3038 Afrosque
1185 2973 1215 3020 et
1238 2964 1329 3019 Mece-

244 3068 381 3126 bdonum
402 3066 558 3142 legionem;
580 3067 693 3125 modico
714 3067 816 3124 deinde
830 3064 982 3126 intervallo
996 3069 1106 3137 relicto,
1128 3067 1330 3126 subsidiariam

275 3175 365 3232 aciem
384 3173 551 3232 Italicorum
574 3173 694 3230 militum
716 3173 835 3249 (Bruttii
856 3173 987 3248 plerique
1011 3185 1102 3244 erant,
1124 3175 1155 3231 vi
1178 3193 1213 3231 ae
1236 3191 1330 3230 neree

275 3283 360 3340 sitate
380 3280 477 3355 plures
499 3298 585 3354 qnam
607 3297 660 3336 sua
682 3279 830 3335 voluntate
857 3278 1038 3336 decedentem
1062 3298 1099 3335 ex
1119 3279 1210 3336 Italia
1229 3277 1330 3350 secuti)

246 3387 417 3446 7instruxit.
466 3385 635 3459 Equitatum
666 3383 777 3459 etipse
798 3384 986 3442 circumdedit
1012 3385 1162 3454 coruibne;
1199 3386 1329 3442 dextrum

244 3490 540 3567 SCarthaginienses,
572 3488 716 3547 sinistrum
744 3490 879 3548 Numidae
900 3499 1060 3549 tenuerunt.
1109 3491 1206 3548 Varia
1225 3492 1330 3548 adhor-

275 3598 346 3656 tatio
374 3606 437 3655 erat
462 3597 492 3654 in
514 3595 640 3653 exercitu
662 3596 736 3653 inter
757 3604 799 3653 tot
820 3595 966 3665 homines,
1002 3596 1106 3669 quibus
1135 3615 1197 3653 non
1222 3597 1328 3673 lingna,

274 3723 332 3762 non
354 3721 435 3773 mos,
464 3722 521 3761 non
544 3703 613 3772 lex,
639 3720 698 3758 non
721 3719 819 3770 arma,
841 3719 898 3758 non
920 3700 1041 3758 vestitus
1062 3701 1253 3776 habitusque,
1276 3721 1328 3759 non

243 3809 363 3868 icansa
384 3807 524 3866 militandi
545 3807 646 3864 eadem
668 3817 751 3864 esset.
798 3805 998 3864 Auxiliaribns
1020 3815 1049 3862 et
1070 3825 1198 3882 praesens
1215 3819 1244 3865 et
1260 3809 1328 3866 mul-

274 3915 404 3991 tiplicata
438 3933 475 3971 ex
505 3913 604 3990 prede
636 3931 744 3970 merces
776 3920 948 3979 ostentatum
984 3911 1064 3970 Galli
1092 3913 1214 3988 proprio
1243 3925 1328 3988 etque

274 4020 360 4077 insite
380 4019 411 4075 in
431 4020 580 4076 Romanos
596 4017 664 4074 odio
684 4016 892 4085 accendentem
920 4016 1076 4090 Liguribus
1101 4019 1197 4093 campi
1229 4019 1327 4076 ubere
