2700 4426
429 197 508 246 Liber
523 196 625 252 XXIV.
663 198 709 261 (A.
724 195 772 247 ch.
789 198 862 260 are.)
1081 202 1135 258 199

112 385 229 437 centum
248 380 400 438 Romanus
421 381 562 451 habehat,
584 399 711 454 quonam
734 382 890 438 evaderent
912 390 1008 439 motus
1036 401 1073 439 ex
1094 384 1176 441 coedi·

112 484 168 542 bus
190 491 378 560 tyrannorum
404 485 460 542 orti
482 485 652 561 Syracusis,
677 504 773 561 quove
796 503 847 543 eos
870 495 975 561 ageret·
990 505 1069 545 nova
1090 497 1177 562 atque

107 587 228 646 insolita
250 588 380 660 libertas,
403 591 564 666 opperiens.
884 580 887 585 ’

195 694 255 752 Per
276 695 392 752 eosdem
420 695 482 751 dies
511 713 598 768 quum
626 696 665 751 ad
693 693 866 753 Marcellum
891 695 1053 752 venientem
1080 695 1109 752 in
1132 695 1208 755 Sto

111 796 208 854 cilium
232 798 321 873 legati
343 799 520 876 Syracusani
542 800 622 857 missi
647 801 684 857 ab
709 799 809 876 Appio
843 810 952 871 essent,
981 801 1087 858 auditis
1109 819 1176 857 con·

112 903 274 961 dicionibus
288 905 369 979 pacis
384 906 550 984 Marcellus,
565 923 652 980 posse
665 924 725 962 rem
742 906 898 962 convenire
912 915 1002 975 ratus,
1018 914 1047 961 et
1060 905 1123 979 ipse
1136 905 1177 961 le·

109 1018 198 1084 gatos
210 1008 381 1085 Syracusas,
397 1010 446 1083 qui
461 1029 559 1067 coram
576 1029 639 1067 oum
652 1009 822 1094 piaetoribus
838 1010 874 1067 de
884 1011 1054 1067 renovando
1069 1009 1177 1067 foedere

110 1123 243 1188 agerent,
267 1115 354 1178 misit.
402 1116 441 1173 Et
462 1116 521 1172 iam
543 1116 583 1172 ibi
604 1135 789 1190 nequaquam
813 1115 914 1171 eadem
938 1115 1019 1188 quies
1041 1133 1076 1172 ao
1097 1119 1206 1172 tran-7
1272 1143 1273 1147 ,

109 1219 240 1293 quillitas
255 1230 327 1280 erat.
361 1221 523 1294 Postquam
539 1221 680 1278 Punicam
697 1221 818 1278 classem
835 1220 992 1278 accessisse
1006 1222 1176 1296 Pachynum

110 1325 232 1382 allatum
263 1335 321 1394 est,
357 1307 475 1399 dempto
505 1324 609 1383 timore
636 1326 832 1401 Hippocrates
864 1335 893 1383 et
924 1326 1070 1401 Epicydes
1102 1307 1177 1383 nunc

111 1431 193 1504 apud
208 1431 402 1488 mercenarios
417 1429 529 1499 milites,
553 1449 630 1487 nunc
652 1431 730 1505 apud
755 1431 923 1506 transfugas
944 1430 1029 1506 prodi
1042 1431 1177 1488 Romano

109 1533 275 1608 Syracusas
304 1535 540 1596 criminabantur.
595 1537 637 1594 Ut
665 1555 735 1593 vero
759 1536 876 1611 Appius
897 1554 987 1593 naves
1010 1536 1047 1592 ad
1072 1535 1207 1615 ostiumd

109 1648 231 1714 portast
256 1658 314 1713 quo
338 1641 426 1712 talia
449 1641 540 1716 partis
563 1640 727 1698 hominibus
749 1642 861 1698 animus
879 1640 1044 1711 accederet,
1066 1642 1095 1698 in
1116 1651 1176 1697 sta·

109 1744 191 1801 tione
214 1745 322 1801 habere
344 1745 445 1820 coepit,
466 1746 567 1820 ingens
588 1745 762 1819 inspeciem
785 1745 952 1803 criminibus
974 1745 1057 1802 vanis
1079 1763 1175 1802 acces·

108 1858 191 1906 serat
220 1850 307 1920 fides,
334 1867 369 1906 ac
401 1848 495 1924 primo
528 1850 614 1907 etiam
636 1849 812 1906 tumultuose
834 1851 1001 1907 decurrerat
1022 1848 1205 1905 multitudolt

109 1954 151 2011 ad
171 1954 381 2029 prohibendos,
408 1954 432 2010 si
454 1955 483 2010 in
505 1966 611 2012 terram
634 1956 847 2030 egrederentur.

193 2061 229 2116 In
250 2061 306 2115 hac
327 2059 491 2116 turbatione
512 2079 608 2118 rerum
629 2061 659 2118 in
681 2060 843 2118 contionem
859 2061 959 2118 vocari
980 2058 1102 2134 placuit3
1125 2058 1175 2115 ubi
1222 2052 1269 2120 28

108 2181 199 2238 quum
223 2162 272 2219 alii
294 2162 351 2220 alio
373 2165 523 2235 tenderent
545 2184 597 2222 neo
621 2167 723 2240 procul
745 2165 885 2222 seditione
906 2183 952 2222 res
974 2171 1058 2233 esset,
1080 2162 1174 2236 Apol·

107 2255 221 2326 lonides
242 2267 403 2343 principum
427 2289 501 2327 unus
523 2271 682 2328 orationem
698 2271 854 2327 salutarem
876 2280 908 2326 ut
928 2270 957 2326 in
973 2267 1024 2324 tali
1045 2276 1175 2341 tempore

108 2373 225 2431 habuit:
259 2374 323 2431 Nec
350 2375 556 2448 spem-salutis
583 2393 636 2431 nec
665 2375 820 2449 perniciem
849 2375 1016 2450 propiorem
1045 2371 1205 2447 unquam2

63 2508 70 2518 1
108 2477 222 2548 ciuitati
243 2478 294 2534 ulli
315 2478 413 2537 fuisse.
462 2481 494 2540 si
517 2481 591 2536 enim
614 2499 671 2536 uno
695 2480 791 2537 animo
814 2498 914 2537 omnes
936 2478 982 2536 vel
1005 2479 1043 2535 ad
1064 2478 1204 2559 Roma-3

108 2599 164 2639 nos
188 2582 236 2639 vel
258 2584 295 2639 ad
318 2582 573 2659 Carthaginienses
601 2585 751 2655 inclinent,
781 2584 886 2640 nullius
915 2582 1040 2642 civitatis
1066 2590 1173 2638 statum

108 2685 331 2745 fortunatiorem
355 2708 389 2746 ac
413 2689 571 2746 beatiorem
593 2688 672 2758 fore3
694 2689 718 2745 si
742 2689 790 2745 alii
813 2688 870 2745 alio
891 2690 1010 2745 trahant
1030 2704 1093 2756 res,
1115 2691 1204 2744 noul

106 2791 184 2849 inter
209 2792 318 2850 Poenos
351 2795 559 2866 Romanosque
590 2794 695 2850 bellum
729 2793 855 2850 atrocius
884 2792 948 2849 fore
979 2809 1067 2864 quam
1099 2790 1173 2845 inter

107 2897 189 2972 ipsos
212 2896 421 2972 Syracusanos,
454 2916 541 2970 quum
570 2897 646 2953 intra
674 2898 790 2954 eosdem
819 2915 918 2953 muros
949 2913 1018 2972 pars
1051 2903 1174 2967 utraque

107 3019 178 3059 suos
200 3002 352 3071 exercitus,
375 3019 429 3057 sua
450 3020 542 3070 arma,
563 3019 631 3058 suos
652 3003 787 3079 habitura
809 3002 845 3058 sit
867 3001 962 3057 duces.
1006 3000 1120 3073 Itaque,
1142 3003 1203 3056 utb

108 3106 186 3163 idem
208 3125 311 3163 omnes
332 3106 467 3175 sentiant,
488 3125 602 3162 summa
625 3105 654 3161 vi
671 3107 813 3180 agendum
831 3123 902 3162 esse.
952 3105 1027 3163 Utra
1049 3103 1173 3160 societas

107 3211 148 3269 sit
168 3210 274 3281 utilior,
296 3231 359 3270 eam
384 3212 470 3286 longe
491 3210 630 3266 minorem
654 3229 688 3267 ac
716 3210 833 3267 levioris
862 3209 998 3265 momenti
1026 3207 1172 3265 consulta-

107 3316 216 3373 tionem
240 3335 315 3386 esse;
337 3318 389 3379 sed
411 3326 508 3385 tamen
528 3315 665 3372 Hieronis
687 3316 783 3391 potius
806 3333 892 3389 quam
909 3314 1082 3388 Hieronymi
1104 3316 1202 3370 auc-6

105 3421 255 3478 toritatem
276 3423 451 3497 sequendam
474 3421 503 3477 in
525 3421 611 3478 sociis
632 3419 770 3495 legendis,
791 3419 838 3476 vel
859 3418 1069 3492 quinquaginta
1090 3418 1173 3473 annis
1225 3406 1231 3411 ¹

106 3526 230 3584 feliciter
252 3535 399 3602 expertam
423 3526 580 3584 amicitiam
603 3545 678 3583 nnnc
698 3525 866 3600 incognitae,
889 3524 1035 3598 quondam
1065 3521 1174 3579 infideli

107 3629 328 3705 praeferendam.
386 3632 460 3688 Esse
496 3631 581 3688 etiam
619 3631 757 3687 momenti
793 3629 901 3703 aliquid
938 3630 976 3685 ad
1012 3628 1201 3696 consilium?

65 3767 68 3770 >
107 3737 188 3811 quod
211 3733 488 3812 Carthaginensibus
517 3736 647 3811 ita-pax
679 3736 779 3811 negari
799 3725 905 3810 possit,
941 3743 1051 3789 utnon
1073 3732 1172 3805 utique

105 3840 136 3899 in
159 3842 313 3917 praesentia
333 3842 440 3899 bellum
465 3860 529 3899 cum
554 3841 595 3898 eis
616 3847 751 3916 geratur:
774 3859 839 3897 cum
863 3838 1003 3896 Romanis
1025 3835 1171 3911 extemplo

106 3957 159 4003 aut
179 3965 283 4023 pacem
305 3956 356 4004 aut
376 3947 482 4004 bellum
510 3947 684 4004 habendum.
734 3944 799 4017 Quo
828 3943 920 4000 minus
948 3942 1112 4018 cupiditatis
1136 3940 1202 3999 aad
