<?xml version="1.0" encoding="UTF-8"?>
<!DOCTYPE html PUBLIC "-//W3C//DTD XHTML 1.0 Transitional//EN"
    "http://www.w3.org/TR/xhtml1/DTD/xhtml1-transitional.dtd">
<html xmlns="http://www.w3.org/1999/xhtml" xml:lang="en" lang="en">
 <head>
  <title>
</title>
<meta http-equiv="Content-Type" content="text/html;charset=utf-8" />
  <meta name='ocr-system' content='tesseract 3.04.00' />
  <meta name='ocr-capabilities' content='ocr_page ocr_carea ocr_par ocr_line ocrx_word'/>
</head>
<body>
  <div class='ocr_page' id='page_1' title='image "./titiliviihistor01ussigoog/titiliviihistor01ussigoog_0187.png"; bbox 0 0 2704 4552; ppageno 0'>
   <div class='ocr_carea' id='block_1_1' title="bbox 301 241 1011 306">
    <p class='ocr_par' dir='ltr' id='par_1_1' title="bbox 301 241 1011 306">
     <span class='ocr_line' id='line_1_1' title="bbox 301 241 1011 306; baseline -0.018 -2"><span class='ocrx_word' id='word_1_1' title='bbox 301 247 359 304; x_wconf 82' lang='grc'><strong>146</strong></span> <span class='ocrx_word' id='word_1_2' title='bbox 569 241 647 292; x_wconf 84' lang='lat' dir='ltr'><strong>Liber</strong></span> <span class='ocrx_word' id='word_1_3' title='bbox 664 241 765 291; x_wconf 80' lang='lat' dir='ltr'><strong>xxm</strong></span> <span class='ocrx_word' id='word_1_4' title='bbox 806 242 853 305; x_wconf 85' lang='grc' dir='ltr'><strong>(Δ.</strong></span> <span class='ocrx_word' id='word_1_5' title='bbox 864 256 890 295; x_wconf 81' lang='grc' dir='ltr'><strong>ιι.</strong></span> <span class='ocrx_word' id='word_1_6' title='bbox 902 257 924 295; x_wconf 83' lang='lat' dir='ltr'><strong>c.</strong></span> <span class='ocrx_word' id='word_1_7' title='bbox 938 242 1011 306; x_wconf 76' lang='grc'><strong>588.)</strong></span> 
     </span>
    </p>
   </div>
   <div class='ocr_carea' id='block_1_2' title="bbox 161 424 1341 4048">
    <p class='ocr_par' dir='ltr' id='par_1_2' title="bbox 226 424 1341 710">
     <span class='ocr_line' id='line_1_2' title="bbox 226 424 1341 500; baseline -0.004 -16"><span class='ocrx_word' id='word_1_8' title='bbox 226 425 306 484; x_wconf 80' lang='lat' dir='ltr'><strong>tatii</strong></span> <span class='ocrx_word' id='word_1_9' title='bbox 333 425 460 482; x_wconf 87' lang='lat' dir='ltr'><strong>nundum</strong></span> <span class='ocrx_word' id='word_1_10' title='bbox 495 443 511 482; x_wconf 90' lang='lat' dir='ltr'><strong>e</strong></span> <span class='ocrx_word' id='word_1_11' title='bbox 541 425 644 482; x_wconf 88' lang='lat' dir='ltr'><strong>castris</strong></span> <span class='ocrx_word' id='word_1_12' title='bbox 674 424 815 492; x_wconf 86' lang='lat' dir='ltr'><strong>exissent;</strong></span> <span class='ocrx_word' id='word_1_13' title='bbox 848 432 945 482; x_wconf 88' lang='lat' dir='ltr'><strong>tamen</strong></span> <span class='ocrx_word' id='word_1_14' title='bbox 972 425 1067 500; x_wconf 90' lang='lat' dir='ltr'><strong>primo</strong></span> <span class='ocrx_word' id='word_1_15' title='bbox 1097 425 1164 500; x_wconf 90' lang='lat' dir='ltr'><strong>ipsa</strong></span> <span class='ocrx_word' id='word_1_16' title='bbox 1204 425 1341 497; x_wconf 80' lang='lat' dir='ltr'><strong>sadada</strong></span> 
     </span>
     <span class='ocr_line' id='line_1_3' title="bbox 255 508 1341 604; baseline -0.004 -16"><span class='ocrx_word' id='word_1_17' title='bbox 255 539 384 588; x_wconf 88' lang='lat' dir='ltr'><strong>terruere</strong></span> <span class='ocrx_word' id='word_1_18' title='bbox 404 530 531 598; x_wconf 82' lang='lat' dir='ltr'><strong>hustem3</strong></span> <span class='ocrx_word' id='word_1_19' title='bbox 556 528 660 586; x_wconf 90' lang='lat' dir='ltr'><strong>deinde</strong></span> <span class='ocrx_word' id='word_1_20' title='bbox 681 527 740 584; x_wconf 87' lang='lat' dir='ltr'><strong>rari</strong></span> <span class='ocrx_word' id='word_1_21' title='bbox 760 528 790 583; x_wconf 93' lang='lat' dir='ltr'><strong>in</strong></span> <span class='ocrx_word' id='word_1_22' title='bbox 811 527 958 585; x_wconf 84' lang='lat' dir='ltr'><strong>confertos</strong></span> <span class='ocrx_word' id='word_1_23' title='bbox 973 528 1055 599; x_wconf 85' lang='lat' dir='ltr'><strong>illati,</strong></span> <span class='ocrx_word' id='word_1_24' title='bbox 1077 547 1168 602; x_wconf 88' lang='lat' dir='ltr'><strong>quum</strong></span> <span class='ocrx_word' id='word_1_25' title='bbox 1195 529 1317 604; x_wconf 77' lang='lat' dir='ltr'><strong>paucitas</strong></span> <span class='ocrx_word' id='word_1_26' title='bbox 1340 508 1341 541; x_wconf 57' lang='lat'><em>⁴</em></span> 
     </span>
     <span class='ocr_line' id='line_1_4' title="bbox 255 631 1317 710; baseline -0.004 -18"><span class='ocrx_word' id='word_1_27' title='bbox 255 651 358 710; x_wconf 87' lang='lat' dir='ltr'><strong>parum</strong></span> <span class='ocrx_word' id='word_1_28' title='bbox 382 641 445 690; x_wconf 86' lang='lat' dir='ltr'><strong>tuta</strong></span> <span class='ocrx_word' id='word_1_29' title='bbox 466 642 550 703; x_wconf 80' lang='lat' dir='ltr'><strong>esset,</strong></span> <span class='ocrx_word' id='word_1_30' title='bbox 571 635 716 709; x_wconf 78' lang='lat' dir='ltr'><strong>respicere</strong></span> <span class='ocrx_word' id='word_1_31' title='bbox 737 631 786 689; x_wconf 92' lang='lat' dir='ltr'><strong>alii</strong></span> <span class='ocrx_word' id='word_1_32' title='bbox 809 632 882 688; x_wconf 89' lang='lat' dir='ltr'><strong>alios</strong></span> <span class='ocrx_word' id='word_1_33' title='bbox 904 640 933 688; x_wconf 91' lang='lat' dir='ltr'><strong>et</strong></span> <span class='ocrx_word' id='word_1_34' title='bbox 953 631 1081 705; x_wconf 90' lang='lat' dir='ltr'><strong>undique</strong></span> <span class='ocrx_word' id='word_1_35' title='bbox 1102 633 1183 706; x_wconf 88' lang='lat' dir='ltr'><strong>pulsi</strong></span> <span class='ocrx_word' id='word_1_36' title='bbox 1207 633 1317 690; x_wconf 82' lang='lat' dir='ltr'><strong>coireis</strong></span> 
     </span>
    </p>

    <p class='ocr_par' dir='ltr' id='par_1_3' title="bbox 161 719 1317 918">
     <span class='ocr_line' id='line_1_5' title="bbox 161 719 1317 813; baseline -0.004 -16"><span class='ocrx_word' id='word_1_37' title='bbox 161 719 164 728; x_wconf 85' lang='lat'>.</span> <span class='ocrx_word' id='word_1_38' title='bbox 226 745 241 796; x_wconf 87' lang='grc'><strong>7</strong></span> <span class='ocrx_word' id='word_1_39' title='bbox 256 740 366 809; x_wconf 79' lang='lat' dir='ltr'><strong>orbam,</strong></span> <span class='ocrx_word' id='word_1_40' title='bbox 388 747 416 796; x_wconf 93' lang='lat' dir='ltr'><strong>et</strong></span> <span class='ocrx_word' id='word_1_41' title='bbox 428 738 496 795; x_wconf 91' lang='lat' dir='ltr'><strong>dum</strong></span> <span class='ocrx_word' id='word_1_42' title='bbox 519 757 638 813; x_wconf 77' lang='lat' dir='ltr'><strong>corporo</strong></span> <span class='ocrx_word' id='word_1_43' title='bbox 651 737 822 812; x_wconf 79' lang='lat' dir='ltr'>corporibus</span> <span class='ocrx_word' id='word_1_44' title='bbox 838 735 985 810; x_wconf 87' lang='lat' dir='ltr'><strong>applicant</strong></span> <span class='ocrx_word' id='word_1_45' title='bbox 999 753 1142 809; x_wconf 89' lang='lat' dir='ltr'><strong>armaque</strong></span> <span class='ocrx_word' id='word_1_46' title='bbox 1157 738 1253 794; x_wconf 86' lang='lat' dir='ltr'><strong>armis</strong></span> <span class='ocrx_word' id='word_1_47' title='bbox 1266 737 1317 792; x_wconf 90' lang='lat' dir='ltr'><strong>iuu-</strong></span> 
     </span>
     <span class='ocr_line' id='line_1_6' title="bbox 255 839 1316 918; baseline -0.004 -18"><span class='ocrx_word' id='word_1_48' title='bbox 255 851 336 918; x_wconf 84' lang='lat' dir='ltr'><strong>gunt,</strong></span> <span class='ocrx_word' id='word_1_49' title='bbox 356 843 387 899; x_wconf 90' lang='lat' dir='ltr'><strong>in</strong></span> <span class='ocrx_word' id='word_1_50' title='bbox 409 850 503 898; x_wconf 87' lang='lat' dir='ltr'><strong>artum</strong></span> <span class='ocrx_word' id='word_1_51' title='bbox 525 842 675 918; x_wconf 85' lang='lat' dir='ltr'><strong>compulsi,</strong></span> <span class='ocrx_word' id='word_1_52' title='bbox 698 860 786 916; x_wconf 92' lang='lat' dir='ltr'><strong>quum</strong></span> <span class='ocrx_word' id='word_1_53' title='bbox 802 842 852 898; x_wconf 89' lang='lat' dir='ltr'><strong>vix</strong></span> <span class='ocrx_word' id='word_1_54' title='bbox 875 840 1024 897; x_wconf 88' lang='lat' dir='ltr'><strong>movendis</strong></span> <span class='ocrx_word' id='word_1_55' title='bbox 1046 841 1138 898; x_wconf 86' lang='lat' dir='ltr'><strong>armis</strong></span> <span class='ocrx_word' id='word_1_56' title='bbox 1152 842 1229 898; x_wconf 85' lang='lat' dir='ltr'><strong>satis</strong></span> <span class='ocrx_word' id='word_1_57' title='bbox 1245 839 1316 916; x_wconf 85' lang='lat' dir='ltr'><strong>spati</strong></span> 
     </span>
    </p>

    <p class='ocr_par' dir='ltr' id='par_1_4' title="bbox 226 945 1316 1020">
     <span class='ocr_line' id='line_1_7' title="bbox 226 945 1316 1020; baseline -0.006 -14"><span class='ocrx_word' id='word_1_58' title='bbox 226 951 243 1006; x_wconf 82' lang='lat'><em>8</em></span> <span class='ocrx_word' id='word_1_59' title='bbox 256 956 340 1017; x_wconf 80' lang='lat' dir='ltr'><strong>esset,</strong></span> <span class='ocrx_word' id='word_1_60' title='bbox 353 963 461 1003; x_wconf 89' lang='lat' dir='ltr'><strong>corona</strong></span> <span class='ocrx_word' id='word_1_61' title='bbox 471 946 597 1003; x_wconf 89' lang='lat' dir='ltr'><strong>hostium</strong></span> <span class='ocrx_word' id='word_1_62' title='bbox 609 947 694 1004; x_wconf 91' lang='lat' dir='ltr'><strong>cincti</strong></span> <span class='ocrx_word' id='word_1_63' title='bbox 706 946 744 1003; x_wconf 88' lang='lat' dir='ltr'><strong>ad</strong></span> <span class='ocrx_word' id='word_1_64' title='bbox 756 945 875 1002; x_wconf 89' lang='lat' dir='ltr'><strong>multum</strong></span> <span class='ocrx_word' id='word_1_65' title='bbox 888 945 944 1001; x_wconf 91' lang='lat' dir='ltr'><strong>diei</strong></span> <span class='ocrx_word' id='word_1_66' title='bbox 960 945 1122 1015; x_wconf 72' lang='lat' dir='ltr'><strong>caeduntur-3</strong></span> <span class='ocrx_word' id='word_1_67' title='bbox 1138 946 1251 1020; x_wconf 87' lang='lat' dir='ltr'><strong>exigua</strong></span> <span class='ocrx_word' id='word_1_68' title='bbox 1261 963 1316 1019; x_wconf 83' lang='lat' dir='ltr'><strong>pars</strong></span> 
     </span>
    </p>

    <p class='ocr_par' dir='ltr' id='par_1_5' title="bbox 192 1048 1316 1230">
     <span class='ocr_line' id='line_1_8' title="bbox 192 1048 1316 1125; baseline -0.002 -18"><span class='ocrx_word' id='word_1_69' title='bbox 192 1049 194 1056; x_wconf 86' lang='grc'><strong>’</strong></span> <span class='ocrx_word' id='word_1_70' title='bbox 256 1050 407 1125; x_wconf 83' lang='lat' dir='ltr'><strong>eruptione</strong></span> <span class='ocrx_word' id='word_1_71' title='bbox 421 1048 500 1108; x_wconf 84' lang='lat' dir='ltr'><strong>facta</strong></span> <span class='ocrx_word' id='word_1_72' title='bbox 514 1051 603 1107; x_wconf 88' lang='lat' dir='ltr'><strong>silvas</strong></span> <span class='ocrx_word' id='word_1_73' title='bbox 618 1069 653 1107; x_wconf 90' lang='lat' dir='ltr'><strong>ac</strong></span> <span class='ocrx_word' id='word_1_74' title='bbox 668 1059 780 1107; x_wconf 87' lang='lat' dir='ltr'><strong>montes</strong></span> <span class='ocrx_word' id='word_1_75' title='bbox 795 1050 876 1125; x_wconf 84' lang='lat' dir='ltr'><strong>petit.</strong></span> <span class='ocrx_word' id='word_1_76' title='bbox 913 1049 1043 1123; x_wconf 86' lang='lat' dir='ltr'><strong>Parique</strong></span> <span class='ocrx_word' id='word_1_77' title='bbox 1057 1058 1170 1106; x_wconf 87' lang='lat' dir='ltr'><strong>terrore</strong></span> <span class='ocrx_word' id='word_1_78' title='bbox 1185 1060 1219 1106; x_wconf 90' lang='lat' dir='ltr'><strong>et</strong></span> <span class='ocrx_word' id='word_1_79' title='bbox 1234 1059 1316 1106; x_wconf 80' lang='lat' dir='ltr'><strong>castra</strong></span> 
     </span>
     <span class='ocr_line' id='line_1_9' title="bbox 257 1151 1315 1230; baseline -0.003 -20"><span class='ocrx_word' id='word_1_80' title='bbox 257 1163 322 1211; x_wconf 85' lang='lat' dir='ltr'><strong>suut</strong></span> <span class='ocrx_word' id='word_1_81' title='bbox 343 1154 458 1212; x_wconf 82' lang='lat' dir='ltr'><strong>deserta</strong></span> <span class='ocrx_word' id='word_1_82' title='bbox 478 1164 507 1211; x_wconf 88' lang='lat' dir='ltr'><strong>et</strong></span> <span class='ocrx_word' id='word_1_83' title='bbox 530 1155 665 1214; x_wconf 85' lang='lat' dir='ltr'><strong>universa</strong></span> <span class='ocrx_word' id='word_1_84' title='bbox 686 1172 758 1230; x_wconf 85' lang='lat' dir='ltr'><strong>gens</strong></span> <span class='ocrx_word' id='word_1_85' title='bbox 772 1165 899 1230; x_wconf 86' lang='lat' dir='ltr'><strong>postero</strong></span> <span class='ocrx_word' id='word_1_86' title='bbox 921 1153 968 1212; x_wconf 91' lang='lat' dir='ltr'><strong>die</strong></span> <span class='ocrx_word' id='word_1_87' title='bbox 988 1154 1018 1209; x_wconf 90' lang='lat' dir='ltr'><strong>in</strong></span> <span class='ocrx_word' id='word_1_88' title='bbox 1041 1153 1224 1211; x_wconf 88' lang='lat' dir='ltr'><strong>deditionem</strong></span> <span class='ocrx_word' id='word_1_89' title='bbox 1243 1151 1315 1208; x_wconf 88' lang='lat' dir='ltr'><strong>venit.</strong></span> 
     </span>
    </p>

    <p class='ocr_par' dir='ltr' id='par_1_6' title="bbox 225 1257 1316 1542">
     <span class='ocr_line' id='line_1_10' title="bbox 225 1257 1316 1334; baseline -0.006 -15"><span class='ocrx_word' id='word_1_90' title='bbox 225 1265 243 1319; x_wconf 85' lang='grc'><strong>9</strong></span> <span class='ocrx_word' id='word_1_91' title='bbox 340 1259 404 1316; x_wconf 87' lang='lat' dir='ltr'><strong>Nec</strong></span> <span class='ocrx_word' id='word_1_92' title='bbox 433 1259 482 1316; x_wconf 89' lang='lat' dir='ltr'><strong>diu</strong></span> <span class='ocrx_word' id='word_1_93' title='bbox 513 1260 543 1316; x_wconf 89' lang='lat' dir='ltr'><strong>in</strong></span> <span class='ocrx_word' id='word_1_94' title='bbox 564 1268 651 1334; x_wconf 86' lang='lat' dir='ltr'><strong>pacto</strong></span> <span class='ocrx_word' id='word_1_95' title='bbox 680 1260 800 1326; x_wconf 77' lang='lat' dir='ltr'><strong>mansit3</strong></span> <span class='ocrx_word' id='word_1_96' title='bbox 833 1278 900 1316; x_wconf 89' lang='lat' dir='ltr'><strong>nam</strong></span> <span class='ocrx_word' id='word_1_97' title='bbox 931 1259 1053 1316; x_wconf 85' lang='lat' dir='ltr'><strong>subinde</strong></span> <span class='ocrx_word' id='word_1_98' title='bbox 1081 1260 1119 1316; x_wconf 90' lang='lat' dir='ltr'><strong>ab</strong></span> <span class='ocrx_word' id='word_1_99' title='bbox 1147 1257 1316 1330; x_wconf 74' lang='lat' dir='ltr'><strong>Carthagine</strong></span> 
     </span>
     <span class='ocr_line' id='line_1_11' title="bbox 257 1350 1315 1440; baseline -0.002 -22"><span class='ocrx_word' id='word_1_100' title='bbox 257 1361 377 1418; x_wconf 85' lang='lat' dir='ltr'><strong>allatum</strong></span> <span class='ocrx_word' id='word_1_101' title='bbox 405 1373 463 1432; x_wconf 81' lang='lat' dir='ltr'><strong>est,</strong></span> <span class='ocrx_word' id='word_1_102' title='bbox 490 1373 522 1419; x_wconf 91' lang='lat' dir='ltr'><strong>ut</strong></span> <span class='ocrx_word' id='word_1_103' title='bbox 544 1364 713 1420; x_wconf 78' lang='lat' dir='ltr'><strong>Hasdrubal</strong></span> <span class='ocrx_word' id='word_1_104' title='bbox 739 1363 834 1438; x_wconf 89' lang='lat' dir='ltr'><strong>primo</strong></span> <span class='ocrx_word' id='word_1_105' title='bbox 862 1381 978 1437; x_wconf 90' lang='lat' dir='ltr'><strong>quoque</strong></span> <span class='ocrx_word' id='word_1_106' title='bbox 1004 1350 1187 1438; x_wconf 86' lang='lat' dir='ltr'><strong>temporein</strong></span> <span class='ocrx_word' id='word_1_107' title='bbox 1213 1361 1315 1440; x_wconf 82' lang='lat' dir='ltr'><strong>Italian</strong></span> 
     </span>
     <span class='ocr_line' id='line_1_12' title="bbox 257 1464 1314 1542; baseline -0.006 -18"><span class='ocrx_word' id='word_1_108' title='bbox 257 1466 414 1524; x_wconf 87' lang='lat' dir='ltr'><strong>exercitum</strong></span> <span class='ocrx_word' id='word_1_109' title='bbox 436 1466 567 1537; x_wconf 76' lang='lat' dir='ltr'><strong>duceret,</strong></span> <span class='ocrx_word' id='word_1_110' title='bbox 596 1487 660 1542; x_wconf 83' lang='lat' dir='ltr'><strong>quae</strong></span> <span class='ocrx_word' id='word_1_111' title='bbox 689 1467 810 1542; x_wconf 86' lang='lat' dir='ltr'><strong>vulgata</strong></span> <span class='ocrx_word' id='word_1_112' title='bbox 836 1485 882 1524; x_wconf 84' lang='lat' dir='ltr'><strong>res</strong></span> <span class='ocrx_word' id='word_1_113' title='bbox 910 1486 964 1542; x_wconf 89' lang='lat' dir='ltr'><strong>per</strong></span> <span class='ocrx_word' id='word_1_114' title='bbox 987 1467 1165 1541; x_wconf 79' lang='lat' dir='ltr'><strong>Hispaniam</strong></span> <span class='ocrx_word' id='word_1_115' title='bbox 1198 1464 1314 1522; x_wconf 88' lang='lat' dir='ltr'><strong>omniun</strong></span> 
     </span>
    </p>

    <p class='ocr_par' dir='ltr' id='par_1_7' title="bbox 207 1569 1316 1854">
     <span class='ocr_line' id='line_1_13' title="bbox 207 1569 1316 1653; baseline -0.005 -25"><span class='ocrx_word' id='word_1_116' title='bbox 207 1581 243 1635; x_wconf 82' lang='grc' dir='ltr'><strong>ιο</strong></span> <span class='ocrx_word' id='word_1_117' title='bbox 256 1569 348 1628; x_wconf 89' lang='lat' dir='ltr'><strong>ferme</strong></span> <span class='ocrx_word' id='word_1_118' title='bbox 380 1569 492 1628; x_wconf 86' lang='lat' dir='ltr'><strong>animos</strong></span> <span class='ocrx_word' id='word_1_119' title='bbox 521 1572 560 1628; x_wconf 88' lang='lat' dir='ltr'><strong>ad</strong></span> <span class='ocrx_word' id='word_1_120' title='bbox 591 1574 741 1647; x_wconf 76' lang='lat' dir='ltr'><strong>Romanos</strong></span> <span class='ocrx_word' id='word_1_121' title='bbox 772 1573 885 1632; x_wconf 85' lang='lat' dir='ltr'><strong>avertit.</strong></span> <span class='ocrx_word' id='word_1_122' title='bbox 941 1572 1045 1653; x_wconf 85' lang='lat' dir='ltr'><strong>ltaque</strong></span> <span class='ocrx_word' id='word_1_123' title='bbox 1070 1570 1249 1627; x_wconf 80' lang='lat' dir='ltr'><strong>Hasdrubal</strong></span> <span class='ocrx_word' id='word_1_124' title='bbox 1276 1587 1316 1623; x_wconf 85' lang='lat' dir='ltr'><strong>ex·</strong></span> 
     </span>
     <span class='ocr_line' id='line_1_14' title="bbox 257 1673 1315 1752; baseline -0.004 -20"><span class='ocrx_word' id='word_1_125' title='bbox 257 1675 365 1750; x_wconf 87' lang='lat' dir='ltr'><strong>templo</strong></span> <span class='ocrx_word' id='word_1_126' title='bbox 386 1675 497 1732; x_wconf 81' lang='lat' dir='ltr'><strong>litteras</strong></span> <span class='ocrx_word' id='word_1_127' title='bbox 520 1674 726 1752; x_wconf 82' lang='lat' dir='ltr'><strong>Carthaginem</strong></span> <span class='ocrx_word' id='word_1_128' title='bbox 743 1676 838 1746; x_wconf 85' lang='lat' dir='ltr'><strong>mittit,</strong></span> <span class='ocrx_word' id='word_1_129' title='bbox 859 1676 999 1745; x_wconf 83' lang='lat' dir='ltr'><strong>indicans,</strong></span> <span class='ocrx_word' id='word_1_130' title='bbox 1022 1683 1132 1749; x_wconf 88' lang='lat' dir='ltr'><strong>quanto</strong></span> <span class='ocrx_word' id='word_1_131' title='bbox 1154 1673 1242 1732; x_wconf 87' lang='lat' dir='ltr'><strong>fama</strong></span> <span class='ocrx_word' id='word_1_132' title='bbox 1261 1691 1315 1748; x_wconf 85' lang='lat' dir='ltr'><strong>pro-</strong></span> 
     </span>
     <span class='ocr_line' id='line_1_15' title="bbox 256 1763 1313 1854; baseline -0.004 -17"><span class='ocrx_word' id='word_1_133' title='bbox 256 1763 396 1837; x_wconf 78' lang='lat' dir='ltr'><strong>fectionis</strong></span> <span class='ocrx_word' id='word_1_134' title='bbox 411 1798 470 1838; x_wconf 85' lang='lat' dir='ltr'><strong>suae</strong></span> <span class='ocrx_word' id='word_1_135' title='bbox 494 1781 601 1837; x_wconf 86' lang='lat' dir='ltr'><strong>damno</strong></span> <span class='ocrx_word' id='word_1_136' title='bbox 624 1779 739 1850; x_wconf 81' lang='lat' dir='ltr'><strong>fuisset3</strong></span> <span class='ocrx_word' id='word_1_137' title='bbox 761 1781 786 1836; x_wconf 87' lang='lat' dir='ltr'><strong>si</strong></span> <span class='ocrx_word' id='word_1_138' title='bbox 807 1799 877 1837; x_wconf 88' lang='lat' dir='ltr'><strong>vero</strong></span> <span class='ocrx_word' id='word_1_139' title='bbox 902 1781 969 1837; x_wconf 86' lang='lat' dir='ltr'><strong>inde</strong></span> <span class='ocrx_word' id='word_1_140' title='bbox 990 1788 1133 1854; x_wconf 78' lang='lat' dir='ltr'><strong>pergeret,</strong></span> <span class='ocrx_word' id='word_1_141' title='bbox 1155 1779 1313 1854; x_wconf 83' lang='lat' dir='ltr'><strong>priusquam</strong></span> 
     </span>
    </p>

    <p class='ocr_par' dir='ltr' id='par_1_8' title="bbox 207 1882 1315 2169">
     <span class='ocr_line' id='line_1_16' title="bbox 207 1882 1315 1960; baseline -0.001 -19"><span class='ocrx_word' id='word_1_142' title='bbox 207 1895 240 1948; x_wconf 89' lang='lat'><strong>11</strong></span> <span class='ocrx_word' id='word_1_143' title='bbox 256 1885 399 1941; x_wconf 90' lang='lat' dir='ltr'><strong>Hiberum</strong></span> <span class='ocrx_word' id='word_1_144' title='bbox 422 1885 567 1955; x_wconf 85' lang='lat' dir='ltr'><strong>transiret,</strong></span> <span class='ocrx_word' id='word_1_145' title='bbox 589 1886 789 1943; x_wconf 88' lang='lat' dir='ltr'><strong>Romanorum</strong></span> <span class='ocrx_word' id='word_1_146' title='bbox 811 1885 985 1960; x_wconf 87' lang='lat' dir='ltr'><strong>Hispaniam</strong></span> <span class='ocrx_word' id='word_1_147' title='bbox 1007 1882 1086 1952; x_wconf 81' lang='lat' dir='ltr'><strong>fore;</strong></span> <span class='ocrx_word' id='word_1_148' title='bbox 1114 1901 1185 1940; x_wconf 88' lang='lat' dir='ltr'><strong>nam</strong></span> <span class='ocrx_word' id='word_1_149' title='bbox 1207 1891 1315 1960; x_wconf 78' lang='lat' dir='ltr'><strong>prater·</strong></span> 
     </span>
     <span class='ocr_line' id='line_1_17' title="bbox 258 1986 1314 2066; baseline -0.003 -20"><span class='ocrx_word' id='word_1_150' title='bbox 258 2008 346 2063; x_wconf 89' lang='lat' dir='ltr'><strong>quam</strong></span> <span class='ocrx_word' id='word_1_151' title='bbox 369 1992 449 2065; x_wconf 88' lang='lat' dir='ltr'><strong>quod</strong></span> <span class='ocrx_word' id='word_1_152' title='bbox 470 2007 524 2048; x_wconf 86' lang='lat' dir='ltr'><strong>nec</strong></span> <span class='ocrx_word' id='word_1_153' title='bbox 548 1989 714 2064; x_wconf 86' lang='lat' dir='ltr'><strong>praesidium</strong></span> <span class='ocrx_word' id='word_1_154' title='bbox 745 2007 798 2046; x_wconf 89' lang='lat' dir='ltr'><strong>nec</strong></span> <span class='ocrx_word' id='word_1_155' title='bbox 821 1991 923 2047; x_wconf 88' lang='lat' dir='ltr'><strong>ducem</strong></span> <span class='ocrx_word' id='word_1_156' title='bbox 950 1991 1088 2066; x_wconf 81' lang='lat' dir='ltr'><strong>haberet,</strong></span> <span class='ocrx_word' id='word_1_157' title='bbox 1119 2007 1208 2063; x_wconf 89' lang='lat' dir='ltr'><strong>quem</strong></span> <span class='ocrx_word' id='word_1_158' title='bbox 1240 1986 1314 2044; x_wconf 85' lang='lat' dir='ltr'><strong>relin-</strong></span> 
     </span>
     <span class='ocr_line' id='line_1_18' title="bbox 257 2093 1313 2169; baseline -0.005 -18"><span class='ocrx_word' id='word_1_159' title='bbox 257 2103 358 2169; x_wconf 86' lang='lat' dir='ltr'><strong>queret</strong></span> <span class='ocrx_word' id='word_1_160' title='bbox 385 2113 439 2168; x_wconf 91' lang='lat' dir='ltr'><strong>pro</strong></span> <span class='ocrx_word' id='word_1_161' title='bbox 469 2113 515 2165; x_wconf 80' lang='lat' dir='ltr'><strong>se,</strong></span> <span class='ocrx_word' id='word_1_162' title='bbox 547 2113 598 2151; x_wconf 88' lang='lat' dir='ltr'><strong>eos</strong></span> <span class='ocrx_word' id='word_1_163' title='bbox 625 2095 816 2169; x_wconf 83' lang='lat' dir='ltr'><strong>imperatores</strong></span> <span class='ocrx_word' id='word_1_164' title='bbox 847 2111 910 2151; x_wconf 84' lang='lat' dir='ltr'><strong>esse</strong></span> <span class='ocrx_word' id='word_1_165' title='bbox 938 2095 1103 2165; x_wconf 84' lang='lat' dir='ltr'><strong>Romanos,</strong></span> <span class='ocrx_word' id='word_1_166' title='bbox 1137 2094 1246 2167; x_wconf 89' lang='lat' dir='ltr'><strong>quibus</strong></span> <span class='ocrx_word' id='word_1_167' title='bbox 1274 2093 1313 2148; x_wconf 80' lang='lat' dir='ltr'><strong>vix</strong></span> 
     </span>
    </p>

    <p class='ocr_par' dir='ltr' id='par_1_9' title="bbox 211 2197 1313 2482">
     <span class='ocr_line' id='line_1_19' title="bbox 211 2197 1313 2274; baseline -0.003 -20"><span class='ocrx_word' id='word_1_168' title='bbox 211 2209 244 2266; x_wconf 82' lang='lat'><strong>12</strong></span> <span class='ocrx_word' id='word_1_169' title='bbox 257 2199 347 2272; x_wconf 86' lang='lat' dir='ltr'><strong>aequis</strong></span> <span class='ocrx_word' id='word_1_170' title='bbox 379 2199 489 2254; x_wconf 90' lang='lat' dir='ltr'><strong>viribus</strong></span> <span class='ocrx_word' id='word_1_171' title='bbox 516 2199 612 2256; x_wconf 85' lang='lat' dir='ltr'><strong>resisti</strong></span> <span class='ocrx_word' id='word_1_172' title='bbox 640 2207 748 2274; x_wconf 84' lang='lat' dir='ltr'><strong>posset.</strong></span> <span class='ocrx_word' id='word_1_173' title='bbox 804 2197 908 2272; x_wconf 87' lang='lat' dir='ltr'><strong>Itaque</strong></span> <span class='ocrx_word' id='word_1_174' title='bbox 939 2201 965 2255; x_wconf 85' lang='lat' dir='ltr'><strong>ai</strong></span> <span class='ocrx_word' id='word_1_175' title='bbox 995 2198 1054 2255; x_wconf 89' lang='lat' dir='ltr'><strong>ulla</strong></span> <span class='ocrx_word' id='word_1_176' title='bbox 1076 2198 1232 2272; x_wconf 81' lang='lat' dir='ltr'><strong>Hispaniae</strong></span> <span class='ocrx_word' id='word_1_177' title='bbox 1258 2213 1313 2252; x_wconf 84' lang='lat' dir='ltr'><strong>cura</strong></span> 
     </span>
     <span class='ocr_line' id='line_1_20' title="bbox 258 2284 1312 2372; baseline -0.003 -14"><span class='ocrx_word' id='word_1_178' title='bbox 258 2311 342 2372; x_wconf 77' lang='lat' dir='ltr'><strong>esset,</strong></span> <span class='ocrx_word' id='word_1_179' title='bbox 365 2319 561 2360; x_wconf 86' lang='lat' dir='ltr'><strong>successorem</strong></span> <span class='ocrx_word' id='word_1_180' title='bbox 582 2302 638 2360; x_wconf 89' lang='lat' dir='ltr'><strong>sibi</strong></span> <span class='ocrx_word' id='word_1_181' title='bbox 660 2321 725 2360; x_wconf 88' lang='lat' dir='ltr'><strong>cum</strong></span> <span class='ocrx_word' id='word_1_182' title='bbox 746 2295 846 2361; x_wconf 85' lang='lat' dir='ltr'><strong>valido</strong></span> <span class='ocrx_word' id='word_1_183' title='bbox 879 2303 1007 2360; x_wconf 83' lang='lat' dir='ltr'><strong>exercitu</strong></span> <span class='ocrx_word' id='word_1_184' title='bbox 1029 2284 1194 2371; x_wconf 58' lang='lat' dir='ltr'><strong>mittereutt</strong></span> <span class='ocrx_word' id='word_1_185' title='bbox 1223 2302 1267 2360; x_wconf 90' lang='lat' dir='ltr'><strong>cui</strong></span> <span class='ocrx_word' id='word_1_186' title='bbox 1291 2309 1312 2355; x_wconf 84' lang='lat' dir='ltr'><strong>ut</strong></span> 
     </span>
     <span class='ocr_line' id='line_1_21' title="bbox 259 2405 1312 2482; baseline -0.002 -20"><span class='ocrx_word' id='word_1_187' title='bbox 259 2407 357 2464; x_wconf 90' lang='lat' dir='ltr'><strong>omnia</strong></span> <span class='ocrx_word' id='word_1_188' title='bbox 377 2424 517 2481; x_wconf 88' lang='lat' dir='ltr'><strong>prospere</strong></span> <span class='ocrx_word' id='word_1_189' title='bbox 538 2407 697 2478; x_wconf 72' lang='lat' dir='ltr'><strong>evenirent</strong></span> <span class='ocrx_word' id='word_1_190' title='bbox 715 2425 774 2464; x_wconf 90' lang='lat' dir='ltr'><strong>nou</strong></span> <span class='ocrx_word' id='word_1_191' title='bbox 796 2416 893 2464; x_wconf 89' lang='lat' dir='ltr'><strong>tamen</strong></span> <span class='ocrx_word' id='word_1_192' title='bbox 908 2408 1032 2464; x_wconf 86' lang='lat' dir='ltr'><strong>otiosam</strong></span> <span class='ocrx_word' id='word_1_193' title='bbox 1054 2406 1238 2482; x_wconf 88' lang='lat' dir='ltr'><strong>provinciam</strong></span> <span class='ocrx_word' id='word_1_194' title='bbox 1253 2405 1312 2462; x_wconf 82' lang='lat' dir='ltr'><strong>fore</strong></span> 
     </span>
    </p>

    <p class='ocr_par' dir='ltr' id='par_1_10' title="bbox 161 2510 1310 3420">
     <span class='ocr_line' id='line_1_22' title="bbox 161 2510 1310 2587; baseline -0.004 -17"><span class='ocrx_word' id='word_1_195' title='bbox 161 2514 209 2583; x_wconf 81' lang='lat'><strong>28</strong></span> <span class='ocrx_word' id='word_1_196' title='bbox 258 2513 310 2570; x_wconf 81' lang='lat' dir='ltr'><strong>llae</strong></span> <span class='ocrx_word' id='word_1_197' title='bbox 341 2511 444 2568; x_wconf 84' lang='lat' dir='ltr'><strong>litterae</strong></span> <span class='ocrx_word' id='word_1_198' title='bbox 477 2529 645 2585; x_wconf 85' lang='lat' dir='ltr'><strong>quanquam</strong></span> <span class='ocrx_word' id='word_1_199' title='bbox 677 2510 771 2587; x_wconf 85' lang='lat' dir='ltr'><strong>primo</strong></span> <span class='ocrx_word' id='word_1_200' title='bbox 805 2512 961 2568; x_wconf 88' lang='lat' dir='ltr'><strong>admodum</strong></span> <span class='ocrx_word' id='word_1_201' title='bbox 995 2520 1148 2569; x_wconf 85' lang='lat' dir='ltr'><strong>moverunt</strong></span> <span class='ocrx_word' id='word_1_202' title='bbox 1183 2521 1310 2576; x_wconf 76' lang='lat' dir='ltr'><strong>senatun,</strong></span> 
     </span>
     <span class='ocr_line' id='line_1_23' title="bbox 257 2615 1310 2691; baseline 0 -19"><span class='ocrx_word' id='word_1_203' title='bbox 257 2625 363 2685; x_wconf 82' lang='lat' dir='ltr'><strong>tamen,</strong></span> <span class='ocrx_word' id='word_1_204' title='bbox 382 2616 450 2689; x_wconf 89' lang='lat' dir='ltr'><strong>quia</strong></span> <span class='ocrx_word' id='word_1_205' title='bbox 472 2615 566 2673; x_wconf 78' lang='lat' dir='ltr'><strong>ltalia</strong></span> <span class='ocrx_word' id='word_1_206' title='bbox 587 2633 659 2672; x_wconf 88' lang='lat' dir='ltr'><strong>cura</strong></span> <span class='ocrx_word' id='word_1_207' title='bbox 676 2616 757 2690; x_wconf 87' lang='lat' dir='ltr'><strong>prior</strong></span> <span class='ocrx_word' id='word_1_208' title='bbox 778 2617 933 2691; x_wconf 87' lang='lat' dir='ltr'><strong>potiorque</strong></span> <span class='ocrx_word' id='word_1_209' title='bbox 956 2624 1027 2686; x_wconf 85' lang='lat' dir='ltr'><strong>erat,</strong></span> <span class='ocrx_word' id='word_1_210' title='bbox 1048 2615 1120 2672; x_wconf 91' lang='lat' dir='ltr'><strong>nihil</strong></span> <span class='ocrx_word' id='word_1_211' title='bbox 1134 2617 1172 2674; x_wconf 87' lang='lat' dir='ltr'><strong>de</strong></span> <span class='ocrx_word' id='word_1_212' title='bbox 1191 2617 1310 2674; x_wconf 88' lang='lat' dir='ltr'><strong>Hasdru·</strong></span> 
     </span>
     <span class='ocr_line' id='line_1_24' title="bbox 227 2695 1310 2795; baseline -0.006 -17"><span class='ocrx_word' id='word_1_213' title='bbox 227 2720 323 2785; x_wconf 85' lang='lat' dir='ltr'><strong>2bale</strong></span> <span class='ocrx_word' id='word_1_214' title='bbox 343 2738 437 2795; x_wconf 91' lang='lat' dir='ltr'><strong>neque</strong></span> <span class='ocrx_word' id='word_1_215' title='bbox 459 2721 495 2788; x_wconf 81' lang='lat' dir='ltr'><strong>de</strong></span> <span class='ocrx_word' id='word_1_216' title='bbox 516 2719 607 2795; x_wconf 91' lang='lat' dir='ltr'><strong>copiis</strong></span> <span class='ocrx_word' id='word_1_217' title='bbox 631 2720 692 2777; x_wconf 88' lang='lat' dir='ltr'><strong>eius</strong></span> <span class='ocrx_word' id='word_1_218' title='bbox 713 2726 856 2777; x_wconf 82' lang='lat' dir='ltr'><strong>mutatum</strong></span> <span class='ocrx_word' id='word_1_219' title='bbox 879 2728 935 2790; x_wconf 84' lang='lat' dir='ltr'><strong>est3</strong></span> <span class='ocrx_word' id='word_1_220' title='bbox 957 2695 1084 2776; x_wconf 82' lang='lat' dir='ltr'><strong>Himilco</strong></span> <span class='ocrx_word' id='word_1_221' title='bbox 1106 2737 1173 2778; x_wconf 86' lang='lat' dir='ltr'><strong>cum</strong></span> <span class='ocrx_word' id='word_1_222' title='bbox 1196 2720 1310 2779; x_wconf 84' lang='lat' dir='ltr'><strong>exercitu</strong></span> 
     </span>
     <span class='ocr_line' id='line_1_25' title="bbox 256 2823 1308 2898; baseline -0.003 -16"><span class='ocrx_word' id='word_1_223' title='bbox 256 2826 332 2882; x_wconf 82' lang='lat' dir='ltr'><strong>iusto</strong></span> <span class='ocrx_word' id='word_1_224' title='bbox 354 2835 383 2883; x_wconf 89' lang='lat' dir='ltr'><strong>et</strong></span> <span class='ocrx_word' id='word_1_225' title='bbox 405 2833 491 2882; x_wconf 84' lang='lat' dir='ltr'><strong>aucta</strong></span> <span class='ocrx_word' id='word_1_226' title='bbox 513 2823 606 2882; x_wconf 86' lang='lat' dir='ltr'><strong>classe</strong></span> <span class='ocrx_word' id='word_1_227' title='bbox 628 2824 667 2881; x_wconf 90' lang='lat' dir='ltr'><strong>ad</strong></span> <span class='ocrx_word' id='word_1_228' title='bbox 680 2824 860 2882; x_wconf 84' lang='lat' dir='ltr'><strong>retinendam</strong></span> <span class='ocrx_word' id='word_1_229' title='bbox 875 2833 953 2880; x_wconf 87' lang='lat' dir='ltr'><strong>terra</strong></span> <span class='ocrx_word' id='word_1_230' title='bbox 974 2824 1111 2898; x_wconf 88' lang='lat' dir='ltr'><strong>marique·</strong></span> <span class='ocrx_word' id='word_1_231' title='bbox 1128 2845 1164 2884; x_wconf 90' lang='lat' dir='ltr'><strong>ac</strong></span> <span class='ocrx_word' id='word_1_232' title='bbox 1187 2826 1308 2884; x_wconf 87' lang='lat' dir='ltr'><strong>tuendam</strong></span> 
     </span>
     <span class='ocr_line' id='line_1_26' title="bbox 226 2927 1310 3006; baseline -0.005 -19"><span class='ocrx_word' id='word_1_233' title='bbox 226 2931 430 3006; x_wconf 83' lang='lat' dir='ltr'><strong>3Hispaniam</strong></span> <span class='ocrx_word' id='word_1_234' title='bbox 457 2938 501 2986; x_wconf 86' lang='lat' dir='ltr'><strong>est</strong></span> <span class='ocrx_word' id='word_1_235' title='bbox 529 2929 641 2988; x_wconf 89' lang='lat' dir='ltr'><strong>missus.</strong></span> <span class='ocrx_word' id='word_1_236' title='bbox 689 2927 746 3002; x_wconf 83' lang='lat' dir='ltr'><strong>Qui</strong></span> <span class='ocrx_word' id='word_1_237' title='bbox 777 2938 807 2985; x_wconf 91' lang='lat' dir='ltr'><strong>ut</strong></span> <span class='ocrx_word' id='word_1_238' title='bbox 836 2927 985 3003; x_wconf 87' lang='lat' dir='ltr'><strong>pedestres</strong></span> <span class='ocrx_word' id='word_1_239' title='bbox 1012 2930 1194 3004; x_wconf 82' lang='lat' dir='ltr'><strong>navalesque</strong></span> <span class='ocrx_word' id='word_1_240' title='bbox 1223 2929 1310 3004; x_wconf 86' lang='lat' dir='ltr'><strong>copias</strong></span> 
     </span>
     <span class='ocr_line' id='line_1_27' title="bbox 255 3032 1309 3108; baseline -0.002 -17"><span class='ocrx_word' id='word_1_241' title='bbox 255 3036 376 3106; x_wconf 78' lang='lat' dir='ltr'><strong>traiecit,</strong></span> <span class='ocrx_word' id='word_1_242' title='bbox 398 3033 500 3108; x_wconf 81' lang='lat' dir='ltr'><strong>castris</strong></span> <span class='ocrx_word' id='word_1_243' title='bbox 523 3032 705 3090; x_wconf 89' lang='lat' dir='ltr'><strong>communitis</strong></span> <span class='ocrx_word' id='word_1_244' title='bbox 727 3033 909 3107; x_wconf 86' lang='lat' dir='ltr'><strong>navibusque</strong></span> <span class='ocrx_word' id='word_1_245' title='bbox 931 3034 1077 3090; x_wconf 83' lang='lat' dir='ltr'><strong>subductis</strong></span> <span class='ocrx_word' id='word_1_246' title='bbox 1109 3045 1138 3090; x_wconf 89' lang='lat' dir='ltr'><strong>et</strong></span> <span class='ocrx_word' id='word_1_247' title='bbox 1162 3036 1242 3092; x_wconf 86' lang='lat' dir='ltr'><strong>vallo</strong></span> <span class='ocrx_word' id='word_1_248' title='bbox 1265 3033 1309 3089; x_wconf 83' lang='lat' dir='ltr'><strong>eir·</strong></span> 
     </span>
     <span class='ocr_line' id='line_1_28' title="bbox 255 3135 1310 3212; baseline -0.003 -17"><span class='ocrx_word' id='word_1_249' title='bbox 255 3139 407 3210; x_wconf 80' lang='lat' dir='ltr'><strong>cumdatis,</strong></span> <span class='ocrx_word' id='word_1_250' title='bbox 429 3156 495 3195; x_wconf 89' lang='lat' dir='ltr'><strong>cum</strong></span> <span class='ocrx_word' id='word_1_251' title='bbox 517 3136 661 3212; x_wconf 87' lang='lat' dir='ltr'><strong>equitibus</strong></span> <span class='ocrx_word' id='word_1_252' title='bbox 683 3137 800 3194; x_wconf 84' lang='lat' dir='ltr'><strong>delectis</strong></span> <span class='ocrx_word' id='word_1_253' title='bbox 823 3137 894 3212; x_wconf 86' lang='lat' dir='ltr'><strong>ipse,</strong></span> <span class='ocrx_word' id='word_1_254' title='bbox 925 3147 1064 3211; x_wconf 89' lang='lat' dir='ltr'><strong>quantum</strong></span> <span class='ocrx_word' id='word_1_255' title='bbox 1087 3135 1218 3197; x_wconf 87' lang='lat' dir='ltr'><strong>maxime</strong></span> <span class='ocrx_word' id='word_1_256' title='bbox 1239 3155 1310 3196; x_wconf 88' lang='lat' dir='ltr'><strong>acce·</strong></span> 
     </span>
     <span class='ocr_line' id='line_1_29' title="bbox 255 3239 1307 3318; baseline -0.003 -20"><span class='ocrx_word' id='word_1_257' title='bbox 255 3243 349 3301; x_wconf 88' lang='lat' dir='ltr'><strong>lerare</strong></span> <span class='ocrx_word' id='word_1_258' title='bbox 370 3250 499 3318; x_wconf 86' lang='lat' dir='ltr'><strong>poterat,</strong></span> <span class='ocrx_word' id='word_1_259' title='bbox 523 3259 576 3315; x_wconf 89' lang='lat' dir='ltr'><strong>per</strong></span> <span class='ocrx_word' id='word_1_260' title='bbox 597 3239 701 3297; x_wconf 91' lang='lat' dir='ltr'><strong>dubios</strong></span> <span class='ocrx_word' id='word_1_261' title='bbox 723 3239 901 3315; x_wconf 81' lang='lat' dir='ltr'><strong>infestosque</strong></span> <span class='ocrx_word' id='word_1_262' title='bbox 929 3244 1052 3318; x_wconf 86' lang='lat' dir='ltr'><strong>populos</strong></span> <span class='ocrx_word' id='word_1_263' title='bbox 1080 3245 1165 3302; x_wconf 84' lang='lat' dir='ltr'><strong>iuxta</strong></span> <span class='ocrx_word' id='word_1_264' title='bbox 1193 3245 1307 3302; x_wconf 84' lang='lat' dir='ltr'><strong>intentus</strong></span> 
     </span>
     <span class='ocr_line' id='line_1_30' title="bbox 224 3344 1308 3420; baseline -0.006 -14"><span class='ocrx_word' id='word_1_265' title='bbox 224 3348 294 3407; x_wconf 81' lang='lat' dir='ltr'><strong>tad</strong></span> <span class='ocrx_word' id='word_1_266' title='bbox 316 3344 530 3404; x_wconf 87' lang='lat' dir='ltr'><strong>Hasdrubalem</strong></span> <span class='ocrx_word' id='word_1_267' title='bbox 546 3345 686 3419; x_wconf 82' lang='lat' dir='ltr'><strong>pervenit.</strong></span> <span class='ocrx_word' id='word_1_268' title='bbox 734 3345 830 3419; x_wconf 82' lang='lat' dir='ltr'><strong>Quum</strong></span> <span class='ocrx_word' id='word_1_269' title='bbox 847 3346 963 3404; x_wconf 87' lang='lat' dir='ltr'><strong>decreta</strong></span> <span class='ocrx_word' id='word_1_270' title='bbox 985 3356 1101 3406; x_wconf 84' lang='lat' dir='ltr'><strong>senatus</strong></span> <span class='ocrx_word' id='word_1_271' title='bbox 1126 3348 1308 3420; x_wconf 85' lang='lat' dir='ltr'><strong>mandataque</strong></span> 
     </span>
    </p>

    <p class='ocr_par' dir='ltr' id='par_1_11' title="bbox 177 3431 1307 4048">
     <span class='ocr_line' id='line_1_31' title="bbox 177 3431 1306 3526; baseline -0.003 -18"><span class='ocrx_word' id='word_1_272' title='bbox 177 3431 181 3446; x_wconf 47' lang='lat'><em>¹</em></span> <span class='ocrx_word' id='word_1_273' title='bbox 255 3451 438 3526; x_wconf 86' lang='lat' dir='ltr'><strong>exposuisset</strong></span> <span class='ocrx_word' id='word_1_274' title='bbox 458 3458 547 3524; x_wconf 87' lang='lat' dir='ltr'><strong>atque</strong></span> <span class='ocrx_word' id='word_1_275' title='bbox 569 3449 688 3506; x_wconf 86' lang='lat' dir='ltr'><strong>edoctus</strong></span> <span class='ocrx_word' id='word_1_276' title='bbox 710 3459 786 3508; x_wconf 87' lang='lat' dir='ltr'><strong>esset</strong></span> <span class='ocrx_word' id='word_1_277' title='bbox 806 3451 869 3525; x_wconf 88' lang='lat' dir='ltr'><strong>ipse</strong></span> <span class='ocrx_word' id='word_1_278' title='bbox 890 3450 919 3506; x_wconf 91' lang='lat' dir='ltr'><strong>iu</strong></span> <span class='ocrx_word' id='word_1_279' title='bbox 942 3451 1044 3522; x_wconf 85' lang='lat' dir='ltr'><strong>vicem,</strong></span> <span class='ocrx_word' id='word_1_280' title='bbox 1073 3453 1306 3526; x_wconf 85' lang='lat' dir='ltr'><strong>quemadmodum</strong></span> 
     </span>
     <span class='ocr_line' id='line_1_32' title="bbox 254 3554 1307 3631; baseline 0.001 -21"><span class='ocrx_word' id='word_1_281' title='bbox 254 3554 437 3612; x_wconf 88' lang='lat' dir='ltr'><strong>tractandum</strong></span> <span class='ocrx_word' id='word_1_282' title='bbox 471 3555 577 3612; x_wconf 92' lang='lat' dir='ltr'><strong>bellum</strong></span> <span class='ocrx_word' id='word_1_283' title='bbox 608 3555 639 3611; x_wconf 90' lang='lat' dir='ltr'><strong>iu</strong></span> <span class='ocrx_word' id='word_1_284' title='bbox 667 3555 812 3631; x_wconf 88' lang='lat' dir='ltr'><strong>Hispania</strong></span> <span class='ocrx_word' id='word_1_285' title='bbox 841 3555 931 3626; x_wconf 80' lang='lat' dir='ltr'><strong>foret,</strong></span> <span class='ocrx_word' id='word_1_286' title='bbox 964 3565 1043 3612; x_wconf 87' lang='lat' dir='ltr'><strong>retro</strong></span> <span class='ocrx_word' id='word_1_287' title='bbox 1074 3556 1103 3613; x_wconf 92' lang='lat' dir='ltr'><strong>in</strong></span> <span class='ocrx_word' id='word_1_288' title='bbox 1137 3563 1191 3614; x_wconf 74' lang='lat' dir='ltr'><strong>sua</strong></span> <span class='ocrx_word' id='word_1_289' title='bbox 1223 3565 1307 3615; x_wconf 88' lang='lat' dir='ltr'><strong>castra</strong></span> 
     </span>
     <span class='ocr_line' id='line_1_33' title="bbox 254 3659 1306 3736; baseline 0.001 -21"><span class='ocrx_word' id='word_1_290' title='bbox 254 3659 348 3729; x_wconf 85' lang='lat' dir='ltr'><strong>rediit,</strong></span> <span class='ocrx_word' id='word_1_291' title='bbox 368 3660 448 3718; x_wconf 91' lang='lat' dir='ltr'><strong>nulla</strong></span> <span class='ocrx_word' id='word_1_292' title='bbox 469 3679 502 3717; x_wconf 89' lang='lat' dir='ltr'><strong>re</strong></span> <span class='ocrx_word' id='word_1_293' title='bbox 523 3679 610 3735; x_wconf 91' lang='lat' dir='ltr'><strong>quam</strong></span> <span class='ocrx_word' id='word_1_294' title='bbox 638 3660 784 3717; x_wconf 87' lang='lat' dir='ltr'><strong>celeritate</strong></span> <span class='ocrx_word' id='word_1_295' title='bbox 806 3661 908 3730; x_wconf 84' lang='lat' dir='ltr'><strong>tutior,</strong></span> <span class='ocrx_word' id='word_1_296' title='bbox 940 3660 1018 3733; x_wconf 93' lang='lat' dir='ltr'><strong>quod</strong></span> <span class='ocrx_word' id='word_1_297' title='bbox 1046 3661 1174 3736; x_wconf 88' lang='lat' dir='ltr'><strong>undique</strong></span> <span class='ocrx_word' id='word_1_298' title='bbox 1197 3664 1306 3726; x_wconf 81' lang='lat' dir='ltr'><strong>abierat,</strong></span> 
     </span>
     <span class='ocr_line' id='line_1_34' title="bbox 223 3763 1306 3839; baseline 0.001 -20"><span class='ocrx_word' id='word_1_299' title='bbox 223 3764 409 3839; x_wconf 83' lang='lat' dir='ltr'><strong>bantequam</strong></span> <span class='ocrx_word' id='word_1_300' title='bbox 426 3766 628 3823; x_wconf 79' lang='lat' dir='ltr'><strong>consentirent.</strong></span> <span class='ocrx_word' id='word_1_301' title='bbox 672 3764 851 3836; x_wconf 82' lang='lat' dir='ltr'><strong>Hasdrubal,</strong></span> <span class='ocrx_word' id='word_1_302' title='bbox 874 3763 1042 3839; x_wconf 87' lang='lat' dir='ltr'><strong>priusquam</strong></span> <span class='ocrx_word' id='word_1_303' title='bbox 1060 3777 1192 3825; x_wconf 86' lang='lat' dir='ltr'><strong>moveret</strong></span> <span class='ocrx_word' id='word_1_304' title='bbox 1212 3775 1306 3828; x_wconf 82' lang='lat' dir='ltr'><strong>castra,</strong></span> 
     </span>
     <span class='ocr_line' id='line_1_35' title="bbox 253 3868 1305 3948; baseline 0.005 -23"><span class='ocrx_word' id='word_1_305' title='bbox 253 3870 390 3944; x_wconf 83' lang='lat' dir='ltr'><strong>pecunias</strong></span> <span class='ocrx_word' id='word_1_306' title='bbox 411 3870 536 3946; x_wconf 88' lang='lat' dir='ltr'><strong>imperat</strong></span> <span class='ocrx_word' id='word_1_307' title='bbox 557 3869 672 3946; x_wconf 87' lang='lat' dir='ltr'><strong>populis</strong></span> <span class='ocrx_word' id='word_1_308' title='bbox 706 3868 838 3926; x_wconf 90' lang='lat' dir='ltr'><strong>omnibus</strong></span> <span class='ocrx_word' id='word_1_309' title='bbox 861 3887 920 3927; x_wconf 83' lang='lat' dir='ltr'><strong>suae</strong></span> <span class='ocrx_word' id='word_1_310' title='bbox 942 3869 1078 3940; x_wconf 86' lang='lat' dir='ltr'><strong>dicionis,</strong></span> <span class='ocrx_word' id='word_1_311' title='bbox 1107 3872 1179 3929; x_wconf 85' lang='lat' dir='ltr'><strong>satis</strong></span> <span class='ocrx_word' id='word_1_312' title='bbox 1200 3888 1305 3948; x_wconf 73' lang='lat' dir='ltr'><strong>guarna</strong></span> 
     </span>
     <span class='ocr_line' id='line_1_36' title="bbox 252 3973 1303 4048; baseline -0.002 -17"><span class='ocrx_word' id='word_1_313' title='bbox 252 3975 447 4032; x_wconf 87' lang='lat' dir='ltr'><strong>Hannibalem</strong></span> <span class='ocrx_word' id='word_1_314' title='bbox 475 3975 614 4032; x_wconf 88' lang='lat' dir='ltr'><strong>transitus</strong></span> <span class='ocrx_word' id='word_1_315' title='bbox 647 3973 790 4048; x_wconf 88' lang='lat' dir='ltr'><strong>quosdam</strong></span> <span class='ocrx_word' id='word_1_316' title='bbox 822 3973 915 4048; x_wconf 86' lang='lat' dir='ltr'><strong>pretio</strong></span> <span class='ocrx_word' id='word_1_317' title='bbox 944 3983 1102 4032; x_wconf 88' lang='lat' dir='ltr'><strong>mercatum</strong></span> <span class='ocrx_word' id='word_1_318' title='bbox 1132 3994 1186 4034; x_wconf 90' lang='lat' dir='ltr'><strong>nec</strong></span> <span class='ocrx_word' id='word_1_319' title='bbox 1207 3976 1303 4034; x_wconf 85' lang='lat' dir='ltr'><strong>auxilia</strong></span> 
     </span>
    </p>
   </div>
   <div class='ocr_carea' id='block_1_3' title="bbox 0 0 1356 4552">
    <p class='ocr_par' dir='ltr' id='par_1_12' title="bbox 0 0 1356 4552">
     <span class='ocr_line' id='line_1_37' title="bbox 0 0 1356 4552; baseline 0 3"><span class='ocrx_word' id='word_1_320' title='bbox 0 0 1356 4552; x_wconf 95' lang='lat' dir='ltr'><strong> </strong></span> 
     </span>
    </p>
   </div>
  </div>
 </body>
</html>
