2678 4560
327 293 381 350 134
571 288 648 338 Liber
664 287 794 341 XXVIII.
831 288 879 351 (Δ.
891 303 918 340 ιι.
931 303 955 340 c.
971 288 1046 351 548.)

281 473 456 550 negligentia
476 475 603 531 humana
625 475 780 544 acciderat,
802 485 897 531 tamen
920 483 949 530 et
970 473 1073 530 hostiis
1094 473 1252 530 maioribus
1270 492 1321 547 pro·

282 579 377 638 curari
400 589 429 636 at
450 579 686 654 supplicationem
709 580 747 637 ad
768 580 867 638 Vesta
888 579 989 638 haberi
1010 578 1131 654 placuit.

250 693 268 750 8
363 685 538 759 Priusquam
570 685 818 761 proficiscerentur
854 685 985 744 consules
1013 685 1053 741 ad
1082 683 1215 753 bellum,
1246 683 1325 738 moniti

281 810 300 848 a
321 799 421 848 senatu
443 799 527 862 sunt,
559 800 590 848 ut
611 791 640 847 iu
663 808 750 865 agros
770 791 940 848 reducenda
961 790 1054 866 plebis
1074 809 1181 846 curam
1196 789 1325 844 haberent:

282 899 367 954 deum
402 895 579 970 benignitate
595 904 782 954 summotum
823 897 930 954 bellum
970 897 1008 953 ab
1043 897 1117 952 urbe
1152 897 1285 953 Romana
1308 909 1327 948 et

281 1002 368 1059 Latio
390 1018 470 1068 esse3
491 1019 578 1076 possa
599 1001 660 1058 sine
682 1011 753 1058 mero
773 1003 801 1058 ia
815 1005 892 1074 apris
907 1003 1042 1070 lubitum
1063 1003 1179 1057 minime
1196 998 1327 1056 convenire

250 1107 387 1174 osiciliae
417 1125 504 1181 quam
532 1106 625 1163 Italia
655 1107 781 1164 colenda
810 1109 950 1166 maiorem
971 1127 1070 1166 curam
1095 1125 1173 1164 esse.
1225 1105 1279 1163 Sed
1295 1123 1326 1159 res

281 1213 509 1288 haudquaquam
532 1221 594 1268 erat
614 1211 722 1286 populo
744 1211 855 1285 facilis,
883 1214 981 1272 liberis
1005 1214 1171 1271 cultoribus
1195 1211 1271 1268 bello
1291 1210 1327 1263 ab

279 1319 419 1394 sumptis,
456 1327 483 1374 et
514 1316 613 1392 inopia
644 1316 843 1386 servitiorum,
879 1329 908 1376 at
938 1338 1043 1394 pecore
1072 1320 1195 1394 direpto
1218 1317 1321 1386 villisque

281 1425 381 1484 dirutis
409 1431 461 1480 aut
487 1423 623 1492 incensis;
658 1441 764 1497 magna
785 1432 883 1480 tamen
904 1442 973 1500 pars
995 1425 1176 1482 auctoritate
1199 1421 1320 1480 consultu

231 1545 266 1598 10
280 1530 430 1606 compulsa
459 1530 490 1587 in
520 1548 606 1605 agros
635 1529 812 1604 remigravit.
858 1530 1015 1587 Moverunt
1036 1540 1136 1587 autem
1161 1530 1280 1586 huiusce
1297 1525 1324 1580 rei

279 1636 452 1694 mentionem
480 1633 713 1692 Placentinorum
742 1641 771 1690 et
791 1633 1026 1693 Cremonensium
1048 1636 1160 1710 legati,
1197 1644 1322 1709 querentes

279 1760 381 1817 agrum
403 1760 486 1799 suum
507 1741 546 1797 ab
564 1739 670 1796 accolis
688 1738 782 1796 Gallis
797 1740 937 1798 incursari
955 1760 990 1799 ao
1003 1741 1125 1810 vastari,
1148 1753 1320 1814 magnamque

278 1860 390 1923 partem
409 1847 577 1905 colonorum
599 1863 715 1902 suorum
739 1844 882 1922 dilapsam
904 1865 980 1917 esse,
1007 1858 1036 1904 et
1062 1849 1122 1904 iam
1145 1845 1319 1918 infrequentes

229 1963 261 2016 11
279 1971 309 2010 se
330 1954 432 2023 urbes,
460 1971 561 2027 agrum
584 1960 699 2009 vastum
721 1969 755 2008 ac
779 1952 924 2010 desertum
946 1954 1062 2010 habere.
1110 1952 1251 2010 Mamilio
1270 1966 1330 2023 pru-¹

278 2059 334 2116 tori
355 2059 544 2129 mandatum,
580 2065 612 2114 ut
641 2058 769 2115 colonias
796 2059 833 2114 ab
863 2058 946 2116 hoste
968 2069 1111 2127 tueretur3
1148 2057 1278 2116 consules
1295 2071 1318 2107 ex

278 2175 395 2222 senatus
434 2164 563 2221 consulto
602 2163 766 2235 edixerunt,
808 2165 858 2239 qui
894 2165 972 2222 cives
1006 2163 1224 2222 Cremonenses
1255 2169 1318 2231 atque

277 2269 438 2329 Placentini
459 2280 572 2340 essent,
600 2281 666 2326 unte
687 2277 796 2326 certam
818 2271 894 2326 diem
915 2271 945 2327 in
967 2271 1096 2328 colonias
1115 2261 1329 2328 reverterentur<

360 2375 507 2450 Principio
538 2376 639 2432 deinde
670 2376 746 2432 veris
782 2385 810 2433 et
836 2377 894 2452 ipsi
921 2378 958 2433 ad
987 2375 1094 2434 bellum
1115 2374 1243 2452 profecti
1262 2383 1314 2426 suut

229 2491 261 2546 12
278 2482 313 2556 Q.
336 2479 467 2539 Caecilius
490 2481 590 2538 consul
613 2480 769 2538 exercitum
797 2483 835 2539 ab
858 2482 891 2541 C.
913 2484 1046 2553 Nerone,
1079 2484 1113 2539 L.
1145 2481 1278 2540 Veturius
1303 2493 1313 2526 a

277 2587 314 2660 Q.
340 2586 462 2644 Claudio
485 2596 662 2662 propraetore
686 2588 812 2662 accepit,
840 2589 982 2662 novisque
1002 2589 1159 2660 militibus,
1183 2604 1254 2662 quos
1271 2583 1313 2655 ipse

227 2699 262 2754 13
277 2694 505 2768 conscripserat,
538 2692 691 2768 supplevit.
747 2691 782 2750 In
820 2693 1027 2752 Consentinum
1064 2712 1170 2768 agrum
1206 2669 1328 2760 consulo}

276 2799 433 2857 exercitum
456 2798 613 2867 duxemnt‚
644 2799 811 2874 passimque
833 2799 1016 2876 depopulati,
1040 2817 1128 2872 quum
1154 2814 1255 2873 agmen
1271 2793 1307 2845 im

277 2924 366 2980 grave
387 2905 487 2980 praeda
509 2913 593 2974 esset,
615 2904 644 2960 in
665 2903 741 2961 saltu
760 2915 884 2980 angusto
904 2925 922 2961 a
939 2905 1060 2962 Bruttiis
1071 2902 1307 2967 iaculatoribusque

226 3017 260 3072 11
276 3009 411 3068 Numidis
432 3009 540 3066 turbati
561 3019 643 3080 sunt,
677 3009 719 3065 ita
740 3021 772 3066 ut
794 3029 853 3067 non
874 3012 988 3086 praeda,
1021 3011 1072 3066 sed
1095 3010 1201 3066 armati
1221 3018 1327 3094 quoqut3

275 3115 305 3171 in
327 3114 453 3189 periculo
476 3113 591 3172 fuerint.
637 3115 735 3172 Maior
762 3125 859 3174 tamen
881 3117 1019 3174 tumultus
1042 3134 1131 3190 quam
1153 3131 1249 3190 pugna
1265 3101 1327 3163 tuiti

276 3229 313 3290 et,
334 3220 484 3296 praemissa
513 3220 621 3295 praeda,
650 3220 808 3278 incolumes
829 3232 858 3279 et
881 3223 1008 3298 legiones
1029 3223 1059 3278 in
1080 3223 1147 3279 loca
1169 3221 1243 3278 culta
1260 3231 1303 3270 evu-

228 3334 348 3388 tbsere.
405 3325 440 3381 In
472 3326 608 3382 Lucanos
641 3325 778 3402 profecti3
820 3347 855 3384 ea
888 3330 949 3386 sine
982 3328 1140 3386 certamine
1171 3338 1231 3386 tota
1258 3335 1305 3396 geu*

276 3433 306 3489 in
328 3431 468 3489 dicionem
493 3431 593 3505 populi
615 3434 741 3490 Romani
765 3434 858 3491 rediit.

181 3537 223 3604 12
360 3535 434 3594 Cum
465 3537 630 3594 Hannibale
664 3539 736 3595 nihil
771 3558 805 3596 eo
839 3559 915 3596 anno
943 3537 986 3594 rei
1017 3548 1130 3613 gestum
1157 3548 1207 3595 est
1249 3534 1301 3592 lt‘m

277 3660 372 3715 neque
398 3642 512 3717 ipsese
534 3643 637 3700 obtulit
656 3643 687 3700 in
711 3653 771 3701 tam
791 3646 900 3702 recenti
924 3644 1043 3700 vulnere
1068 3645 1184 3719 publico
1204 3644 1298 3720 privato·

278 3764 348 3820 que,
369 3765 462 3820 neque
485 3748 671 3806 lacessierunt
696 3750 823 3824 quietum
845 3751 985 3819 Romani3
1019 3759 1131 3807 tantam
1152 3751 1240 3807 inesse
1256 3746 1298 3800 uiffl·

278 3852 331 3909 etsi
357 3853 454 3909 omnia
475 3854 533 3910 alia
554 3854 631 3912 circa
652 3873 717 3911 eum
739 3866 864 3929 ruerent,
885 3857 915 3914 in
936 3875 994 3913 uno
1015 3855 1065 3912 illo
1086 3853 1295 3913 ducecensctot

247 3961 325 4016 2Ac
353 3960 449 4016 nescio
481 3978 518 4015 an
540 3960 699 4018 mirabilior
720 3961 849 4019 adversis
872 3981 959 4037 qnam
981 3964 1113 4020 secundis
1134 3964 1217 4019 rebus
1234 3954 1294 4017 fuerit

248 4065 388 4138 aquippe
414 4066 474 4137 qui,
511 4083 592 4137 quom
615 4062 671 4141 [et]
705 4065 733 4120 in
759 4066 885 4122 hostium
907 4078 983 4126 terra
1003 4087 1056 4144 per
1078 4087 1168 4126 annos
1189 4064 1294 4126 trededu·
