2674 4542
634 1499 791 1578 Liber
833 1499 974 1577 XXV.
1025 1577 1027 1584 .

751 1695 850 1703 0——

267 1779 352 1873 Dum
388 1813 449 1870 baso
474 1811 503 1868 in
534 1811 637 1869 Africa
666 1819 754 1886 atque
783 1813 813 1870 in
841 1813 984 1890 Hispania
1006 1823 1163 1888 geruntur,
1190 1805 1320 1886 Hannibal³

266 1919 295 1975 in
320 1937 392 1994 agro
424 1917 584 1974 Sallentino
614 1925 742 1974 aestatem
774 1919 953 1994 consumpsit
979 1937 1032 1994 spe
1062 1937 1116 1993 per
1142 1917 1319 1993 proditiones

267 2023 346 2079 urbis
368 2021 591 2080 Tarentinorum
615 2023 770 2098 potiundae.
811 2025 946 2099 Ipsorum
967 2022 1083 2080 interim
1107 2021 1304 2082 Sallentinorum

236 2126 409 2201 2ignobiles
431 2126 517 2184 urbes
540 2128 577 2184 ad
599 2146 664 2184 eum
687 2127 861 2190 defecerunt.
905 2129 1017 2186 Eodem
1041 2137 1179 2203 tempore
1199 2129 1227 2185 in
1244 2127 1304 2182 Brut·

268 2232 314 2288 tiis
337 2251 375 2288 ex
396 2232 546 2290 duodecim
568 2233 694 2308 populis,
716 2233 765 2306 qui
787 2251 864 2290 anuo
886 2233 982 2308 priore
1007 2233 1045 2290 ad
1067 2234 1184 2291 Poenos
1205 2231 1302 2290 descire

267 2347 342 2407 rant,
366 2335 534 2394 Consentini
555 2347 584 2394 et
597 2337 742 2395 Tauriani
761 2338 792 2393 in
813 2338 898 2394 fidem
921 2338 1021 2413 populi
1032 2337 1165 2396 Romani
1180 2338 1303 2395 redierunt

236 2441 296 2500 3et
322 2443 420 2518 plures
450 2443 603 2514 redissent,
635 2445 665 2501 ni
685 2444 720 2502 T.
751 2443 931 2518 Pomponius
960 2442 1154 2514 Veientanus,
1182 2441 1303 2520 praefectus

268 2549 387 2616 socium,
416 2548 562 2623 prosperis
590 2548 701 2622 aliquot
720 2547 956 2624 populationibus
982 2548 1013 2604 in
1032 2567 1105 2623 agro
1125 2547 1242 2605 Bruttio
1260 2539 1303 2600 insi

269 2654 348 2710 ducis
371 2653 495 2729 speciem
522 2661 634 2722 nactus,
662 2653 850 2711 tumultuario
881 2653 1008 2710 exercitu
1030 2663 1134 2710 coacto
1161 2671 1226 2712 cum
1245 2651 1302 2708 Har·

237 2757 344 2816 4none
377 2758 563 2818 conflixisset.
616 2759 727 2833 Magna
748 2759 789 2815 ibi
821 2759 864 2815 vis
892 2758 1057 2828 hominum,
1088 2760 1142 2816 sed
1179 2755 1301 2816 incondita

186 2901 190 2906 -
270 2865 361 2921 turbae
383 2863 540 2938 agrestium
562 2869 780 2938 servorumque,
810 2881 885 2920 caesa
906 2873 957 2920 aut
979 2873 1067 2940 capta
1089 2875 1149 2934 est;
1180 2863 1299 2922 minimum

269 2970 387 3026 iactura
408 2966 477 3038 fuit,
509 2969 586 3043 quod
614 2968 767 3043 prefectus
788 2969 863 3025 inter
887 2977 998 3026 ceteros
1020 2979 1064 3026 est
1085 2979 1202 3046 captus,
1223 2977 1247 3025 et
1265 2975 1303 3020 lun

269 3074 430 3132 temerarie
451 3091 555 3149 pugnae
577 3081 729 3164 auctorat
750 3081 817 3130 ante
838 3072 1008 3148 publicanus
1031 3075 1169 3132 omnibus
1192 3072 1304 3131 melsu-

238 3177 344 3236 tribus
367 3186 395 3234 et
416 3179 458 3235 rei
478 3170 600 3253 publicae
622 3189 651 3236 et
674 3179 859 3235 societatibus
874 3178 979 3236 infidus
994 3179 1221 3254 damnosusqua.
1247 3175 1303 3234 Sem·

268 3284 387 3359 pronius
415 3283 515 3340 consul
541 3283 571 3338 in
599 3283 725 3341 Lucanis
756 3279 846 3340 multa
868 3282 970 3358 proelis
991 3301 1100 3357 parva,
1134 3285 1214 3342 haud
1242 3280 1303 3338 ullun

215 3455 217 3482 a
271 3389 388 3462 dignum
412 3396 573 3444 memoratu
595 3371 664 3445 fecit
686 3399 714 3445 et
735 3389 874 3464 ignobilia
894 3388 1004 3465 oppida
1020 3388 1207 3446 Lucanorum
1223 3387 1302 3457 aliquot

269 3494 459 3569 expugnavit.

237 3598 254 3652 6
352 3599 439 3672 Quod
475 3598 581 3656 diutius
602 3600 771 3656 trahebatur
792 3598 913 3666 bellum,
949 3606 979 3654 et
1013 3597 1171 3655 variabant
1202 3591 1302 3655 secunde

269 3703 457 3778 adversasque
482 3721 529 3761 res
560 3688 786 3761 non'fortunam
815 3702 908 3778 magis
930 3721 1017 3778 quam
1040 3701 1155 3785 animos
1175 3700 1303 3760 hominum

269 3817 351 3866 tanta
365 3809 477 3883 religio,
500 3819 528 3865 et
551 3827 587 3865 ea
608 3819 715 3883 magna
737 3827 774 3866 ex
796 3817 879 3884 perte
894 3817 1023 3877 externa,
1046 3807 1193 3865 civitatem
1207 3799 1302 3864 incessit

239 3912 301 3970 lut
322 3923 373 3970 aut
396 3913 526 3970 homines
549 3923 600 3970 aut
625 3913 671 3969 dei
691 3923 809 3988 repente
831 3913 880 3970 alii
901 3913 1068 3970 viderentur
1088 3911 1169 3970 facti.
1200 3907 1302 3969 Nouium

269 4017 298 4071 in
324 4025 434 4074 secreto
458 4019 545 4074 modo
568 4027 655 4091 atque
677 4018 753 4074 intra
771 4018 896 4092 parietes
909 4017 1101 4092 abolebantur
1114 4015 1237 4074 Romani
1246 4013 1301 4069 ritus.
