2674 4542
326 191 386 308 l28
599 246 680 334 bilior
697 243 784 298 m.
821 245 865 310 (Δ.
878 261 902 297 ιι.
915 261 939 298 c.
955 249 1028 309 542.)

282 451 336 490 nus
372 430 517 489 consulem
550 429 761 516 habuissemus,
794 428 896 487 melior
927 438 956 487 et
986 430 1029 488 rei
1044 431 1197 510 ‘publicae
1210 439 1308 486 et

253 535 401 594 diortuna
421 545 505 594 esset.
549 534 627 602 Sine,
652 552 766 608 quaeso,
798 533 969 608 priusquam
992 535 1029 591 de
1051 536 1232 594 condicione
1253 555 1307 592 n·

283 661 404 717 queror,
426 659 544 709 noxam,
566 639 646 697 cuius
676 639 834 714 arguimur,
860 658 914 696 noe
936 656 1072 715 purgare.
1129 639 1165 700 Si
1194 658 1248 696 non

281 745 327 804 ira
356 764 410 803 nec
438 745 516 816 feto,
549 745 631 802 cuius
658 744 723 819 lege
750 743 907 802 immobilis
933 763 1030 801 rerum
1055 745 1255 802 humanarum
1275 765 1305 802 o·

282 849 395 918 seritur,
416 851 468 908 sed
489 849 576 925 culpa
596 849 734 924 periimus
756 850 795 905 ad
817 848 945 920 Cannas,
968 849 1051 908 cuius
1073 850 1203 906 tandem
1224 869 1254 906 ea
1283 876 1305 907 ι»

252 953 355 1012 rfuir?
377 955 499 1012 militum
521 973 558 1012 an
580 953 809 1029 imperatorum?
831 955 984 1028 'Equidem
1015 955 1100 1012 miles
1135 955 1211 1012 nihil
1230 974 1299 1027 unq·
1323 989 1324 992 =

281 1059 376 1117 dicam
399 1060 436 1116 de
456 1059 632 1134 imperatore
663 1059 752 1128 meo,
773 1059 820 1116 cui
850 1060 1008 1134 prasertim
1038 1059 1162 1133 gratias
1198 1059 1277 1116 sciam
1309 1094 1321 1134 5

281 1174 383 1222 senatu
405 1174 495 1232 actus,
517 1164 595 1238 quod
617 1183 676 1220 non
698 1164 896 1238 desperaverit
929 1165 965 1220 de
986 1164 1185 1238 republica,
1215 1165 1256 1221 cui
1286 1188 1324 1230 n¹

280 1269 380 1345 sugam
424 1289 443 1327 a
472 1269 581 1328 Cannis
612 1287 664 1343 per
696 1264 796 1326 omnes
827 1287 919 1326 annos
951 1277 1152 1344 prorogatum
1194 1268 1303 1344 imperi

250 1371 400 1431 BCeteros
421 1374 490 1430 item
513 1393 549 1430 ex
570 1373 700 1446 reliquiis
730 1373 821 1430 cladis
851 1374 927 1442 eius,
958 1391 1031 1446 quos
1063 1374 1208 1430 tribunos
1235 1373 1283 1428 mili
1296 1396 1326 1419 ι-

279 1479 448 1549 habuimus,
479 1480 605 1535 honores
639 1488 737 1551 petere
765 1487 796 1534 et
823 1497 924 1553 gerere
957 1488 986 1535 et
1015 1478 1195 1552 provincias
1227 1479 1326 1534 οΙιιιιι».

249 1581 453 1640 9audivimns.
496 1585 547 1639 An
568 1583 653 1640 vobis
668 1583 829 1657 vestrisque
850 1583 948 1640 liberis
964 1582 1116 1658 ignoscitis
1134 1582 1234 1652 facile,
1254 1601 1283 1656 pa
1306 1608 1307 1611 ι

279 1688 443 1763 conscripti,
463 1689 494 1745 in
516 1688 577 1743 haec
592 1687 662 1744 vilia
684 1687 781 1762 capita
803 1687 905 1744 saevire
919 1687 1004 1744 libet?
1028 1697 1057 1743 et
1080 1687 1202 1744 consuli
1222 1683 1311 1761 primo‘

279 1793 390 1867 busque
415 1793 478 1850 aliis
497 1792 620 1849 civitatis
642 1792 752 1867 fugere,
774 1810 861 1865 quum
886 1811 953 1868 spes
974 1793 1033 1850 alie
1052 1791 1140 1848 nulla
1163 1801 1248 1859 esset,
1265 1799 1321 1864 unt

229 1904 264 1958 10
278 1917 336 1955 non
370 1897 439 1968 fuit,
478 1896 582 1954 milites
618 1896 718 1970 utique
746 1897 901 1954 morituros
929 1897 968 1970 in
992 1896 1086 1952 aciem
1125 1895 1263 1954 misistis?
1289 1889 1322 1951 ll

278 2003 378 2061 Aliam
400 2020 492 2076 prope
513 2001 607 2058 omnis
634 2002 777 2059 exercitus
797 2001 885 2077 fugit;
913 2002 952 2058 ad
972 2000 1118 2058 Furculas
1146 1999 1321 2058 caudinas

279 2107 415 2182 expertus
439 2105 553 2179 quidem
576 2115 722 2162 certamen
744 2125 828 2164 arma
842 2106 961 2163 tradidit
981 2105 1067 2174 hosti,
1094 2115 1127 2162 ut
1152 2105 1228 2162 alias
1241 2104 1319 2180 puden·

230 2217 263 2271 11
278 2211 332 2266 das
354 2210 451 2267 clades
476 2210 651 2267 exercituum
677 2221 803 2279 taceam,
834 2221 931 2270 tamen
952 2219 1064 2268 tantum
1086 2210 1168 2268 afuit
1192 2211 1230 2267 ab
1249 2214 1318 2277 emat

277 2317 338 2373 ulle
368 2314 528 2390 ignominia
558 2313 594 2370 iis
624 2315 798 2374 exercitibus
825 2326 1009 2391 quareretur,
1041 2325 1075 2372 ut
1105 2327 1135 2372 et
1165 2317 1236 2372 urbs
1254 2316 1320 2372 Rom

277 2440 330 2496 per
356 2439 421 2476 eum
444 2417 616 2486 exercitum,
646 2419 696 2492 qui
718 2421 755 2477 ab
779 2421 849 2478 Alia
870 2422 960 2480 Veios
991 2421 1208 2496 transfugerat,
1233 2433 1318 2490 recupe-

228 2529 265 2585 12
276 2533 399 2593 raretur,
420 2532 449 2579 et
464 2521 603 2580 Caudinae
623 2523 761 2598 legiones,
784 2544 848 2599 quse
862 2527 924 2582 siue
939 2525 1026 2585 ermis
1047 2526 1203 2584 redierant
1216 2527 1317 2587 Roman

278 2640 398 2686 armetae
421 2628 548 2686 remissa
569 2629 598 2685 in
614 2629 765 2688 Samnium
788 2631 909 2688 eundem
931 2631 1011 2687 illum
1032 2631 1150 2688 hostem
1176 2631 1231 2688 sub
1247 2629 1318 2702 iugum

227 2740 263 2796 13
278 2733 420 2804 miserint,
451 2733 500 2808 qui
528 2735 583 2790 hec
613 2753 667 2792 sua
692 2734 852 2809 ignominia
872 2735 985 2792 laetatus
1013 2734 1121 2793 fuerat.
1167 2735 1318 2792 Cannensem

277 2856 348 2896 vero
370 2837 523 2912 quisquam
544 2837 701 2894 exereitum
723 2837 800 2914 iugae
823 2849 873 2896 eut
901 2839 1018 2914 pavoris
1039 2840 1215 2898 insimulare
1241 2845 1317 2914 potet

277 2945 327 3002 ubi
348 2943 413 3019 plue
436 2942 646 3018 quinquaginta
663 2942 755 3000 millia
775 2944 924 3002 homiuum
946 2945 1124 3015 ceciderunt,
1146 2946 1227 3006 unde
1245 2937 1316 2999 consul

277 3067 341 3106 cum
375 3047 519 3122 equitibus
553 3047 739 3122 septuaginta
771 3047 863 3124 fugit,
900 3049 975 3106 unde
996 3067 1082 3105 nemo
1115 3059 1256 3125 superest,
1280 3041 1316 3100 risi

228 3162 263 3216 14
278 3173 363 3229 quem
386 3154 477 3210 hostis
492 3152 626 3209 caedendo
648 3152 742 3210 fessus
764 3152 898 3227 reliquit?
921 3153 1016 3226 Quum
1039 3153 1166 3228 captivis
1187 3149 1315 3226 redemptio

277 3259 454 3333 negabatur,
484 3275 538 3313 nos
566 3257 655 3331 vulgo
683 3257 815 3314 homines
836 3256 1013 3327 laudabant,
1040 3259 1124 3330 quod
1153 3260 1198 3316 rei
1224 3256 1314 3333 publica

277 3381 330 3420 nos
360 3378 604 3426 reservassemus,
633 3363 711 3433 quod
738 3361 778 3419 ad
804 3361 950 3419 consulem
978 3361 1140 3420 Venusiam
1169 3364 1313 3424 redissemus

228 3475 263 3528 15
277 3477 306 3524 et
328 3467 452 3542 speciem
481 3465 550 3522 iusti
581 3465 724 3522 exercitus
753 3465 937 3532 fecissemus3
967 3454 1048 3522 nunc
1073 3467 1220 3525 deteriore
1240 3461 1313 3523 condi·

276 3571 359 3628 cione
371 3587 480 3636 sumus,
495 3587 582 3642 quam
599 3569 677 3644 apud
691 3579 789 3645 patres
804 3578 919 3626 nostros
934 3568 1051 3627 fuerunt
1065 3571 1184 3646 captivi.
1227 3569 1312 3643 Quippe

275 3677 331 3733 illis
353 3693 436 3732 erma
456 3681 567 3730 tantum
590 3681 677 3747 atque
699 3675 771 3732 ordo
798 3673 939 3731 militandi
960 3675 1114 3749 locusque,
1147 3676 1177 3733 in
1200 3695 1254 3750 quo
1271 3681 1312 3728 ten·

275 3782 377 3838 derent
396 3780 427 3836 in
449 3751 567 3849 cestris,
598 3788 642 3836 cst
663 3787 805 3849 mutatus,
838 3797 902 3852 quae
923 3788 1021 3836 tamen
1050 3782 1142 3837 semel
1168 3773 1310 3838 navetarei

228 3887 263 3943 16
276 3885 398 3960 publices
421 3903 511 3960 opere
532 3893 560 3940 et
581 3901 640 3940 uno
661 3882 739 3940 felici
760 3884 862 3959 proelio
884 3893 1108 3959 recuperarunt3
1129 3905 1215 3944 nemo
1237 3895 1310 3940 corun

276 3991 421 4062 relegatus
452 3989 483 4046 in
514 3988 646 4046 exsilium
680 3996 747 4058 est,
774 3988 880 4045 nemini
916 4006 983 4064 spes
1015 3991 1163 4048 emerendi
1197 3985 1309 4065 stipendis
