2812 4556
379 278 456 328 Liber
472 278 562 331 XXII.
598 276 706 341 (A.ch.
721 280 794 341 217.)
1038 285 1076 339 59

29 479 95 536 per
125 463 226 520 urbem
258 463 430 524 Saturnalia
458 463 533 520 diem
557 481 591 520 ac
622 469 737 519 noctem
768 463 908 531 clamata,
936 463 1118 539 populusque

29 584 114 623 eum
136 568 214 625 diem
235 565 344 625 festum
368 568 475 626 habere
497 586 532 624 ac
553 585 671 624 serrare
692 566 721 622 iu
743 575 913 642 perpetuum
933 569 1037 629 iussus.

131 673 210 731 Dum
234 672 338 730 consul
359 672 509 748 placandis
530 675 632 731 Romae
654 672 698 729 dis
724 672 918 746 habendoque
939 671 1045 730 dilectu
1067 673 1117 728 dat
1190 673 1214 740 2

31 792 177 847 operam,
198 775 353 834 Hannibal
375 777 522 852 profectus
545 796 581 834 ex
603 777 739 846 hibernis,
771 776 839 851 quia
860 777 918 834 iam
940 776 1116 834 Flaminium

32 879 194 936 consulem
218 882 371 939 Arretium
393 881 559 957 pervenisse
580 881 661 938 fama
683 890 755 952 erat,
778 899 866 956 quum
889 882 969 939 aliud
992 881 1117 956 lougius,
1130 889 1158 944 2.

33 994 174 1041 ceterum
209 987 393 1043 commodius
426 987 625 1044 ostenderetur
654 988 724 1056 iter,
755 988 921 1062 propiorem
954 986 1032 1044 viam
1065 1005 1118 1061 per

35 1087 182 1161 paludem
205 1091 296 1166 petit,
329 1109 388 1165 qus
408 1090 513 1148 fluvius
536 1094 637 1148 Arnus
666 1111 719 1167 per
747 1110 797 1148 eos
819 1092 880 1149 diss
908 1091 994 1149 solito
1022 1090 1116 1166 magis

34 1193 250 1255 inundaverat.
295 1195 446 1270 Hispanos
468 1205 497 1252 et
510 1194 603 1252 Afros
626 1196 668 1268 (id
690 1215 775 1254 omne
797 1197 927 1254 veterani
949 1205 1012 1253 erat
1026 1197 1147 1258 robur3

38 1299 223 1378 exercitus),
247 1300 387 1356 admixtis
420 1301 551 1375 ipsorum
574 1301 801 1376 impedimentis,
833 1301 938 1359 necubi
961 1301 1117 1358 consistere

39 1405 154 1462 coactis
176 1405 345 1464 necessaria
372 1407 409 1464 ad
432 1424 501 1464 usus
522 1406 671 1476 deessent,
698 1407 808 1482 primos
836 1408 878 1464 irs
905 1407 1001 1475 iussit3
1034 1406 1116 1479 sequi

42 1507 167 1580 Gallos,
194 1521 229 1567 ut
253 1511 285 1568 id
311 1511 437 1586 agminis
459 1510 585 1568 medium
607 1520 696 1581 esset,
730 1512 904 1569 novissimos
926 1511 968 1568 ire
991 1511 1116 1586 equites;

41 1613 204 1688 Magonem
228 1615 296 1672 inde
319 1635 384 1673 cum
409 1617 551 1690 expeditis
565 1616 701 1676 Numidis
723 1635 828 1691 cogere
850 1635 964 1690 agmen,
989 1614 1146 1674 maximel

45 1716 162 1790 Gallos,
183 1721 209 1776 si
231 1721 317 1778 taedio
339 1722 448 1780 laboris
470 1721 622 1796 longaque
642 1721 711 1792 vise,
743 1731 776 1778 ut
800 1731 844 1778 est
867 1721 962 1778 mollis
985 1721 1023 1778 ad
1044 1721 1116 1778 talia

47 1841 134 1897 gens,
155 1826 354 1884 dilaberentur
377 1836 427 1884 aut
448 1826 651 1897 subsisterent,
678 1827 868 1885 cohibentem.
917 1826 1026 1895 Primi,
1057 1833 1145 1899 qua5

47 1931 136 1985 modo
157 1933 293 2008 praeirent
314 1933 418 2003 duces,
447 1952 501 2008 per
521 1931 657 2008 praealtas
684 1933 766 1990 fluvii
787 1952 822 1990 ac
844 1931 1004 2008 profundae
1026 1947 1115 1985 vora-

50 2035 139 2106 gines,
159 2036 256 2094 hausti
269 2057 353 2112 pane
366 2037 435 2094 limo
458 2039 718 2113 immergentesque
739 2056 779 2108 se,
802 2047 900 2094 tamen
914 2037 998 2111 signa
1013 2052 1116 2107 seque-

51 2139 161 2200 bantur.
214 2142 296 2202 Galli
324 2161 420 2217 neque
453 2129 594 2200 sustinere
624 2161 656 2200 se
687 2161 781 2217 neque
812 2140 943 2218 prolapsi
964 2145 1147 2214 assurgeret

56 2261 92 2297 ex
118 2246 303 2320 voraginibus
332 2257 482 2323 poterant,
511 2267 559 2305 nee
585 2260 636 2306 aut
658 2268 783 2324 corpora
805 2248 908 2306 animis
930 2255 981 2302 aut
1003 2243 1116 2300 animos

57 2365 106 2420 spe
126 2349 317 2423 sustinebant,
349 2353 399 2410 alii
426 2353 506 2412 fessa
527 2373 603 2429 aegre
624 2356 771 2412 trahentes
801 2355 947 2421 membra,
975 2349 1040 2418 alii,
1067 2349 1145 2409 ubil

59 2453 141 2509 semel
160 2455 242 2514 victis
264 2457 351 2514 toedio
374 2458 477 2514 animis
499 2460 728 2535 procubuissent,
756 2459 831 2516 inter
852 2458 981 2514 iumenta
1003 2453 1032 2512 e't
1053 2454 1117 2528 ipsa

60 2556 175 2616 iacentia
201 2562 312 2637 passim
339 2563 510 2634 morientes3
539 2565 723 2639 maximeque
745 2565 871 2622 omnium
900 2561 1007 2636 vigiliae
1028 2559 1116 2616 confi·

61 2663 166 2720 ciebant
185 2684 236 2740 per
259 2668 446 2741 quatriduum
478 2670 537 2728 iam
565 2681 594 2728 et
616 2680 675 2728 tres
703 2678 802 2728 noctes
831 2669 969 2726 toleratae.
1018 2664 1148 2737 Quumil

63 2769 151 2826 omnia
171 2772 365 2830 obtinentibus
389 2775 472 2848 aquis
494 2776 581 2844 nihil,
612 2775 662 2832 ubi
688 2774 719 2830 in
746 2774 824 2832 sicco
853 2772 932 2830 fessa
955 2778 1116 2826 sternerent

64 2891 189 2948 corpora,
214 2877 338 2934 inveniri
364 2885 477 2953 posset,
506 2880 658 2938 cumulatis
685 2880 714 2936 in
744 2897 823 2952 aqua
850 2876 971 2934 sarcinis
999 2875 1117 2948 insuper

65 2975 262 3052 incumbebant,
296 2993 346 3040 out
366 2984 558 3042 iumentorum
585 2986 687 3043 itinere
713 2991 775 3040 toto
807 2988 1019 3058 prostratorum
1047 2983 1146 3053 pas-9

66 3082 111 3140 sim
131 3088 223 3144 acervi
246 3097 369 3160 tantum,
392 3092 470 3164 quod
492 3101 621 3148 exstaret
642 3107 729 3164 aqua,
759 3086 952 3162 quaerentibus
975 3084 1012 3140 ad
1035 3083 1115 3157 quie·

67 3201 113 3244 tem
141 3193 222 3266 parvi
249 3195 389 3270 temporie
421 3197 614 3254 necessarium
644 3195 738 3254 cubile
766 3193 885 3249 dabant.
935 3191 1005 3264 Ipse
1031 3190 1115 3246 Han·
1133 3196 1167 3249 10

68 3293 142 3366 nibal,
161 3316 235 3373 ager
250 3296 341 3356 oeulis
356 3318 394 3356 ex
415 3319 506 3357 verna
526 3300 651 3374 primum
666 3298 834 3373 intemperie
856 3296 989 3354 variante
1004 3293 1115 3352 calores

68 3395 232 3476 frigoraque,
263 3403 436 3478 elephanto,
469 3405 519 3478 qui
548 3422 621 3462 unus
642 3403 835 3479 superfuerat,
864 3404 931 3477 'quo
962 3400 1049 3457 altius
1077 3399 1115 3456 ab

69 3523 133 3578 aqua
159 3517 302 3579 exstaret,
332 3517 450 3578 vectus,
484 3510 589 3584 vigiliis
619 3519 715 3566 tamen
754 3519 783 3566 et
819 3515 961 3566 nocturno
995 3507 1116 3562 humore
1132 3511 1163 3562 ll

69 3611 230 3687 palustrique
251 3615 321 3672 coelo
350 3623 492 3690 gravante
520 3625 622 3690 caput,
651 3623 679 3672 et
708 3616 778 3690 quia
805 3614 939 3672 medendi
960 3631 1013 3668 nee
1034 3610 1115 3668 locus

71 3733 112 3772 nec
131 3726 238 3794 tempus
261 3729 334 3788 erat,
356 3719 447 3776 altero
470 3719 554 3777 oculo
577 3719 697 3795 capitur.

137 3824 233 3882 Multis
254 3821 420 3882 homiuibus
440 3825 633 3900 iumentisque
654 3824 731 3882 foede
750 3825 863 3882 amissis
886 3839 975 3896 quum
998 3819 1114 3876 tandem
1188 3823 1213 3890 3

73 3925 101 3980 ds
120 3930 265 4002 paludibus
290 3930 467 4000 emersisset,
499 3931 548 3988 ubi
575 3931 700 4006 primum
726 3931 855 3987 insieco
877 3927 986 4003 potuit,
1019 3933 1116 3982 castra

74 4029 142 4103 locat,
161 4045 327 4110 certumque
348 4053 401 4108 per
421 4035 586 4110 praemissos
601 4034 801 4109 exploratores
825 4033 935 4102 habuit,
958 4032 1114 4090 exercitum
