2812 4556
375 207 378 212 .
424 167 502 250 mser
519 167 593 217 xxa
630 167 823 232 (scama)
1072 174 1110 230 aa

37 352 215 421 nuntiat,
247 320 432 425 inquorum
466 369 548 426 spem
580 360 756 427 pugnarent:
777 370 893 428 agrum
927 371 991 412 sese
1019 354 1185 414 calumme

41 474 143 514 esse
168 457 200 514 in
224 457 322 524 ltalia,
344 454 458 526 Africa,
480 456 641 532 Hispania,
663 456 714 515 ubi
738 457 860 538 quisque
887 459 972 531 velit,
997 459 1154 519 immunem

38 561 152 636 ipsi,
193 563 246 636 qni
280 561 454 637 accepisset,
478 561 651 637 liberisque3
682 561 732 637 qui
750 564 903 638 pecuniam
930 583 1018 640 quam
1051 585 1153 641 agrum

44 667 252 737 maluisset,
286 668 313 726 ei
340 686 373 724 se
406 676 527 742 argento
556 665 789 738 satisfacturum
823 669 874 744 qui
902 669 1047 728 sociorum
1078 673 1185 734 civesd

46 769 344 848 Carthaginienses
366 774 428 830 fieti
449 773 571 844 vellent,
599 780 773 847 potestatem
797 772 957 844 facturum
981 778 1031 851 qui
1051 778 1154 836 domos

47 878 181 936 redire
203 879 338 950 mallent,
361 880 494 937 daturum
518 895 549 934 se
572 895 705 953 operam,
730 897 767 934 ne
790 878 869 936 cuius
891 897 1009 939 suorum
1031 882 1154 957 popule-

48 984 157 1040 rium
183 994 327 1044 mutatam
357 1001 454 1042 secum
476 983 624 1042 fortunam
653 1001 716 1040 esse
746 983 861 1041 vellent.
909 985 1009 1043 Servis
1038 995 1183 1063 quoque?

56 1089 223 1148 dominos
244 1090 406 1166 prosecutis
427 1089 589 1147 libertatem
611 1089 758 1164 proponit,
781 1090 908 1164 binaque
929 1110 984 1166 pro
1005 1094 1051 1150 his
1072 1113 1154 1152 man·

59 1195 161 1270 cipia
195 1195 322 1254 dominis
352 1215 384 1253 se
409 1195 599 1254 redditurum.
654 1195 758 1269 anue
790 1205 822 1252 ut
853 1205 919 1253 rata
943 1196 1050 1255 scirem
1081 1199 1185 1267 foras

61 1319 193 1376 agnum
220 1301 295 1360 laeva
309 1321 407 1372 manu,
431 1303 552 1359 dextera
574 1300 682 1358 silicem
704 1301 840 1371 retinens,
862 1302 887 1358 si
908 1301 1030 1374 falleret,
1053 1304 1154 1361 Iovem

64 1416 259 1482 ceterosque
287 1416 422 1483 precatus
451 1407 536 1479 deos,
568 1407 610 1464 ita
637 1425 668 1464 se
697 1416 875 1476 mactarent,
911 1408 1155 1482 quemadmodum

63 1513 143 1587 ipse
168 1530 279 1587 agnum
308 1520 479 1581 mactasset,
509 1512 666 1570 secundum
695 1513 892 1588 precationem
923 1523 1011 1587 caput
1037 1513 1155 1588 pecudis

68 1635 158 1674 saxo
184 1617 270 1674 elisit.
319 1619 396 1676 Tum
418 1636 490 1674 vero
512 1636 627 1688 omnes,
654 1618 735 1676 velut
756 1618 811 1675 diis
834 1618 1001 1676 auctoribus
1022 1618 1052 1676 in
1074 1624 1185 1695 spcm9

70 1741 168 1780 suam
208 1723 330 1798 quisque
353 1722 495 1798 acceptis,
528 1724 558 1780 id
580 1742 683 1794 morae,
717 1725 795 1798 quod
822 1724 951 1781 nondum
984 1732 1155 1799 pugnarent,

73 1829 117 1884 ad
143 1828 289 1903 potienda
319 1835 439 1902 sperata
463 1828 535 1899 rati,
567 1829 700 1903 proelium
729 1847 785 1885 uno
813 1828 912 1885 animo
947 1838 975 1885 et
1002 1847 1076 1886 voce
1097 1847 1156 1886 una

71 1941 220 2008 poscunt.

168 2039 264 2113 Apud
285 2040 435 2096 Romanos
457 2039 685 2114 haudquaquam
707 2047 789 2098 tanta
814 2039 951 2096 alacritas
973 2047 1044 2108 erat,
1068 2056 1156 2113 snper
1205 2035 1250 2105 46

79 2153 187 2200 cetera
209 2145 372 2202 recentibus
395 2145 481 2202 etiam
504 2145 621 2201 territos
647 2145 804 2220 prodigiis3
837 2165 904 2202 nam
940 2154 969 2202 et
999 2145 1085 2220 lupus
1112 2143 1186 2203 iat

80 2258 223 2307 traverat
255 2259 351 2308 castra
377 2250 552 2324 laniatisque
585 2251 679 2308 obviis
703 2251 766 2326 ipse
793 2253 917 2309 intactus
948 2257 1096 2317 evaserat,
1129 2257 1158 2305 et

79 2374 214 2412 examen
238 2373 325 2430 apum
347 2355 377 2411 in
392 2356 497 2412 arbore
518 2355 654 2430 praetorio
676 2355 842 2412 imminente
857 2355 1036 2413 consederat.
1085 2352 1187 2427 Qui-3

81 2461 141 2518 bus
164 2461 346 2535 procuratis,
369 2459 468 2535 Scipio
490 2479 555 2518 cnm
577 2461 708 2536 equitatu
730 2460 995 2535 iaculatoribusque
1016 2460 1157 2535 expeditis

78 2564 242 2642 profectus
265 2565 303 2622 ad
326 2573 424 2622 castra
444 2566 570 2623 hostium
599 2585 635 2624 ex
656 2566 821 2642 propinquo
847 2567 1015 2642 copiasque,
1043 2572 1158 2638 quante

85 2682 116 2728 et
138 2671 223 2728 cuius
251 2671 364 2746 generis
396 2678 504 2739 essent,
533 2671 739 2746 speculandas,
762 2673 864 2729 obvius
894 2674 926 2728 tit
947 2671 1108 2729 Hannibali
1130 2678 1158 2727 et

86 2777 146 2852 ipsi
169 2794 237 2832 cum
260 2775 402 2849 equitibus
425 2775 463 2831 ad
485 2773 665 2849 exploranda
687 2773 763 2831 circa
785 2776 852 2833 loca
868 2795 1035 2852 progresso.
1077 2777 1188 2835 Neu-4

87 2883 126 2939 tri
148 2881 259 2938 alteros
277 2880 373 2954 primo
394 2881 565 2948 cernebant3
594 2878 710 2935 densior
732 2880 835 2937 deinde
856 2881 969 2939 incessu
995 2889 1039 2938 tot
1062 2880 1157 2938 bomi-

89 3005 159 3044 num
184 3003 381 3060 equorumque
395 2985 490 3042 oriens
506 2983 602 3059 pulvis
624 2983 737 3058 signum
760 2985 1017 3060 propinquantium
1031 2985 1157 3042 hostium

90 3092 154 3148 fuit.
203 3088 346 3148 Consistit
359 3097 514 3162 utrumque
536 3106 650 3162 agmen,
673 3097 701 3145 et
724 3088 761 3145 ad
783 3090 916 3164 proelium
938 3107 1001 3148 sese
1024 3085 1158 3165 expedie-

92 3198 171 3254 bant.
221 3194 320 3270 Scipio
352 3195 528 3252 ieculatores
557 3202 586 3250 et
610 3193 715 3252 Gallos
747 3194 858 3268 equites
886 3195 916 3251 in
944 3194 1040 3254 fronte
1072 3195 1189 3266 locat,5

94 3303 244 3360 Romanos
265 3299 470 3374 sociorumque
491 3299 570 3373 quod
591 3300 706 3356 roboris
734 3299 797 3368 luit,
826 3301 855 3355 in
882 3301 1027 3358 subsidiis.
1075 3301 1159 3357 Han·

94 3406 170 3463 nibal
203 3404 334 3462 frenatos
367 3405 479 3480 equites
512 3404 542 3460 in
575 3404 700 3461 medium
734 3403 852 3478 accipit,
885 3423 994 3462 cornua
1023 3405 1160 3463 Numidis

97 3515 198 3569 firmat.
256 3511 385 3568 Vixdum
414 3511 542 3568 clamore
571 3508 695 3576 sublato,
726 3507 900 3566 iaculatores
928 3509 1066 3586 fugerunt
1085 3509 1191 3567 interd

100 3617 226 3676 subsidia
252 3617 292 3673 ad
320 3616 477 3673 secundam
506 3613 606 3670 aciem.
659 3612 733 3670 Inda
765 3613 893 3687 equitum
921 3623 1068 3672 certamen
1098 3622 1161 3670 erat

100 3722 276 3798 aliquamdiu
302 3739 424 3796 anceps3
451 3719 533 3791 dein,
557 3719 625 3793 quia
647 3719 804 3776 turbabant
828 3737 918 3793 equos
939 3718 1051 3793 pedites
1072 3718 1159 3774 inter-

101 3829 191 3899 mixti,
220 3827 319 3886 mnltis
339 3825 504 3883 labentibus
526 3843 564 3882 ex
593 3823 675 3898 equis
701 3833 752 3880 aut
772 3823 985 3893 desilientibus,
1013 3823 1063 3880 ubi
1091 3841 1159 3880 suos

102 3936 186 4010 premi
209 3934 423 4012 circumventos
445 3932 599 4002 vidissent,
629 3930 688 3987 iam
710 3947 819 4004 magna
845 3947 882 3985 ex
904 3938 988 4003 parte
1010 3928 1049 3985 ad
1070 3927 1159 4003 pedes
