<?xml version="1.0" encoding="UTF-8"?>
<!DOCTYPE html PUBLIC "-//W3C//DTD XHTML 1.0 Transitional//EN"
    "http://www.w3.org/TR/xhtml1/DTD/xhtml1-transitional.dtd">
<html xmlns="http://www.w3.org/1999/xhtml" xml:lang="en" lang="en">
 <head>
  <title>
</title>
<meta http-equiv="Content-Type" content="text/html;charset=utf-8" />
  <meta name='ocr-system' content='tesseract 3.04.00' />
  <meta name='ocr-capabilities' content='ocr_page ocr_carea ocr_par ocr_line ocrx_word'/>
</head>
<body>
  <div class='ocr_page' id='page_1' title='image "./titiliviihistor01ussigoog/titiliviihistor01ussigoog_0144.png"; bbox 0 0 2704 4552; ppageno 0'>
   <div class='ocr_carea' id='block_1_1' title="bbox 375 215 1069 282">
    <p class='ocr_par' dir='ltr' id='par_1_1' title="bbox 375 215 1069 282">
     <span class='ocr_line' id='line_1_1' title="bbox 375 215 1069 282; baseline 0.02 -18"><span class='ocrx_word' id='word_1_1' title='bbox 375 215 452 265; x_wconf 87' lang='lat' dir='ltr'>Liber</span> <span class='ocrx_word' id='word_1_2' title='bbox 469 217 557 270; x_wconf 90' lang='lat' dir='ltr'><strong>XXII.</strong></span> <span class='ocrx_word' id='word_1_3' title='bbox 595 218 703 282; x_wconf 75' lang='lat' dir='ltr'>1A.ch.</span> <span class='ocrx_word' id='word_1_4' title='bbox 718 221 789 282; x_wconf 79' lang='lat'>216.)</span> <span class='ocrx_word' id='word_1_5' title='bbox 1015 225 1069 280; x_wconf 78' lang='lat'>103</span> 
     </span>
    </p>
   </div>
   <div class='ocr_carea' id='block_1_2' title="bbox 6 391 1165 899">
    <p class='ocr_par' dir='ltr' id='par_1_2' title="bbox 6 391 1165 899">
     <span class='ocr_line' id='line_1_2' title="bbox 14 391 1143 476; baseline 0.012 -28"><span class='ocrx_word' id='word_1_6' title='bbox 14 391 58 468; x_wconf 80' lang='lat' dir='ltr'>is3</span> <span class='ocrx_word' id='word_1_7' title='bbox 87 394 205 452; x_wconf 84' lang='lat' dir='ltr'>etiam</span> <span class='ocrx_word' id='word_1_8' title='bbox 235 399 298 456; x_wconf 91' lang='lat' dir='ltr'>sine</span> <span class='ocrx_word' id='word_1_9' title='bbox 318 401 375 456; x_wconf 85' lang='lat' dir='ltr'>hoo</span> <span class='ocrx_word' id='word_1_10' title='bbox 395 400 581 459; x_wconf 88' lang='lat' dir='ltr'>lacrimarum</span> <span class='ocrx_word' id='word_1_11' title='bbox 604 403 676 460; x_wconf 86' lang='lat' dir='ltr'>satis</span> <span class='ocrx_word' id='word_1_12' title='bbox 704 403 857 476; x_wconf 87' lang='lat' dir='ltr'>luctusque</span> <span class='ocrx_word' id='word_1_13' title='bbox 878 409 950 464; x_wconf 87' lang='lat' dir='ltr'>est.“</span> <span class='ocrx_word' id='word_1_14' title='bbox 1003 406 1054 462; x_wconf 84' lang='lat' dir='ltr'>Ad</span> <span class='ocrx_word' id='word_1_15' title='bbox 1078 407 1143 462; x_wconf 71' lang='lat' dir='ltr'>ead</span> 
     </span>
     <span class='ocr_line' id='line_1_3' title="bbox 11 499 1113 579; baseline 0.012 -28"><span class='ocrx_word' id='word_1_16' title='bbox 11 499 138 556; x_wconf 69' lang='lat' dir='ltr'>:ansula</span> <span class='ocrx_word' id='word_1_17' title='bbox 195 503 271 572; x_wconf 89' lang='lat' dir='ltr'>„Tu</span> <span class='ocrx_word' id='word_1_18' title='bbox 294 506 425 579; x_wconf 90' lang='lat' dir='ltr'>quidem,</span> <span class='ocrx_word' id='word_1_19' title='bbox 457 505 510 564; x_wconf 92' lang='lat' dir='ltr'>Cn.</span> <span class='ocrx_word' id='word_1_20' title='bbox 535 506 666 577; x_wconf 88' lang='lat' dir='ltr'>Corneli,</span> <span class='ocrx_word' id='word_1_21' title='bbox 694 517 788 565; x_wconf 82' lang='lat' dir='ltr'>macte</span> <span class='ocrx_word' id='word_1_22' title='bbox 817 509 923 566; x_wconf 85' lang='lat' dir='ltr'>virtute</span> <span class='ocrx_word' id='word_1_23' title='bbox 954 520 1032 576; x_wconf 86' lang='lat' dir='ltr'>esto;</span> <span class='ocrx_word' id='word_1_24' title='bbox 1062 509 1113 566; x_wconf 89' lang='lat' dir='ltr'>sed</span> 
     </span>
     <span class='ocr_line' id='line_1_4' title="bbox 9 605 1113 687; baseline 0.011 -29"><span class='ocrx_word' id='word_1_25' title='bbox 9 621 95 674; x_wconf 73' lang='lat' dir='ltr'>eave,</span> <span class='ocrx_word' id='word_1_26' title='bbox 132 605 269 666; x_wconf 79' lang='lat' dir='ltr'>frustra</span> <span class='ocrx_word' id='word_1_27' title='bbox 291 611 456 668; x_wconf 85' lang='lat' dir='ltr'>miserando</span> <span class='ocrx_word' id='word_1_28' title='bbox 486 613 622 687; x_wconf 88' lang='lat' dir='ltr'>exiguum</span> <span class='ocrx_word' id='word_1_29' title='bbox 650 621 764 687; x_wconf 85' lang='lat' dir='ltr'>tempus</span> <span class='ocrx_word' id='word_1_30' title='bbox 789 633 805 670; x_wconf 91' lang='lat' dir='ltr'>e</span> <span class='ocrx_word' id='word_1_31' title='bbox 832 614 965 671; x_wconf 87' lang='lat' dir='ltr'>manibus</span> <span class='ocrx_word' id='word_1_32' title='bbox 987 614 1113 671; x_wconf 89' lang='lat' dir='ltr'>hostium</span> 
     </span>
     <span class='ocr_line' id='line_1_5' title="bbox 7 710 1165 793; baseline 0.014 -30"><span class='ocrx_word' id='word_1_33' title='bbox 7 710 180 769; x_wconf 65' lang='lat' dir='ltr'>evadendi</span> <span class='ocrx_word' id='word_1_34' title='bbox 211 716 360 774; x_wconf 85' lang='lat' dir='ltr'>absumus.</span> <span class='ocrx_word' id='word_1_35' title='bbox 404 715 475 784; x_wconf 91' lang='lat' dir='ltr'>Abi,</span> <span class='ocrx_word' id='word_1_36' title='bbox 496 715 597 772; x_wconf 86' lang='lat' dir='ltr'>nuntia</span> <span class='ocrx_word' id='word_1_37' title='bbox 618 717 732 792; x_wconf 81' lang='lat' dir='ltr'>publice</span> <span class='ocrx_word' id='word_1_38' title='bbox 758 718 899 793; x_wconf 82' lang='lat' dir='ltr'>patribus,</span> <span class='ocrx_word' id='word_1_39' title='bbox 929 721 1029 776; x_wconf 86' lang='lat' dir='ltr'>urbem</span> <span class='ocrx_word' id='word_1_40' title='bbox 1052 720 1114 776; x_wconf 86' lang='lat' dir='ltr'>Ro-</span> <span class='ocrx_word' id='word_1_41' title='bbox 1131 726 1165 779; x_wconf 83' lang='lat'>10</span> 
     </span>
     <span class='ocr_line' id='line_1_6' title="bbox 6 821 1115 899; baseline 0.007 -29"><span class='ocrx_word' id='word_1_42' title='bbox 6 833 145 874; x_wconf 78' lang='lat' dir='ltr'>manain</span> <span class='ocrx_word' id='word_1_43' title='bbox 177 821 322 878; x_wconf 85' lang='lat' dir='ltr'>muniant</span> <span class='ocrx_word' id='word_1_44' title='bbox 338 839 382 890; x_wconf 89' lang='lat' dir='ltr'>ao,</span> <span class='ocrx_word' id='word_1_45' title='bbox 403 821 573 895; x_wconf 87' lang='lat' dir='ltr'>priusquam</span> <span class='ocrx_word' id='word_1_46' title='bbox 595 821 688 878; x_wconf 90' lang='lat' dir='ltr'>hostis</span> <span class='ocrx_word' id='word_1_47' title='bbox 710 823 803 879; x_wconf 86' lang='lat' dir='ltr'>vietor</span> <span class='ocrx_word' id='word_1_48' title='bbox 826 823 952 893; x_wconf 86' lang='lat' dir='ltr'>advenit,</span> <span class='ocrx_word' id='word_1_49' title='bbox 973 823 1115 899; x_wconf 68' lang='lat' dir='ltr'>praesidiis</span> 
     </span>
    </p>
   </div>
   <div class='ocr_carea' id='block_1_3' title="bbox 2 921 1165 1632">
    <p class='ocr_par' dir='ltr' id='par_1_3' title="bbox 2 921 1165 1632">
     <span class='ocr_line' id='line_1_7' title="bbox 2 921 1113 1004; baseline 0.009 -31"><span class='ocrx_word' id='word_1_50' title='bbox 2 921 161 992; x_wconf 84' lang='lat' dir='ltr'>firment3</span> <span class='ocrx_word' id='word_1_51' title='bbox 191 923 341 999; x_wconf 81' lang='lat' dir='ltr'>’privatim</span> <span class='ocrx_word' id='word_1_52' title='bbox 371 925 408 1000; x_wconf 82' lang='lat' dir='ltr'>Q.</span> <span class='ocrx_word' id='word_1_53' title='bbox 432 925 542 995; x_wconf 84' lang='lat' dir='ltr'>Fabio,</span> <span class='ocrx_word' id='word_1_54' title='bbox 571 925 608 981; x_wconf 90' lang='lat' dir='ltr'>L.</span> <span class='ocrx_word' id='word_1_55' title='bbox 632 925 785 984; x_wconf 84' lang='lat' dir='ltr'>AEmilium</span> <span class='ocrx_word' id='word_1_56' title='bbox 813 941 1021 1004; x_wconf 74' lang='lat' dir='ltr'>praeceptorum</span> <span class='ocrx_word' id='word_1_57' title='bbox 1053 929 1113 984; x_wconf 90' lang='lat' dir='ltr'>eius</span> 
     </span>
     <span class='ocr_line' id='line_1_8' title="bbox 4 1031 1161 1107; baseline 0.014 -29"><span class='ocrx_word' id='word_1_58' title='bbox 4 1044 206 1084; x_wconf 85' lang='lat' dir='ltr'>memorem</span> <span class='ocrx_word' id='word_1_59' title='bbox 229 1040 259 1086; x_wconf 88' lang='lat' dir='ltr'>et</span> <span class='ocrx_word' id='word_1_60' title='bbox 279 1031 389 1088; x_wconf 85' lang='lat' dir='ltr'>vixisse</span> <span class='ocrx_word' id='word_1_61' title='bbox 410 1033 505 1089; x_wconf 88' lang='lat' dir='ltr'>adhue</span> <span class='ocrx_word' id='word_1_62' title='bbox 530 1041 559 1088; x_wconf 89' lang='lat' dir='ltr'>et</span> <span class='ocrx_word' id='word_1_63' title='bbox 581 1032 663 1088; x_wconf 90' lang='lat' dir='ltr'>mori.</span> <span class='ocrx_word' id='word_1_64' title='bbox 712 1033 761 1090; x_wconf 93' lang='lat' dir='ltr'>Me</span> <span class='ocrx_word' id='word_1_65' title='bbox 792 1033 822 1090; x_wconf 88' lang='lat' dir='ltr'>in</span> <span class='ocrx_word' id='word_1_66' title='bbox 843 1034 899 1090; x_wconf 87' lang='lat' dir='ltr'>hae</span> <span class='ocrx_word' id='word_1_67' title='bbox 921 1043 1020 1107; x_wconf 81' lang='lat' dir='ltr'>strage</span> <span class='ocrx_word' id='word_1_68' title='bbox 1040 1031 1114 1090; x_wconf 90' lang='lat' dir='ltr'>mili·</span> <span class='ocrx_word' id='word_1_69' title='bbox 1130 1041 1161 1094; x_wconf 89' lang='lat' dir='ltr'>ll</span> 
     </span>
     <span class='ocr_line' id='line_1_9' title="bbox 3 1137 1114 1211; baseline 0.008 -27"><span class='ocrx_word' id='word_1_70' title='bbox 3 1142 75 1186; x_wconf 89' lang='lat' dir='ltr'>tum</span> <span class='ocrx_word' id='word_1_71' title='bbox 103 1153 262 1191; x_wconf 86' lang='lat' dir='ltr'>meorum</span> <span class='ocrx_word' id='word_1_72' title='bbox 285 1147 385 1211; x_wconf 86' lang='lat' dir='ltr'>patere</span> <span class='ocrx_word' id='word_1_73' title='bbox 408 1137 567 1211; x_wconf 78' lang='lat' dir='ltr'>exspirare,</span> <span class='ocrx_word' id='word_1_74' title='bbox 589 1154 625 1192; x_wconf 90' lang='lat' dir='ltr'>ne</span> <span class='ocrx_word' id='word_1_75' title='bbox 647 1146 698 1193; x_wconf 87' lang='lat' dir='ltr'>aut</span> <span class='ocrx_word' id='word_1_76' title='bbox 717 1155 784 1194; x_wconf 87' lang='lat' dir='ltr'>reus</span> <span class='ocrx_word' id='word_1_77' title='bbox 798 1138 903 1195; x_wconf 87' lang='lat' dir='ltr'>iterum</span> <span class='ocrx_word' id='word_1_78' title='bbox 925 1157 941 1193; x_wconf 92' lang='lat' dir='ltr'>e</span> <span class='ocrx_word' id='word_1_79' title='bbox 963 1138 1114 1196; x_wconf 79' lang='lat' dir='ltr'>consulatu</span> 
     </span>
     <span class='ocr_line' id='line_1_10' title="bbox 7 1238 1114 1316; baseline 0.007 -24"><span class='ocrx_word' id='word_1_80' title='bbox 7 1238 68 1293; x_wconf 87' lang='lat' dir='ltr'>sim</span> <span class='ocrx_word' id='word_1_81' title='bbox 100 1251 169 1298; x_wconf 82' lang='lat' dir='ltr'>aut</span> <span class='ocrx_word' id='word_1_82' title='bbox 204 1251 360 1298; x_wconf 80' lang='lat' dir='ltr'>aecusator</span> <span class='ocrx_word' id='word_1_83' title='bbox 381 1241 500 1316; x_wconf 84' lang='lat' dir='ltr'>eollegae</span> <span class='ocrx_word' id='word_1_84' title='bbox 522 1241 676 1312; x_wconf 79' lang='lat' dir='ltr'>exsistam,</span> <span class='ocrx_word' id='word_1_85' title='bbox 707 1253 739 1301; x_wconf 89' lang='lat' dir='ltr'>ut</span> <span class='ocrx_word' id='word_1_86' title='bbox 767 1242 862 1300; x_wconf 88' lang='lat' dir='ltr'>alieno</span> <span class='ocrx_word' id='word_1_87' title='bbox 889 1242 1008 1300; x_wconf 84' lang='lat' dir='ltr'>crimine</span> <span class='ocrx_word' id='word_1_88' title='bbox 1029 1243 1114 1300; x_wconf 89' lang='lat' dir='ltr'>inno-</span> 
     </span>
     <span class='ocr_line' id='line_1_11' title="bbox 8 1345 1165 1422; baseline 0.01 -24"><span class='ocrx_word' id='word_1_89' title='bbox 8 1345 161 1402; x_wconf 85' lang='lat' dir='ltr'>centiam</span> <span class='ocrx_word' id='word_1_90' title='bbox 205 1365 301 1402; x_wconf 90' lang='lat' dir='ltr'>meam</span> <span class='ocrx_word' id='word_1_91' title='bbox 335 1352 517 1422; x_wconf 86' lang='lat' dir='ltr'>protegam.“</span> <span class='ocrx_word' id='word_1_92' title='bbox 576 1347 649 1404; x_wconf 72' lang='lat' dir='ltr'>Haeo</span> <span class='ocrx_word' id='word_1_93' title='bbox 683 1365 733 1404; x_wconf 90' lang='lat' dir='ltr'>eos</span> <span class='ocrx_word' id='word_1_94' title='bbox 766 1359 884 1422; x_wconf 88' lang='lat' dir='ltr'>agentes</span> <span class='ocrx_word' id='word_1_95' title='bbox 916 1347 997 1422; x_wconf 89' lang='lat' dir='ltr'>prius</span> <span class='ocrx_word' id='word_1_96' title='bbox 1028 1348 1165 1408; x_wconf 75' lang='lat' dir='ltr'>turbata</span> 
     </span>
     <span class='ocr_line' id='line_1_12' title="bbox 13 1449 1113 1528; baseline 0.004 -24"><span class='ocrx_word' id='word_1_97' title='bbox 13 1449 220 1523; x_wconf 81' lang='lat' dir='ltr'><strong>fugientium</strong></span> <span class='ocrx_word' id='word_1_98' title='bbox 243 1452 359 1522; x_wconf 86' lang='lat' dir='ltr'>civium,</span> <span class='ocrx_word' id='word_1_99' title='bbox 391 1451 494 1509; x_wconf 89' lang='lat' dir='ltr'>deinde</span> <span class='ocrx_word' id='word_1_100' title='bbox 515 1452 613 1509; x_wconf 90' lang='lat' dir='ltr'>hostes</span> <span class='ocrx_word' id='word_1_101' title='bbox 645 1470 832 1528; x_wconf 89' lang='lat' dir='ltr'>oppressere;</span> <span class='ocrx_word' id='word_1_102' title='bbox 862 1451 1009 1509; x_wconf 82' lang='lat' dir='ltr'>consulem</span> <span class='ocrx_word' id='word_1_103' title='bbox 1030 1451 1113 1526; x_wconf 84' lang='lat' dir='ltr'>igno·</span> 
     </span>
     <span class='ocr_line' id='line_1_13' title="bbox 13 1547 1114 1632; baseline 0.004 -24"><span class='ocrx_word' id='word_1_104' title='bbox 13 1566 151 1626; x_wconf 85' lang='lat' dir='ltr'>rantes,</span> <span class='ocrx_word' id='word_1_105' title='bbox 195 1558 261 1632; x_wconf 90' lang='lat' dir='ltr'>quis</span> <span class='ocrx_word' id='word_1_106' title='bbox 283 1567 374 1626; x_wconf 87' lang='lat' dir='ltr'>esset,</span> <span class='ocrx_word' id='word_1_107' title='bbox 408 1559 567 1613; x_wconf 87' lang='lat' dir='ltr'>obruerunt</span> <span class='ocrx_word' id='word_1_108' title='bbox 588 1557 667 1628; x_wconf 89' lang='lat' dir='ltr'>telis,</span> <span class='ocrx_word' id='word_1_109' title='bbox 689 1547 844 1614; x_wconf 86' lang='lat' dir='ltr'>Lentulum</span> <span class='ocrx_word' id='word_1_110' title='bbox 866 1557 942 1614; x_wconf 88' lang='lat' dir='ltr'>inter</span> <span class='ocrx_word' id='word_1_111' title='bbox 960 1558 1114 1614; x_wconf 89' lang='lat' dir='ltr'>tumultum</span> 
     </span>
    </p>
   </div>
   <div class='ocr_carea' id='block_1_4' title="bbox 19 1659 1227 3736">
    <p class='ocr_par' dir='ltr' id='par_1_4' title="bbox 19 1659 1166 2474">
     <span class='ocr_line' id='line_1_14' title="bbox 19 1659 1164 1738; baseline 0.004 -25"><span class='ocrx_word' id='word_1_112' title='bbox 19 1659 171 1735; x_wconf 81' lang='lat' dir='ltr'>abripuit</span> <span class='ocrx_word' id='word_1_113' title='bbox 197 1680 299 1736; x_wconf 90' lang='lat' dir='ltr'>equus.</span> <span class='ocrx_word' id='word_1_114' title='bbox 346 1664 423 1719; x_wconf 87' lang='lat' dir='ltr'>Tum</span> <span class='ocrx_word' id='word_1_115' title='bbox 448 1661 575 1736; x_wconf 91' lang='lat' dir='ltr'>undique</span> <span class='ocrx_word' id='word_1_116' title='bbox 602 1659 693 1718; x_wconf 86' lang='lat' dir='ltr'>effuse</span> <span class='ocrx_word' id='word_1_117' title='bbox 713 1659 835 1736; x_wconf 84' lang='lat' dir='ltr'>fugiunt.</span> <span class='ocrx_word' id='word_1_118' title='bbox 884 1662 1001 1738; x_wconf 82' lang='lat' dir='ltr'>Septem</span> <span class='ocrx_word' id='word_1_119' title='bbox 1024 1662 1114 1719; x_wconf 87' lang='lat' dir='ltr'>millia</span> <span class='ocrx_word' id='word_1_120' title='bbox 1130 1671 1164 1725; x_wconf 85' lang='lat'>13</span> 
     </span>
     <span class='ocr_line' id='line_1_15' title="bbox 19 1765 1114 1838; baseline 0.005 -21"><span class='ocrx_word' id='word_1_121' title='bbox 19 1765 197 1823; x_wconf 81' lang='lat' dir='ltr'>hominum</span> <span class='ocrx_word' id='word_1_122' title='bbox 218 1767 249 1823; x_wconf 90' lang='lat' dir='ltr'>in</span> <span class='ocrx_word' id='word_1_123' title='bbox 273 1768 387 1824; x_wconf 91' lang='lat' dir='ltr'>minora</span> <span class='ocrx_word' id='word_1_124' title='bbox 416 1776 528 1838; x_wconf 84' lang='lat' dir='ltr'>eastra,</span> <span class='ocrx_word' id='word_1_125' title='bbox 557 1768 656 1826; x_wconf 89' lang='lat' dir='ltr'>deeem</span> <span class='ocrx_word' id='word_1_126' title='bbox 677 1767 707 1824; x_wconf 91' lang='lat' dir='ltr'>in</span> <span class='ocrx_word' id='word_1_127' title='bbox 730 1767 857 1836; x_wconf 88' lang='lat' dir='ltr'>maiora,</span> <span class='ocrx_word' id='word_1_128' title='bbox 888 1766 946 1823; x_wconf 91' lang='lat' dir='ltr'>duo</span> <span class='ocrx_word' id='word_1_129' title='bbox 972 1766 1063 1824; x_wconf 79' lang='lat' dir='ltr'>ferme</span> <span class='ocrx_word' id='word_1_130' title='bbox 1084 1767 1114 1823; x_wconf 90' lang='lat' dir='ltr'>in</span> 
     </span>
     <span class='ocr_line' id='line_1_16' title="bbox 25 1869 1114 1947; baseline 0.005 -25"><span class='ocrx_word' id='word_1_131' title='bbox 25 1869 134 1926; x_wconf 83' lang='lat' dir='ltr'>vicum</span> <span class='ocrx_word' id='word_1_132' title='bbox 163 1872 265 1947; x_wconf 90' lang='lat' dir='ltr'>ipsum</span> <span class='ocrx_word' id='word_1_133' title='bbox 287 1870 406 1930; x_wconf 87' lang='lat' dir='ltr'>Cannas</span> <span class='ocrx_word' id='word_1_134' title='bbox 427 1871 626 1947; x_wconf 78' lang='lat' dir='ltr'>perfugerant,</span> <span class='ocrx_word' id='word_1_135' title='bbox 648 1873 697 1946; x_wconf 91' lang='lat' dir='ltr'>qui</span> <span class='ocrx_word' id='word_1_136' title='bbox 719 1871 865 1946; x_wconf 85' lang='lat' dir='ltr'>extemplo</span> <span class='ocrx_word' id='word_1_137' title='bbox 897 1889 915 1926; x_wconf 86' lang='lat' dir='ltr'>a</span> <span class='ocrx_word' id='word_1_138' title='bbox 937 1869 1114 1928; x_wconf 82' lang='lat' dir='ltr'>Carthalone</span> 
     </span>
     <span class='ocr_line' id='line_1_17' title="bbox 27 1976 1114 2052; baseline 0.004 -25"><span class='ocrx_word' id='word_1_139' title='bbox 27 1984 125 2046; x_wconf 85' lang='lat' dir='ltr'>atque</span> <span class='ocrx_word' id='word_1_140' title='bbox 152 1977 319 2050; x_wconf 90' lang='lat' dir='ltr'>equitibus,</span> <span class='ocrx_word' id='word_1_141' title='bbox 340 1978 420 2035; x_wconf 89' lang='lat' dir='ltr'>nullo</span> <span class='ocrx_word' id='word_1_142' title='bbox 442 1978 620 2034; x_wconf 90' lang='lat' dir='ltr'>munimento</span> <span class='ocrx_word' id='word_1_143' title='bbox 642 1985 756 2052; x_wconf 91' lang='lat' dir='ltr'>tegente</span> <span class='ocrx_word' id='word_1_144' title='bbox 785 1977 896 2043; x_wconf 82' lang='lat' dir='ltr'>viuum,</span> <span class='ocrx_word' id='word_1_145' title='bbox 927 1976 1114 2032; x_wconf 84' lang='lat' dir='ltr'>circumventi</span> 
     </span>
     <span class='ocr_line' id='line_1_18' title="bbox 30 2080 1166 2155; baseline 0.006 -26"><span class='ocrx_word' id='word_1_146' title='bbox 30 2088 112 2136; x_wconf 87' lang='lat' dir='ltr'>sunt.</span> <span class='ocrx_word' id='word_1_147' title='bbox 171 2080 285 2140; x_wconf 88' lang='lat' dir='ltr'>Consul</span> <span class='ocrx_word' id='word_1_148' title='bbox 314 2083 388 2140; x_wconf 88' lang='lat' dir='ltr'>alter</span> <span class='ocrx_word' id='word_1_149' title='bbox 415 2101 466 2140; x_wconf 87' lang='lat' dir='ltr'>seu</span> <span class='ocrx_word' id='word_1_150' title='bbox 497 2081 573 2139; x_wconf 82' lang='lat' dir='ltr'>forte</span> <span class='ocrx_word' id='word_1_151' title='bbox 599 2101 649 2140; x_wconf 89' lang='lat' dir='ltr'>seu</span> <span class='ocrx_word' id='word_1_152' title='bbox 678 2082 814 2151; x_wconf 88' lang='lat' dir='ltr'>consilio,</span> <span class='ocrx_word' id='word_1_153' title='bbox 844 2081 915 2137; x_wconf 92' lang='lat' dir='ltr'>nulli</span> <span class='ocrx_word' id='word_1_154' title='bbox 943 2080 1112 2155; x_wconf 80' lang='lat' dir='ltr'>fugientium</span> <span class='ocrx_word' id='word_1_155' title='bbox 1129 2092 1166 2146; x_wconf 84' lang='lat'>14</span> 
     </span>
     <span class='ocr_line' id='line_1_19' title="bbox 34 2185 1113 2266; baseline 0.002 -26"><span class='ocrx_word' id='word_1_156' title='bbox 34 2185 171 2245; x_wconf 84' lang='lat' dir='ltr'>insertus</span> <span class='ocrx_word' id='word_1_157' title='bbox 190 2187 309 2266; x_wconf 89' lang='lat' dir='ltr'>agmini,</span> <span class='ocrx_word' id='word_1_158' title='bbox 331 2205 395 2246; x_wconf 89' lang='lat' dir='ltr'>oum</span> <span class='ocrx_word' id='word_1_159' title='bbox 412 2187 623 2262; x_wconf 88' lang='lat' dir='ltr'>quinquaginta</span> <span class='ocrx_word' id='word_1_160' title='bbox 636 2185 698 2244; x_wconf 84' lang='lat' dir='ltr'>fere</span> <span class='ocrx_word' id='word_1_161' title='bbox 712 2187 857 2261; x_wconf 90' lang='lat' dir='ltr'>equitibus</span> <span class='ocrx_word' id='word_1_162' title='bbox 872 2186 1032 2243; x_wconf 84' lang='lat' dir='ltr'>Venusiam</span> <span class='ocrx_word' id='word_1_163' title='bbox 1048 2205 1113 2261; x_wconf 91' lang='lat' dir='ltr'>per·</span> 
     </span>
     <span class='ocr_line' id='line_1_20' title="bbox 34 2291 1166 2368; baseline 0.002 -22"><span class='ocrx_word' id='word_1_164' title='bbox 34 2291 124 2365; x_wconf 83' lang='lat' dir='ltr'>fugit.</span> <span class='ocrx_word' id='word_1_165' title='bbox 177 2293 382 2368; x_wconf 81' lang='lat' dir='ltr'>Quadraginta</span> <span class='ocrx_word' id='word_1_166' title='bbox 397 2293 630 2367; x_wconf 91' lang='lat' dir='ltr'>quinquemillia</span> <span class='ocrx_word' id='word_1_167' title='bbox 645 2293 793 2368; x_wconf 86' lang='lat' dir='ltr'>quingenti</span> <span class='ocrx_word' id='word_1_168' title='bbox 808 2291 929 2367; x_wconf 86' lang='lat' dir='ltr'>pedites,</span> <span class='ocrx_word' id='word_1_169' title='bbox 952 2293 1009 2348; x_wconf 90' lang='lat' dir='ltr'>duo</span> <span class='ocrx_word' id='word_1_170' title='bbox 1025 2292 1115 2348; x_wconf 87' lang='lat' dir='ltr'>millia</span> <span class='ocrx_word' id='word_1_171' title='bbox 1131 2305 1166 2358; x_wconf 81' lang='lat'>15</span> 
     </span>
     <span class='ocr_line' id='line_1_21' title="bbox 41 2393 1114 2474; baseline 0.005 -24"><span class='ocrx_word' id='word_1_172' title='bbox 41 2398 224 2474; x_wconf 83' lang='lat' dir='ltr'>septingenti</span> <span class='ocrx_word' id='word_1_173' title='bbox 239 2399 359 2472; x_wconf 85' lang='lat' dir='ltr'>equites,</span> <span class='ocrx_word' id='word_1_174' title='bbox 382 2403 431 2468; x_wconf 71' lang='lat' dir='ltr'>&#39;set</span> <span class='ocrx_word' id='word_1_175' title='bbox 444 2393 552 2474; x_wconf 87' lang='lat' dir='ltr'>tante¹)</span> <span class='ocrx_word' id='word_1_176' title='bbox 575 2417 667 2474; x_wconf 88' lang='lat' dir='ltr'>prope</span> <span class='ocrx_word' id='word_1_177' title='bbox 690 2397 794 2456; x_wconf 85' lang='lat' dir='ltr'>civium</span> <span class='ocrx_word' id='word_1_178' title='bbox 810 2397 1015 2472; x_wconf 82' lang='lat' dir='ltr'>sociorumque</span> <span class='ocrx_word' id='word_1_179' title='bbox 1036 2417 1114 2474; x_wconf 88' lang='lat' dir='ltr'>pars,</span> 
     </span>
    </p>

    <p class='ocr_par' dir='ltr' id='par_1_5' title="bbox 39 2503 1166 3102">
     <span class='ocr_line' id='line_1_22' title="bbox 39 2503 1162 2578; baseline 0.005 -24"><span class='ocrx_word' id='word_1_180' title='bbox 39 2503 107 2558; x_wconf 85' lang='lat' dir='ltr'>eaesi</span> <span class='ocrx_word' id='word_1_181' title='bbox 135 2504 286 2572; x_wconf 61' lang='lat' dir='ltr'>dicuntum</span> <span class='ocrx_word' id='word_1_182' title='bbox 307 2503 337 2560; x_wconf 92' lang='lat' dir='ltr'>in</span> <span class='ocrx_word' id='word_1_183' title='bbox 359 2503 404 2559; x_wconf 91' lang='lat' dir='ltr'>his</span> <span class='ocrx_word' id='word_1_184' title='bbox 427 2505 514 2560; x_wconf 91' lang='lat' dir='ltr'>ambo</span> <span class='ocrx_word' id='word_1_185' title='bbox 536 2504 686 2562; x_wconf 77' lang='lat' dir='ltr'>consulum</span> <span class='ocrx_word' id='word_1_186' title='bbox 709 2513 877 2578; x_wconf 79' lang='lat' dir='ltr'>quaestores,</span> <span class='ocrx_word' id='word_1_187' title='bbox 899 2503 933 2562; x_wconf 89' lang='lat' dir='ltr'>L.</span> <span class='ocrx_word' id='word_1_188' title='bbox 955 2503 1064 2560; x_wconf 86' lang='lat' dir='ltr'>Atilius</span> <span class='ocrx_word' id='word_1_189' title='bbox 1087 2517 1116 2560; x_wconf 87' lang='lat' dir='ltr'>et</span> <span class='ocrx_word' id='word_1_190' title='bbox 1160 2561 1162 2566; x_wconf 74' lang='grc'>,</span> 
     </span>
     <span class='ocr_line' id='line_1_23' title="bbox 44 2606 1166 2684; baseline 0.004 -22"><span class='ocrx_word' id='word_1_191' title='bbox 44 2606 77 2665; x_wconf 88' lang='lat' dir='ltr'>L.</span> <span class='ocrx_word' id='word_1_192' title='bbox 100 2607 213 2666; x_wconf 86' lang='lat' dir='ltr'>Furius</span> <span class='ocrx_word' id='word_1_193' title='bbox 236 2609 410 2677; x_wconf 82' lang='lat' dir='ltr'>Bibaculus,</span> <span class='ocrx_word' id='word_1_194' title='bbox 432 2622 461 2666; x_wconf 89' lang='lat' dir='ltr'>et</span> <span class='ocrx_word' id='word_1_195' title='bbox 483 2609 679 2684; x_wconf 85' lang='lat' dir='ltr'>undetriginta</span> <span class='ocrx_word' id='word_1_196' title='bbox 706 2608 813 2664; x_wconf 90' lang='lat' dir='ltr'>tribuni</span> <span class='ocrx_word' id='word_1_197' title='bbox 842 2607 979 2679; x_wconf 89' lang='lat' dir='ltr'>militum,</span> <span class='ocrx_word' id='word_1_198' title='bbox 1011 2619 1166 2674; x_wconf 82' lang='lat' dir='ltr'>consu-16</span> 
     </span>
     <span class='ocr_line' id='line_1_24' title="bbox 44 2709 1114 2789; baseline 0.004 -23"><span class='ocrx_word' id='word_1_199' title='bbox 44 2712 121 2771; x_wconf 84' lang='lat' dir='ltr'>lares</span> <span class='ocrx_word' id='word_1_200' title='bbox 147 2715 268 2789; x_wconf 86' lang='lat' dir='ltr'>quidam</span> <span class='ocrx_word' id='word_1_201' title='bbox 290 2715 476 2789; x_wconf 83' lang='lat' dir='ltr'>praetoriique</span> <span class='ocrx_word' id='word_1_202' title='bbox 507 2725 536 2771; x_wconf 92' lang='lat' dir='ltr'>et</span> <span class='ocrx_word' id='word_1_203' title='bbox 557 2714 671 2770; x_wconf 76' lang='lat' dir='ltr'>aedilicii</span> <span class='ocrx_word' id='word_1_204' title='bbox 697 2713 856 2788; x_wconf 89' lang='lat' dir='ltr'>(intereos</span> <span class='ocrx_word' id='word_1_205' title='bbox 880 2709 933 2769; x_wconf 88' lang='lat' dir='ltr'>Cn.</span> <span class='ocrx_word' id='word_1_206' title='bbox 960 2715 1114 2772; x_wconf 85' lang='lat' dir='ltr'>Servilium</span> 
     </span>
     <span class='ocr_line' id='line_1_25' title="bbox 46 2817 1114 2892; baseline 0.001 -17"><span class='ocrx_word' id='word_1_207' title='bbox 46 2818 204 2878; x_wconf 88' lang='lat' dir='ltr'>Geminum</span> <span class='ocrx_word' id='word_1_208' title='bbox 234 2831 263 2876; x_wconf 91' lang='lat' dir='ltr'>et</span> <span class='ocrx_word' id='word_1_209' title='bbox 292 2821 334 2876; x_wconf 92' lang='lat' dir='ltr'>M.</span> <span class='ocrx_word' id='word_1_210' title='bbox 357 2819 517 2876; x_wconf 86' lang='lat' dir='ltr'>Minucium</span> <span class='ocrx_word' id='word_1_211' title='bbox 546 2829 715 2888; x_wconf 88' lang='lat' dir='ltr'>numerent,</span> <span class='ocrx_word' id='word_1_212' title='bbox 750 2817 799 2888; x_wconf 88' lang='lat' dir='ltr'>qui</span> <span class='ocrx_word' id='word_1_213' title='bbox 827 2818 965 2890; x_wconf 87' lang='lat' dir='ltr'>magister</span> <span class='ocrx_word' id='word_1_214' title='bbox 986 2819 1114 2892; x_wconf 90' lang='lat' dir='ltr'>equitum</span> 
     </span>
     <span class='ocr_line' id='line_1_26' title="bbox 47 2920 1165 2998; baseline 0 -18"><span class='ocrx_word' id='word_1_215' title='bbox 47 2925 144 2994; x_wconf 79' lang='lat' dir='ltr'>priore</span> <span class='ocrx_word' id='word_1_216' title='bbox 168 2944 260 2993; x_wconf 89' lang='lat' dir='ltr'>anno,</span> <span class='ocrx_word' id='word_1_217' title='bbox 289 2925 402 2998; x_wconf 86' lang='lat' dir='ltr'>aliquot</span> <span class='ocrx_word' id='word_1_218' title='bbox 423 2925 506 2980; x_wconf 88' lang='lat' dir='ltr'>annis</span> <span class='ocrx_word' id='word_1_219' title='bbox 528 2933 595 2979; x_wconf 89' lang='lat' dir='ltr'>ante</span> <span class='ocrx_word' id='word_1_220' title='bbox 617 2924 711 2980; x_wconf 82' lang='lat' dir='ltr'>consul</span> <span class='ocrx_word' id='word_1_221' title='bbox 731 2920 849 2993; x_wconf 82' lang='lat' dir='ltr'>luerat),</span> <span class='ocrx_word' id='word_1_222' title='bbox 871 2925 1020 2998; x_wconf 88' lang='lat' dir='ltr'>octoginta</span> <span class='ocrx_word' id='word_1_223' title='bbox 1041 2943 1114 2998; x_wconf 82' lang='lat' dir='ltr'>prae·</span> <span class='ocrx_word' id='word_1_224' title='bbox 1133 2936 1165 2989; x_wconf 88' lang='lat'>17</span> 
     </span>
     <span class='ocr_line' id='line_1_27' title="bbox 51 3026 1115 3102; baseline 0.003 -19"><span class='ocrx_word' id='word_1_225' title='bbox 51 3040 126 3088; x_wconf 87' lang='lat' dir='ltr'>terea</span> <span class='ocrx_word' id='word_1_226' title='bbox 157 3042 209 3088; x_wconf 84' lang='lat' dir='ltr'>aut</span> <span class='ocrx_word' id='word_1_227' title='bbox 230 3039 382 3086; x_wconf 86' lang='lat' dir='ltr'>senatores</span> <span class='ocrx_word' id='word_1_228' title='bbox 407 3040 458 3085; x_wconf 91' lang='lat' dir='ltr'>aut</span> <span class='ocrx_word' id='word_1_229' title='bbox 489 3028 538 3102; x_wconf 92' lang='lat' dir='ltr'>qui</span> <span class='ocrx_word' id='word_1_230' title='bbox 560 3045 610 3084; x_wconf 92' lang='lat' dir='ltr'>eos</span> <span class='ocrx_word' id='word_1_231' title='bbox 632 3027 819 3100; x_wconf 88' lang='lat' dir='ltr'>magistratus</span> <span class='ocrx_word' id='word_1_232' title='bbox 840 3026 1010 3099; x_wconf 81' lang='lat' dir='ltr'>gessissent,</span> <span class='ocrx_word' id='word_1_233' title='bbox 1039 3030 1115 3086; x_wconf 89' lang='lat' dir='ltr'>unde</span> 
     </span>
    </p>

    <p class='ocr_par' dir='ltr' id='par_1_6' title="bbox 53 3131 1166 3420">
     <span class='ocr_line' id='line_1_28' title="bbox 53 3131 1115 3210; baseline 0.003 -21"><span class='ocrx_word' id='word_1_234' title='bbox 53 3133 80 3189; x_wconf 87' lang='lat' dir='ltr'>in</span> <span class='ocrx_word' id='word_1_235' title='bbox 93 3136 225 3194; x_wconf 84' lang='lat' dir='ltr'>senatu‘m</span> <span class='ocrx_word' id='word_1_236' title='bbox 242 3133 301 3208; x_wconf 90' lang='lat' dir='ltr'>legi</span> <span class='ocrx_word' id='word_1_237' title='bbox 321 3133 468 3202; x_wconf 88' lang='lat' dir='ltr'>deberent,</span> <span class='ocrx_word' id='word_1_238' title='bbox 491 3150 579 3206; x_wconf 91' lang='lat' dir='ltr'>quum</span> <span class='ocrx_word' id='word_1_239' title='bbox 601 3149 655 3188; x_wconf 89' lang='lat' dir='ltr'>sua</span> <span class='ocrx_word' id='word_1_240' title='bbox 677 3131 827 3188; x_wconf 86' lang='lat' dir='ltr'>voluntate</span> <span class='ocrx_word' id='word_1_241' title='bbox 852 3132 957 3190; x_wconf 89' lang='lat' dir='ltr'>milites</span> <span class='ocrx_word' id='word_1_242' title='bbox 978 3135 1007 3191; x_wconf 92' lang='lat' dir='ltr'>in</span> <span class='ocrx_word' id='word_1_243' title='bbox 1023 3135 1115 3210; x_wconf 88' lang='lat' dir='ltr'>legio·</span> 
     </span>
     <span class='ocr_line' id='line_1_29' title="bbox 54 3235 1166 3314; baseline 0.001 -20"><span class='ocrx_word' id='word_1_244' title='bbox 54 3241 132 3298; x_wconf 87' lang='lat' dir='ltr'>nibus</span> <span class='ocrx_word' id='word_1_245' title='bbox 161 3240 233 3298; x_wconf 85' lang='lat' dir='ltr'>laeti</span> <span class='ocrx_word' id='word_1_246' title='bbox 260 3248 365 3294; x_wconf 89' lang='lat' dir='ltr'>essent.</span> <span class='ocrx_word' id='word_1_247' title='bbox 408 3235 504 3312; x_wconf 85' lang='lat' dir='ltr'>Capta</span> <span class='ocrx_word' id='word_1_248' title='bbox 535 3255 572 3293; x_wconf 89' lang='lat' dir='ltr'>eo</span> <span class='ocrx_word' id='word_1_249' title='bbox 602 3237 704 3312; x_wconf 82' lang='lat' dir='ltr'>proelio</span> <span class='ocrx_word' id='word_1_250' title='bbox 731 3236 788 3293; x_wconf 90' lang='lat' dir='ltr'>tria</span> <span class='ocrx_word' id='word_1_251' title='bbox 816 3237 908 3295; x_wconf 88' lang='lat' dir='ltr'>millia</span> <span class='ocrx_word' id='word_1_252' title='bbox 937 3239 1065 3314; x_wconf 90' lang='lat' dir='ltr'>peditum</span> <span class='ocrx_word' id='word_1_253' title='bbox 1087 3251 1166 3304; x_wconf 78' lang='lat' dir='ltr'>et18</span> 
     </span>
     <span class='ocr_line' id='line_1_30' title="bbox 57 3341 646 3420; baseline 0 -18"><span class='ocrx_word' id='word_1_254' title='bbox 57 3348 159 3420; x_wconf 88' lang='lat' dir='ltr'>equites</span> <span class='ocrx_word' id='word_1_255' title='bbox 181 3345 260 3402; x_wconf 89' lang='lat' dir='ltr'>mille</span> <span class='ocrx_word' id='word_1_256' title='bbox 282 3352 310 3397; x_wconf 90' lang='lat' dir='ltr'>et</span> <span class='ocrx_word' id='word_1_257' title='bbox 333 3341 481 3416; x_wconf 87' lang='lat' dir='ltr'>quingenti</span> <span class='ocrx_word' id='word_1_258' title='bbox 502 3343 646 3402; x_wconf 85' lang='lat' dir='ltr'>dicuntur.</span> 
     </span>
    </p>

    <p class='ocr_par' dir='ltr' id='par_1_7' title="bbox 61 3445 1227 3736">
     <span class='ocr_line' id='line_1_31' title="bbox 133 3445 1208 3526; baseline -0.004 -16"><span class='ocrx_word' id='word_1_259' title='bbox 133 3453 206 3510; x_wconf 77' lang='lat' dir='ltr'>Hae</span> <span class='ocrx_word' id='word_1_260' title='bbox 234 3459 281 3508; x_wconf 86' lang='lat' dir='ltr'>est</span> <span class='ocrx_word' id='word_1_261' title='bbox 309 3465 410 3523; x_wconf 85' lang='lat' dir='ltr'>pugna</span> <span class='ocrx_word' id='word_1_262' title='bbox 440 3445 603 3520; x_wconf 80' lang='lat' dir='ltr'>Cannensis,</span> <span class='ocrx_word' id='word_1_263' title='bbox 633 3449 745 3506; x_wconf 88' lang='lat' dir='ltr'>Aliensi</span> <span class='ocrx_word' id='word_1_264' title='bbox 778 3450 855 3506; x_wconf 82' lang='lat' dir='ltr'>eladi</span> <span class='ocrx_word' id='word_1_265' title='bbox 880 3452 1031 3508; x_wconf 88' lang='lat' dir='ltr'>nobilitate</span> <span class='ocrx_word' id='word_1_266' title='bbox 1052 3469 1115 3526; x_wconf 90' lang='lat' dir='ltr'>par,</span> <span class='ocrx_word' id='word_1_267' title='bbox 1162 3455 1208 3523; x_wconf 81' lang='lat'>50</span> 
     </span>
     <span class='ocr_line' id='line_1_32' title="bbox 61 3553 1227 3631; baseline 0.002 -21"><span class='ocrx_word' id='word_1_268' title='bbox 61 3567 179 3614; x_wconf 84' lang='lat' dir='ltr'>aeterum</span> <span class='ocrx_word' id='word_1_269' title='bbox 202 3567 234 3612; x_wconf 91' lang='lat' dir='ltr'>ut</span> <span class='ocrx_word' id='word_1_270' title='bbox 261 3553 329 3622; x_wconf 83' lang='lat' dir='ltr'>illis,</span> <span class='ocrx_word' id='word_1_271' title='bbox 358 3569 422 3626; x_wconf 81' lang='lat' dir='ltr'>quae</span> <span class='ocrx_word' id='word_1_272' title='bbox 444 3564 512 3627; x_wconf 90' lang='lat' dir='ltr'>post</span> <span class='ocrx_word' id='word_1_273' title='bbox 536 3573 664 3630; x_wconf 89' lang='lat' dir='ltr'>pugnam</span> <span class='ocrx_word' id='word_1_274' title='bbox 687 3554 827 3626; x_wconf 84' lang='lat' dir='ltr'>accidere,</span> <span class='ocrx_word' id='word_1_275' title='bbox 848 3556 957 3628; x_wconf 86' lang='lat' dir='ltr'>levior,</span> <span class='ocrx_word' id='word_1_276' title='bbox 986 3557 1055 3631; x_wconf 87' lang='lat' dir='ltr'>quia</span> <span class='ocrx_word' id='word_1_277' title='bbox 1077 3558 1144 3621; x_wconf 85' lang='lat' dir='ltr'>ab2</span> <span class='ocrx_word' id='word_1_278' title='bbox 1225 3585 1227 3590; x_wconf 37' lang='lat' dir='ltr'>v</span> 
     </span>
     <span class='ocr_line' id='line_1_33' title="bbox 61 3639 1207 3736; baseline 0.002 -21"><span class='ocrx_word' id='word_1_279' title='bbox 61 3661 136 3719; x_wconf 83' lang='lat' dir='ltr'>hosta</span> <span class='ocrx_word' id='word_1_280' title='bbox 167 3670 392 3727; x_wconf 67' lang='lat' dir='ltr'>astumatum,</span> <span class='ocrx_word' id='word_1_281' title='bbox 423 3657 465 3714; x_wconf 85' lang='lat' dir='ltr'>sie</span> <span class='ocrx_word' id='word_1_282' title='bbox 494 3669 592 3734; x_wconf 88' lang='lat' dir='ltr'>strage</span> <span class='ocrx_word' id='word_1_283' title='bbox 621 3660 763 3717; x_wconf 85' lang='lat' dir='ltr'>exercitus</span> <span class='ocrx_word' id='word_1_284' title='bbox 793 3662 914 3736; x_wconf 86' lang='lat' dir='ltr'>gravior</span> <span class='ocrx_word' id='word_1_285' title='bbox 942 3661 1114 3735; x_wconf 79' lang='lat' dir='ltr'>foediorque.</span> <span class='ocrx_word' id='word_1_286' title='bbox 1178 3639 1207 3702; x_wconf 10' lang='grc' dir='ltr'>Α·</span> 
     </span>
    </p>
   </div>
   <div class='ocr_carea' id='block_1_5' title="bbox 124 3965 802 4035">
    <p class='ocr_par' dir='ltr' id='par_1_8' title="bbox 124 3965 802 4035">
     <span class='ocr_line' id='line_1_34' title="bbox 124 3965 802 4035; baseline 0.001 -17"><span class='ocrx_word' id='word_1_287' title='bbox 124 3965 148 4035; x_wconf 86' lang='lat'>¹)</span> <span class='ocrx_word' id='word_1_288' title='bbox 165 3969 218 4019; x_wconf 89' lang='lat' dir='ltr'>Pro</span> <span class='ocrx_word' id='word_1_289' title='bbox 236 3978 267 4018; x_wconf 86' lang='lat' dir='ltr'>et</span> <span class='ocrx_word' id='word_1_290' title='bbox 286 3975 380 4016; x_wconf 86' lang='lat' dir='ltr'>tanta</span> <span class='ocrx_word' id='word_1_291' title='bbox 398 3966 509 4017; x_wconf 76' lang='lat' dir='ltr'>fortasse</span> <span class='ocrx_word' id='word_1_292' title='bbox 529 3969 704 4019; x_wconf 83' lang='lat' dir='ltr'>scribendum:</span> <span class='ocrx_word' id='word_1_293' title='bbox 723 3978 802 4019; x_wconf 84' lang='lat' dir='ltr'>rate.</span> 
     </span>
    </p>
   </div>
   <div class='ocr_carea' id='block_1_6' title="bbox 0 0 1359 4552">
    <p class='ocr_par' dir='ltr' id='par_1_9' title="bbox 0 0 1359 4552">
     <span class='ocr_line' id='line_1_35' title="bbox 0 0 1359 4552; baseline 0 0"><span class='ocrx_word' id='word_1_294' title='bbox 0 0 1359 4552; x_wconf 95' lang='lat' dir='ltr'> </span> 
     </span>
    </p>
   </div>
  </div>
 </body>
</html>
