2704 4552
319 225 357 282 96
591 221 670 270 Liber
687 221 775 272 XXII.
811 221 857 286 (A.
870 236 894 272 u⁴
908 237 931 274 c.
946 221 1020 283 538.)

246 411 263 464 t
359 405 410 462 Ab
437 405 493 464 hoc
516 423 650 462 sermone
670 403 833 480 proiectum
856 403 982 462 Paulum
1004 405 1134 475 tradunt,
1170 423 1305 481 proseq

276 511 353 568 tibus
368 511 544 586 primoribus
559 519 691 586 patrum
713 510 859 586 plebeium
880 508 1028 566 consulem
1051 527 1107 566 sua
1128 509 1297 584 plebesp»

247 623 352 685 beuta,
375 617 462 673 turba
476 616 667 691 conspectior,
691 633 779 690 quum
795 615 951 690 dignitates
966 614 1108 674 deessent.
1147 615 1244 674 Utin
1278 640 1310 663 σε’·

275 730 424 790 venerunt,
446 720 590 796 permixto
612 739 690 777 novo
712 720 840 777 exercitu
867 738 902 776 ac
931 729 1043 788 vetere,
1072 720 1181 776 cestris
1216 719 1277 777 bife
1303 746 1312 753 ’-

275 825 369 896 factis,
391 835 424 882 ut
444 844 523 884 nova
545 825 659 882 minora
681 834 777 882 essent
799 825 920 899 propius
942 823 1157 894 Hannibalem,
1191 825 1226 882 in
1246 844 1315 881 ve

245 932 329 992 6bus
353 930 448 988 maior
468 947 538 1005 pars
559 940 588 988 et
610 949 696 987 omne
722 929 813 986 robur
839 929 944 987 virium
966 938 1057 1000 esset,
1091 931 1252 988 consulum
1285 956 1311 979 zv

273 1036 379 1112 prioris
395 1037 436 1094 M.
452 1036 586 1106 Atilium,
607 1043 722 1119 aetatem
745 1043 942 1104 excusantem,
957 1035 1084 1092 Romam
1105 1035 1264 1106 miserunt,
1314 1060 1323 1079 ν

275 1140 382 1196 minum
416 1140 570 1198 Servilium
603 1141 632 1197 in
665 1139 826 1198 minoribus
859 1139 962 1196 cestria
994 1139 1102 1214 legioni
1136 1141 1284 1198 Romanae
1315 1168 1317 1185 2

246 1245 386 1305 isacium
409 1245 537 1320 peditum
557 1245 744 1320 equitumque
765 1245 879 1302 duobus
900 1244 1026 1302 millibus
1040 1246 1217 1320 praeficiunt.
1264 1246 1314 1302 Ηιι

274 1350 354 1407 nibal
376 1369 543 1425 quanquam
568 1359 652 1426 parte
673 1350 794 1407 dimidie
815 1358 916 1406 suetas
936 1351 1063 1408 hostium
1078 1350 1181 1426 copias
1198 1351 1307 1408 cerneb

246 1458 377 1517 Stameu'
404 1456 530 1512 adventu
558 1456 707 1513 consulum
742 1455 814 1512 mire
845 1455 982 1529 gaudere.
1037 1457 1108 1514 Nou
1140 1455 1240 1513 solum
1269 1455 1315 1512 a'

275 1559 346 1616 nihil
370 1579 407 1616 ex
428 1561 519 1634 raptis
541 1560 571 1617 in
592 1561 669 1618 diem
691 1560 901 1618 commeatibus
929 1561 1101 1635 superabat,
1132 1561 1188 1617 sed
1210 1580 1247 1618 ue
1269 1559 1329 1619 unit

273 1674 390 1739 raperet
406 1665 531 1740 quidem,
554 1665 709 1739 quicquam
732 1665 834 1740 reliqui
856 1672 928 1734 erat,
950 1665 1029 1722 omui
1044 1666 1172 1740 undique
1186 1665 1327 1737 frumenta

272 1779 428 1846 postquam
451 1789 522 1846 ager
543 1790 647 1846 parum
670 1780 748 1828 tutus
775 1779 852 1840 erat,
877 1770 908 1827 in
929 1771 1015 1827 urbes
1042 1771 1170 1828 munitas
1192 1783 1327 1840 convecto„

242 1875 305 1932 but
325 1875 377 1932 vix
397 1877 497 1934 decern
520 1877 641 1946 dierum,
664 1876 743 1950 qnod
762 1883 941 1950 compertum
963 1883 1066 1949 postea
1087 1883 1141 1944 est,
1163 1875 1342 1947 frumentun

272 1991 444 2057 superesset,
466 1983 725 2057 Hispanorumque
747 1982 785 2038 cb
807 1980 935 2055 inopiam
958 1980 1091 2038 transitio
1116 1993 1226 2056 parata
1246 1981 1325 2050 fucrit,

273 2089 297 2145 si
319 2089 472 2144 maturitas
494 2095 657 2161 temporum
680 2096 851 2163 exspectata
872 2085 955 2145 foret.

177 2183 217 2250 41
357 2191 491 2250 Ceterum
514 2191 670 2248 temeritati
692 2192 818 2249 consulis
840 2211 875 2249 ac
897 2211 1084 2267 praepropero
1107 2193 1227 2266 iugenio
1249 2201 1324 2248 mute·

272 2296 346 2352 riam
375 2297 462 2352 etiam
491 2295 609 2354 fortuna
630 2297 724 2368 dedit,
756 2298 834 2373 quod
864 2298 894 2354 in
917 2297 1105 2372 prohibendis
1127 2298 1322 2373 praedatoribus

272 2401 460 2458 tumultuario
487 2403 590 2477 proelio
613 2422 647 2460 ac
671 2422 812 2479 procursu
836 2402 930 2477 magis
950 2403 1071 2460 militum
1095 2421 1185 2476 quam
1208 2421 1245 2460 ex
1265 2420 1322 2476 pra·

271 2515 375 2580 parato
398 2513 448 2562 eut
474 2507 554 2564 iussu
577 2507 785 2583 imperatorum
814 2515 878 2566 orto
907 2508 1136 2582 haudquaquam
1163 2527 1220 2583 par
1240 2506 1321 2564 Pceuis

241 2608 420 2668 2dimicatio
441 2609 505 2672 fuit.
551 2613 601 2670 Ad
626 2613 704 2670 mille
732 2621 760 2670 et
787 2612 962 2688 septingenti
989 2613 1070 2683 oaesi,
1102 2633 1161 2670 nou
1183 2614 1248 2689 plus
1267 2630 1321 2668 cen-

271 2724 331 2772 tum
366 2717 565 2775 Romanorum
599 2719 803 2792 sociorumque
834 2717 945 2775 occisis.
1007 2715 1144 2774 Ceterum
1180 2717 1321 2775 victoribus

272 2820 362 2878 effuse
391 2822 578 2894 aequantibus
615 2833 692 2880 metu
727 2823 898 2880 insidiarum
933 2821 1044 2878 obstitit
1077 2821 1191 2878 Paulus
1227 2819 1320 2886 consul

241 2923 351 2983 3cutus
373 2945 408 2982 eo
430 2926 476 2982 die
499 2929 578 3000 (nam
601 2929 718 2986 alternis
738 2927 956 3003 imperitabant)
978 2926 1132 3000 imperium
1153 2937 1231 2997 erat,
1258 2927 1320 2982 Var-

269 3049 341 3089 rone
368 3033 536 3106 indignante
562 3052 597 3090 ao
625 3032 820 3103 vociferante,
853 3031 990 3090 emissum
1016 3034 1130 3089 hostem
1159 3051 1176 3090 e
1205 3031 1319 3089 manibus

240 3137 476 3210 ldebellarique‚
498 3137 528 3192 ni
551 3147 694 3195 cessatum
728 3138 819 3208 foret,
848 3138 986 3211 potuisse.
1029 3136 1183 3194 Hannibal
1203 3137 1233 3194 id
1253 3137 1318 3192 dam·

270 3261 338 3297 num
360 3241 440 3297 haud
454 3243 603 3316 aegerrime
618 3245 694 3318 pati;
718 3244 786 3317 quin
807 3243 904 3318 potius
926 3242 1053 3311 credere,
1074 3241 1156 3299 velut
1177 3243 1317 3300 inescatam

270 3344 461 3402 temeritatem
490 3347 640 3406 ferocioris
669 3348 794 3407 consulis
825 3365 860 3404 ao
885 3365 1028 3404 novorum
1059 3346 1187 3404 maxime
1215 3347 1316 3404 militum

240 3451 341 3509 5esse.
390 3451 430 3507 Et
452 3454 550 3520 omnia
571 3453 597 3509 ei
611 3454 738 3511 hostium
760 3454 838 3512 haud
853 3470 935 3526 secus
960 3470 1047 3528 quarn
1071 3471 1126 3508 sua
1146 3462 1219 3510 nota
1239 3457 1315 3508 eraut:

269 3555 421 3613 dissimiles
443 3557 649 3633 discordesque
670 3559 851 3634 imperitare,
881 3559 954 3615 duas
975 3577 1068 3633 propa
1088 3566 1189 3633 partes
1210 3557 1314 3614 tironum

239 3660 391 3718 hmilitum
424 3663 453 3718 iu
484 3665 612 3722 exercitu
643 3683 715 3724 esse.
764 3666 869 3738 Itaque
897 3664 992 3721 locum
1024 3672 1053 3720 et
1081 3671 1197 3738 tempus
1223 3657 1314 3719 insidiis

269 3775 368 3841 aptum
393 3786 424 3824 se
446 3770 554 3828 babere
575 3780 671 3839 ratus,
695 3777 780 3827 nocte
801 3768 946 3843 proxima,
968 3768 1040 3825 nibil
1060 3778 1166 3842 praeter
1187 3787 1265 3827 arma
1282 3764 1313 3820 ie·

268 3881 349 3928 rente
376 3892 473 3930 secum
501 3876 606 3945 milite,
639 3883 737 3932 castra
761 3875 849 3949 plena
871 3875 964 3931 omnis
986 3874 1111 3930 fortunae
1132 3874 1251 3949 publiea
1269 3867 1312 3944 prl-

226 3977 252 4029 ·7
268 3989 400 4052 vataeque
422 3979 568 4053 relinquit,
591 3988 730 4053 transque
756 3980 906 4054 proximos
929 3989 1041 4037 montes
1062 3979 1137 4036 laeva
1158 3979 1264 4055 pedites
1281 3975 1312 4030 in·
