2678 4560
300 264 355 318 llll
564 256 642 305 Liber
658 255 775 308 xxvn.
813 256 859 318 (Δ.
873 271 898 305 u.
913 269 935 306 c.
949 255 1024 317 ott.)

255 440 444 516 lnoompositi
472 441 585 510 bootes,
619 447 652 496 ut
680 456 824 514 quemque
853 446 905 495 ant
929 439 1022 513 pediti
1049 447 1101 496 aut
1127 439 1217 514 equiti
1237 456 1308 495 ocsus

225 545 369 616 3obtnlit,
389 545 431 602 ita
452 555 607 603 conserunt
628 563 740 604 manus.
789 543 901 603 Crescit
927 562 1028 619 pugna
1050 544 1188 601 subsidiis
1209 553 1237 602 et
1256 565 1309 619 prc-

256 651 430 710 currentium
453 651 491 707 ad
513 659 659 708 certarnen
680 667 801 708 numero
824 658 963 724 augetur3
994 659 1228 725 pugnantesque,
1248 649 1310 724 qnod

256 758 311 815 nisi
344 756 374 814 in
406 764 505 813 vetere
531 755 659 814 exercitu
689 764 718 811 et
746 755 813 812 duci
841 755 931 812 veteri
954 755 1035 812 hand
1057 754 1145 812 facilc
1165 766 1224 826 ast,
1253 756 1313 812 inter

226 862 410 921 dtumultum
445 879 480 918 ac
515 871 655 918 terrorem
688 857 874 917 instruxisset
901 860 1069 931 Hannibal,
1106 861 1137 917 ni
1165 861 1311 918 cohortium

258 987 293 1025 ac
325 965 538 1041 manipulorum
570 967 692 1023 decursu
721 983 774 1039 per
796 964 884 1022 colles
910 966 1022 1023 clamor
1044 965 1083 1022 ab
1106 975 1192 1040 tergo
1215 966 1312 1021 anditm

228 1079 383 1140 5metum,
419 1091 456 1129 ne
490 1071 749 1128 intercluderentur
781 1071 900 1142 castris,
932 1070 1087 1128 iniecisset.
1136 1071 1212 1127 Inde
1237 1087 1314 1143 pavor

257 1179 390 1236 incussus
412 1186 441 1234 et
461 1175 533 1250 iuga
555 1177 665 1251 passim
687 1177 750 1234 fieri
774 1185 871 1250 coepta
892 1185 951 1246 est3
978 1177 1137 1250 minorque
1158 1175 1251 1232 coedes
1263 1173 1314 1230 init.

260 1283 329 1358 quia
354 1281 557 1358 propinquitas
586 1291 746 1338 castrorum
772 1283 934 1340 breviorem
959 1281 1061 1356 fugam
1085 1280 1228 1356 perculsis
1253 1278 1313 1336 lecit

230 1389 382 1464 quuites
404 1387 479 1444 enim
501 1395 584 1462 tergo
606 1386 797 1457 inhaerebann
819 1388 849 1444 in
864 1397 1033 1444 transversa
1051 1387 1150 1444 latera
1162 1387 1313 1442 invaserant

260 1495 393 1551 cohortes
429 1491 562 1549 secundis
599 1491 721 1549 collibus
757 1494 806 1550 via
837 1493 917 1550 nuda
954 1511 989 1549 ac
1024 1490 1107 1549 facili
1137 1491 1312 1549 decurrentes

230 1599 374 1660 7Tamen
396 1615 485 1672 supra
509 1605 575 1654 octo
598 1596 688 1654 millia
708 1599 857 1656 hominum
878 1599 989 1668 occisa,
1018 1613 1112 1671 snpra
1133 1597 1314 1672 septingentos

260 1703 351 1777 capti;
376 1702 460 1778 signa
474 1702 611 1759 militaria
625 1721 729 1760 novem
745 1703 900 1779 adempta;
921 1702 1070 1777 elephanti
1089 1701 1189 1770 stiam,
1208 1717 1311 1776 quornm

259 1808 354 1865 nullus
378 1826 446 1865 usus
469 1807 498 1863 in
520 1807 671 1882 repentina
686 1825 721 1862 ac
739 1807 929 1864 tumultuaria
945 1825 1046 1882 pugna
1061 1805 1171 1874 fuerat,
1194 1815 1313 1880 quatuor

228 1913 357 1983 Soccisi,
381 1914 439 1971 duo
461 1912 549 1985 capti.
597 1909 684 1968 Circa
706 1913 879 1986 quingentos
902 1914 1104 1970 Romanorum
1127 1913 1312 1983 sociorumque

259 2021 383 2078 victores
405 2017 577 2076 ceciderunt.
622 2018 748 2074 Postero
769 2017 816 2075 die
830 2018 940 2075 Poenus
963 2017 1090 2091 quierit3
1119 2016 1312 2086 &manuam

260 2127 351 2184 aciem
373 2121 464 2198 copiis
486 2122 613 2192 eductis,
634 2132 791 2197 postquam
820 2123 963 2180 neminem
991 2121 1077 2196 signa
1104 2132 1209 2179 contra
1229 2120 1311 2178 eiiam

259 2231 347 2300 vidit,
378 2227 473 2303 spolia
494 2227 552 2302 legi
574 2244 714 2284 caesorum
735 2228 860 2286 hostium
883 2239 912 2284 et
933 2245 1052 2284 suorum
1075 2244 1204 2302 corpora
1226 2227 1310 2284 collato

229 2336 289 2394 sin
319 2351 408 2390 unum
436 2332 551 2406 sepeliri
578 2332 670 2389 iussit.
718 2333 791 2390 Inde
820 2332 1039 2407 insequentibus
1061 2332 1210 2390 continuis
1230 2331 1310 2388 dicbus

262 2440 373 2513 aliquot
401 2438 443 2496 ita
472 2437 576 2494 institit
603 2437 711 2512 portis,
747 2446 780 2494 ut
805 2457 899 2514 prope
926 2437 1036 2494 inferre
1062 2435 1150 2511 signa
1177 2438 1309 2495 videretur.

212 2549 247 2604 10
261 2545 353 2601 donec
375 2543 526 2602 Hannibal
546 2543 631 2599 tertia
652 2542 771 2617 vigilia,
799 2543 907 2600 crebris
928 2541 1045 2618 ignibus
1066 2543 1309 2614 tabernaculisque

262 2669 326 2724 qnae
355 2669 425 2725 pars
456 2658 617 2708 castrorum
640 2647 677 2704 ad
699 2649 799 2704 hostes
819 2649 976 2722 vergebat,
1012 2657 1041 2705 et
1063 2648 1201 2705 Numidis
1222 2645 1309 2723 paucis

262 2754 312 2830 qui
327 2754 357 2812 ic
368 2754 447 2811 vallo
463 2753 614 2829 portisque
630 2769 662 2808 se
676 2752 869 2823 ostenderent,
889 2753 1007 2824 relictis,
1028 2752 1179 2828 profectus
1192 2753 1309 2828 Apuliam

212 2860 246 2914 11
261 2867 360 2935 petere
380 2857 510 2915 intendit.
556 2858 617 2918 Ubi
637 2858 750 2928 illuxit,
773 2859 913 2916 successit
932 2857 1011 2915 vallo
1032 2860 1171 2918 Romana
1192 2861 1275 2926 acies,
1291 2868 1308 2909 et

263 2963 399 3020 Numidas
428 2981 465 3020 ex
494 2963 656 3039 composito
688 2962 836 3037 paulisper
855 2963 886 3021 in
908 2964 1000 3039 portis
1023 2983 1055 3020 ae
1076 2963 1216 3040 valloque
1236 2971 1308 3020 osten

262 3075 378 3137 tavers,
411 3066 600 3142 frustratique
629 3067 808 3143 aliquamdiu
837 3069 953 3139 hostes,
987 3071 1084 3128 citatis
1114 3071 1199 3145 equis
1227 3083 1307 3146 agnen

213 3171 249 3229 12
263 3189 381 3228 anonim
415 3180 618 3246 assequuntur.
666 3170 776 3230 Consul
808 3174 859 3232 ubi
891 3174 1037 3231 silentium
1066 3175 1097 3231 in
1121 3177 1225 3234 castris
1244 3183 1269 3232 et
1284 3189 1307 3227 ne

263 3293 374 3352 paucos
395 3276 527 3350 quidem,
565 3278 615 3352 qni
644 3278 740 3354 prima
762 3279 827 3336 lnce
848 3281 1132 3351 obambulaverant,
1167 3290 1250 3356 parta
1266 3275 1307 3333 ulls

263 3384 415 3454 cernebat,
450 3383 564 3441 duobus
596 3383 741 3458 equitibus
773 3385 953 3460 speculatum
984 3387 1015 3442 in
1042 3396 1140 3444 cast-ra
1167 3380 1307 3461 premissis

264 3496 420 3562 postquam
444 3487 516 3544 satis
537 3497 601 3546 tuta
623 3489 721 3545 omnia
744 3507 807 3546 esse
826 3490 1010 3565 exploratum
1031 3500 1093 3562 est,
1125 3489 1226 3547 infarri
1246 3489 1305 3562 sign

215 3594 251 3650 13
264 3592 361 3660 iussit;
384 3599 555 3667 tantumque
576 3593 617 3650 ibi
638 3602 780 3665 moratus,
801 3594 871 3650 dum
892 3595 997 3652 milites
1019 3596 1059 3652 ad
1079 3596 1208 3671 predam
1222 3595 1305 3650 discu-

264 3704 347 3766 runt,
387 3697 516 3772 receptui
551 3697 654 3754 deinde
678 3698 781 3755 cecinit
816 3699 966 3774 multoque
997 3709 1065 3758 ante
1095 3709 1210 3758 noctem
1230 3698 1304 3774 copis!

217 3806 252 3860 14
265 3800 389 3861 reduxit.
436 3804 562 3860 Postero
587 3803 633 3860 die
656 3803 752 3879 prima
774 3805 839 3862 luca
859 3805 1025 3880 profectus,
1048 3806 1161 3883 magnis
1183 3804 1303 3863 itineribus

266 3905 378 3962 lamam
411 3913 440 3962 et
476 3908 600 3982 vestigia
636 3910 760 3984 agminis
793 3927 917 3984 sequens
955 3913 1036 3970 haud
1068 3911 1170 3988 procul
1200 3905 1303 3968 Venudt

246 4009 249 4012 ’
268 4010 383 4066 hostem
401 4011 574 4083 assequitur.
618 4012 666 4069 Ibi
689 4031 806 4087 quoque
827 4016 1017 4074 tumultuaria
1036 4035 1135 4093 pugna
1149 4013 1219 4086 fnit;
1238 4026 1302 4086 supu

1309 4217 1323 4506 l
