2704 4552
356 227 435 278 Liber
451 227 552 281 xxm,
589 227 637 292 (A.
647 226 781 294 chare.)
1001 233 1058 290 1³5

19 415 87 464 'esta
113 417 183 478 est3
217 429 282 498 non
311 411 390 468 vinei
412 412 486 468 euim
516 414 554 470 ab
576 413 744 471 Hannibale
769 408 1003 488 †vinceutibus¹)
1026 413 1101 472 difli-
1201 411 1206 422 ⁸

16 513 85 570 ilius
109 513 181 572 fuit
205 535 300 591 quam
323 528 425 594 postca
446 519 570 576 vincere.

85 620 274 692 Hannibal,
305 641 357 698 spe
392 623 539 698 potiunda
566 623 653 681 Nolae
685 623 831 698 adempta,
863 641 951 698 quum
974 625 1103 682 Acerras
1158 622 1199 692 Π

11 727 206 797 recessisset,
245 728 414 803 Marcellus,
435 728 581 804 extemplo
611 726 717 784 clausis
748 728 840 802 portis
876 729 1102 804 custodibusque

10 830 179 904 lispositis,
210 851 250 888 ne
273 833 339 906 quis
360 834 552 908 egrederetur,
574 833 764 907 quaestionem
786 833 816 889 in
837 833 903 892 foro
927 836 963 892 de
984 835 1029 906 iis,
1052 835 1101 910 qui
1187 883 1191 890 .

7 935 78 992 elam
103 937 140 992 in
167 938 334 1012 colloquiis
357 939 483 995 hostium
505 937 629 1008 fuerant,
649 937 759 996 habuit.
803 938 901 1014 Supra
915 939 1131 1018 septuaginta2

7 1041 177 1099 damnatos
215 1042 391 1121 proditionis
419 1043 512 1100 securi
542 1042 697 1117 percussit,
725 1044 861 1118 bonaque
891 1064 989 1104 eorum
1017 1046 1101 1104 iussit

5 1146 130 1220 publica
156 1148 272 1223 populi
294 1148 420 1206 Romani
441 1167 513 1217 esse,
537 1158 573 1218 et,
595 1165 709 1204 summa
730 1165 826 1205 rerum
849 1152 962 1210 senatui
983 1152 1131 1224 tradita,3

6 1269 72 1306 cum
98 1253 250 1308 exercitu
273 1253 351 1308 omni
380 1251 526 1327 profectus
551 1270 640 1328 supra
663 1252 830 1311 Suessulam
861 1257 964 1318 castris
997 1258 1100 1331 positis

5 1356 163 1416 consedit.
215 1358 327 1414 Poenus
348 1359 477 1414 Acerras
498 1357 623 1431 primum
646 1358 684 1414 ad
705 1359 899 1417 voluntariam
925 1360 1133 1420 deditioncml

6 1471 142 1520 conatus
166 1461 326 1538 pellicere,
355 1470 510 1535 postquam
540 1463 702 1520 obstinatos
730 1461 824 1541 [inde]
846 1465 939 1534 videt,
970 1464 1103 1523 obsidere

10 1575 103 1639 atque
129 1586 316 1643 oppugnare
336 1576 432 1640 parat.
475 1565 611 1624 Ceterum
632 1568 792 1624 Acerranis
813 1569 878 1644 plus
902 1569 991 1626 animi
1013 1588 1101 1644 quarn

11 1672 124 1728 virium
154 1683 239 1742 erat3
272 1673 371 1748 itaque
403 1674 556 1748 desperata
585 1672 676 1728 tutela
708 1671 801 1741 urbis,
829 1681 861 1729 ut
888 1673 1133 1736 circumvallarib

13 1778 127 1834 moenia
154 1779 305 1850 viderunt,
328 1779 496 1853 priusquam
522 1776 758 1834 continuarentur
780 1777 907 1834 hostium
929 1799 1028 1855 opera,
1049 1799 1103 1855 per

17 1881 197 1940 intermissa
232 1884 411 1940 munimenta
445 1882 650 1958 neglectasque
684 1882 830 1939 custodias
864 1882 977 1941 silentio
1008 1887 1101 1942 noctis

21 1986 148 2062 dilapsi,
181 1988 322 2064 pervias
351 1988 502 2062 inviaque,
536 2006 594 2061 qua
624 2007 769 2062 quemque
799 1998 850 2045 aut
878 1990 1028 2047 consilium
1052 1994 1133 2050 autb

22 2111 105 2148 error
128 2094 216 2162 tulit,
247 2093 276 2149 in
299 2095 383 2151 nrbes
406 2093 589 2169 Campaniae,
619 2112 691 2168 quas
719 2095 790 2150 satis
825 2102 935 2152 certum
959 2105 1022 2153 erat
1044 2115 1101 2154 non

25 2207 157 2256 mutasse
179 2199 279 2268 fidem,
301 2197 499 2273 perfugerant.

107 2305 275 2375 Hannibal,
298 2304 417 2361 Acerris
439 2303 557 2377 direptis
582 2312 669 2376 atque
690 2302 825 2373 incensis,
847 2323 936 2378 quum
960 2324 978 2361 a
993 2303 1132 2362 Casino'l

28 2406 206 2470 dictatorem
228 2411 393 2466 Romanum
415 2408 601 2482 legionesque
634 2407 748 2481 †nimis
771 2404 889 2484 accipit)
912 2409 1101 2480 nuntiassent,

27 2515 160 2587 nequid
184 2523 244 2570 tam
267 2514 438 2590 propinquis
459 2513 585 2570 hostium
608 2511 711 2568 castris
727 2511 837 2588 Capuae
862 2533 985 2589 quoque
999 2534 1100 2572 move-

31 2626 116 2689 retur,
145 2619 304 2676 exercitum
335 2620 373 2676 ad
400 2617 558 2676 Casilinum
588 2617 674 2674 ducit.
719 2615 877 2676 Casilinum
907 2639 941 2677 eo
969 2620 1135 2695 tempore8

32 2726 184 2804 quingenti
206 2725 376 2786 Praenestini
398 2725 547 2782 habebant
568 2742 633 2780 eum
655 2721 755 2810 paneis
780 2723 922 2782 Romanis
945 2725 1101 2798 Latinique

34 2833 167 2904 nominis,
186 2853 261 2909 quos
283 2834 384 2890 eodem
408 2829 507 2888 audita
529 2827 689 2886 Cannensis
712 2828 808 2885 clades
832 2828 1003 2889 contulerat.
1047 2830 1134 2899 Hi,9

36 2949 88 2990 non
112 2937 249 2994 confecto
272 2939 418 2994 Praeneste
448 2935 484 2991 ad
507 2935 583 2992 diem
606 2934 726 3013 dilectu,
748 2934 840 2990 serius
868 2931 991 3008 profecti
1012 2933 1100 2991 domo

39 3056 121 3110 quum
139 3039 297 3097 Casilinum
320 3047 387 3095 ante
408 3038 517 3096 famam
542 3040 670 3096 adversae
685 3055 789 3112 pugnae
811 3037 957 3094 venissent
979 3049 1015 3108 et,
1038 3039 1103 3095 aliis

41 3145 261 3220 aggregantibus
296 3160 360 3198 sese
391 3143 533 3200 Romanis
569 3144 726 3217 sociisque,
762 3141 887 3217 profecti
920 3163 938 3200 a
972 3142 1101 3201 Casilino

38 3263 123 3317 quum
147 3249 218 3306 satis
240 3265 347 3322 magno
376 3247 491 3322 agmine
512 3248 602 3318 irent,
634 3248 739 3305 avertit
761 3266 811 3304 eos
840 3256 919 3307 retro
941 3243 1100 3307 Casilinum

44 3354 152 3410 nuntius
180 3351 342 3410 Cannensis
366 3371 478 3427 pugnae.
531 3352 576 3408 lbi
609 3371 697 3426 quum
730 3353 791 3409 dies
821 3354 946 3428 aliquot,
976 3353 1102 3428 suspecti
1120 3358 1155 3412 10

47 3453 419 3532 Carnpanis‘timentesque,
441 3457 578 3514 cavendis
601 3475 635 3514 ec
657 3459 801 3515 struendis
825 3459 854 3514 in
877 3459 969 3516 vicem
992 3457 1103 3514 insidiis

48 3563 244 3632 traduxissent,
266 3571 300 3617 ut
313 3563 348 3618 de
364 3559 473 3635 Capuae
495 3561 656 3619 defectione
674 3562 722 3636 agi
742 3564 892 3638 accipique
906 3563 1102 3621 Hannibalem

49 3669 112 3725 satis
143 3688 197 3743 pro
222 3676 301 3724 certo
331 3667 473 3736 habuere,
503 3665 661 3725 interfectis
687 3676 773 3725 nocte
803 3668 965 3742 oppidanis,
992 3677 1104 3742 partem

51 3774 132 3843 urbis,
154 3793 218 3848 quae
241 3773 282 3830 cis
304 3772 480 3828 Vulturnum
504 3783 548 3830 est
570 3773 618 3848 (eo
640 3773 714 3830 enim
738 3773 875 3829 dividitur
896 3772 997 3844 amni),
1020 3790 1105 3829 oecu-

51 3897 163 3950 pavere,
194 3878 282 3951 idque
311 3876 437 3951 praesidii
467 3875 588 3934 Casilini
616 3878 764 3935 habebant
794 3876 929 3935 Romani.
979 3877 1107 3948 Additur
1122 3881 1154 3935 ll
1221 3921 1224 3928 »

52 3993 235 4003 -——...

91 4039 114 4108 ¹)
129 4045 247 4095 Fortasse
267 4045 344 4096 scrib.
362 4045 495 4092 vincere
513 4043 728 4092 discentibus.

91 4109 113 4176 ¹]
131 4115 253 4165 Fortasse
273 4115 347 4164 scrib.
367 4114 477 4162 venire
494 4113 638 4163 Numidae
657 4113 727 4160 citi.
