2748 4556
387 273 464 320 Liber
482 273 582 322 XXIX.
620 273 667 334 (A.
683 271 730 322 Ch.
747 273 818 334 aot.)
1023 277 1086 332 '211

50 456 145 521 „huc
176 454 290 529 dirigite
321 461 440 514 naves‘*
491 456 535 512 Eo
564 456 664 512 classis
689 457 827 524 decurrit,
865 455 1013 530 copiaque
1035 475 1134 512 omnes
1150 459 1187 513 13

50 559 97 614 in
120 568 230 615 terram
254 561 393 635 expositae
415 571 490 618 strnt.

154 666 331 740 Prosperam
360 666 575 740 navigationem
606 665 667 722 sine
693 651 806 722 ¹terrore
824 684 868 721 ac
890 666 1013 722 tumultu
1035 665 1133 734 irrisae,

52 769 218 841 permultis
242 769 354 829 Graecis
376 771 546 844 Latinisque
570 770 736 828 auctoribus
751 771 868 827 credidi.
917 769 1036 839 Caelius,
1060 791 1133 845 prae·
1149 775 1185 827 ll

45 884 201 946 -terquam
236 877 313 948 qued
345 896 398 932 nora
433 894 543 932 mersas
576 876 710 932 fluctibus
746 893 851 942 naves,
888 886 999 933 ceteros
1033 894 1133 933 omnes

55 979 197 1034 caelestes
230 979 449 1055 maritimosque
485 989 627 1044 terrores,
664 987 812 1053 postremo
840 982 991 1054 abreptam
1023 991 1132 1054 tempe·

47 1093 143 1139 state
174 1085 211 1139 ab
234 1086 338 1142 Africa
368 1086 488 1143 classem
520 1084 556 1140 ad
583 1083 706 1140 insulam
730 1085 934 1159 AEgimurum,
970 1086 1036 1142 inde
1056 1104 1132 1160 segre

52 1198 230 1244 correctum
253 1207 368 1247 cursum
390 1191 523 1265 exponit,
545 1201 583 1259 et,
604 1208 697 1264 prope
719 1190 831 1245 obrutis
854 1190 992 1259 navibus,
1019 1191 1184 1247 iniussu15

55 1293 252 1366 imperatoris
282 1296 406 1368 scaphis,
436 1296 514 1351 haud
538 1313 620 1352 secus
643 1312 730 1368 quam
753 1293 922 1368 naufragos,
944 1295 1048 1352 milites
1070 1296 1132 1352 sine

56 1398 156 1453 armis
179 1418 243 1455 cum
265 1400 374 1474 ingenti
395 1401 518 1457 tumultu
542 1401 700 1456 interram
724 1399 861 1460 evasisse.

150 1503 301 1577 Expositis
331 1505 437 1580 copiis,
474 1505 600 1562 Romani
636 1513 732 1560 castra
771 1503 800 1559 iu
836 1506 977 1578 proximis
1014 1508 1130 1563 tumulis
1181 1498 1227 1566 28

49 1617 220 1662 'metantur
268 1609 332 1666 Iam
354 1630 412 1666 non
441 1611 469 1666 in
491 1610 653 1666 maritimos
675 1610 763 1664 modo
787 1627 874 1682 agros
896 1621 1051 1686 conspectu
1073 1609 1161 1688 pri-2

56 1731 145 1767 ‚mum
180 1713 297 1784 classis,
332 1716 399 1771 dein
435 1714 557 1771 tumultu
594 1714 801 1788 egredientium
834 1715 863 1770 iu
896 1726 1002 1772 terram
1038 1735 1132 1791 pavor

58 1828 217 1890 terrorque
239 1830 425 1892 pervenerat,
462 1819 563 1876 sedin
586 1820 789 1893 ipsasurbes3
824 1821 1014 1892 nequeenim
1037 1819 1161 1877 homi-3

58 1941 133 1977 num
157 1922 246 1978 modo
268 1927 368 1994 turba,
390 1925 540 1981 mulierum
563 1943 778 1999 puerorumque
803 1924 965 1997 agminibus
987 1925 1130 1995 immixta,
1202 1963 1204 1968 -

58 2045 166 2082 omncs
190 2027 298 2101 passim
324 2028 522 2101 compleverat
542 2030 622 2099 vias,
657 2029 707 2086 sed
736 2045 844 2101 pecora
873 2048 989 2102 quoque
1018 2048 1078 2103 pree
1099 2049 1130 2086 sc

58 2143 195 2204 agrestes
218 2131 353 2206 agebant,
376 2143 407 2187 ut
428 2133 550 2206 relinqui
565 2134 663 2191 subito
676 2132 813 2190 Africam
831 2133 951 2192 diceres.
1001 2134 1159 2192 Urbibusl

60 2256 137 2292 vero
159 2237 229 2311 ipsis
251 2237 408 2306 maiorem,
445 2257 532 2310 quam
556 2238 641 2312 quem
664 2256 760 2295 secum
785 2238 957 2308 attulerant,
990 2249 1129 2295 terrorem

60 2341 243 2412 inferebant3
279 2343 423 2417 praecipue
458 2341 645 2416 Carthaginis
676 2362 768 2417 prope
801 2352 834 2399 ut
869 2356 962 2418 captae
992 2345 1131 2401 tumultus

59 2447 128 2505 fuit.
177 2448 255 2505 Nam
277 2459 345 2522 post
365 2449 406 2503 M.
429 2447 551 2504 Atilium
575 2449 711 2522 Regulam
734 2459 760 2504 ct
780 2449 817 2505 L.
835 2450 973 2506 Manlium
988 2448 1161 2519 consules,5

62 2553 149 2608 annis
172 2573 263 2628 prope
293 2552 518 2627 quinquaginta,
541 2553 648 2610 nullum
677 2555 841 2612 Romanum
870 2555 1026 2611 exercitum
1050 2555 1130 2611 vide-

60 2667 132 2713 rant
175 2669 279 2733 praeter
321 2656 511 2731 praedatorias
556 2656 683 2725 classes,
729 2659 833 2732 quibus
876 2658 1058 2716 escensiones
1101 2661 1131 2717 in

61 2781 153 2835 agros
176 2763 261 2820 iactoe
282 2771 378 2831 erant,
412 2761 575 2836 raptisque,
607 2781 671 2834 quae
693 2762 782 2818 obvia
810 2760 871 2818 fors
892 2761 1018 2831 fecerat,
1051 2762 1161 2838 priusd

61 2885 213 2923 recursum
242 2886 357 2941 semper
385 2867 423 2922 ad
451 2884 557 2935 naves,
591 2884 678 2939 quam
709 2866 820 2923 clamor
842 2876 971 2940 agrestes
995 2869 1130 2936 conciret,

59 2971 171 3028 fuerat.
219 2973 265 3030 Eo
289 2971 383 3028 maior
400 2980 460 3026 tum
476 2968 547 3043 fuga
565 2988 717 3043 pavorque
735 2970 764 3025 in
781 2972 852 3026 urbe
869 2969 947 3027 fuit..
963 2972 1003 3027 Et
1014 2972 1130 3028 hercule
1145 2972 1160 3024 'l

62 3094 161 3150 neque
192 3078 334 3134 exercitus
362 3075 441 3131 domi
462 3073 577 3129 validus
605 3083 699 3148 neque
721 3075 796 3145 dux,
833 3094 918 3148 quem
941 3089 1129 3151 opponerent,

61 3191 138 3240 erat.
186 3182 357 3238 Hasdrubal
379 3178 518 3254 Gisgonis
541 3176 616 3234 filius
638 3198 757 3253 genere,
788 3181 883 3250 fama,
905 3179 1027 3251 divitiis,
1049 3184 1130 3256 regia

63 3297 126 3340 tum
150 3285 236 3342 etiam
263 3285 419 3353 affinitate,
441 3284 527 3357 longe
550 3284 660 3357 primus
684 3285 813 3341 civitatis
833 3296 910 3354 erat3
932 3287 983 3343 sed
1005 3306 1069 3344 eum
1092 3289 1161 3345 abss

62 3392 114 3447 illo
148 3391 283 3464 Scipione
321 3391 432 3464 aliquot
469 3389 578 3463 proeliis
624 3389 719 3446 fusum
742 3389 915 3464 pulsumque
936 3391 964 3446 in
987 3391 1131 3466 Hispania

65 3496 264 3565 meminerant,
286 3513 339 3550 nec
355 3494 448 3568 magis
461 3493 527 3548 duci
535 3495 682 3551 credebaut
692 3495 793 3552 ducem
810 3515 911 3569 parem
925 3514 1011 3568 quam
1024 3497 1129 3553 tumul·

64 3599 191 3656 tuarium
231 3600 389 3656 exercitum
430 3615 513 3652 strum
548 3600 683 3656 Romano
711 3600 850 3655 exercitui
886 3617 957 3660 esse.
1016 3602 1161 3674 Itaque,9

65 3704 145 3760 velut
173 3704 197 3759 si
220 3705 321 3760 urbem
350 3701 496 3776 extemplo
525 3721 717 3777 aggressurus
743 3703 842 3777 Scipio
871 3703 963 3774 foret,
999 3705 1041 3761 ita
1062 3724 1130 3762 con·

66 3811 221 3866 clamatum
254 3809 291 3864 ad
322 3825 404 3864 arma
434 3819 476 3862 est
511 3819 659 3882 portaeque
692 3809 799 3882 raptim
837 3809 942 3864 clausae
972 3819 1001 3864 et
1025 3810 1130 3866 armati

67 3915 95 3970 in
116 3913 206 3978 muris
228 3912 391 3986 vigiliaque
414 3922 442 3966 et
465 3912 604 3968 stationes
628 3913 783 3987 dispositae,
807 3932 840 3970 ac
865 3920 949 3970 nocte
970 3913 1132 3986 insequenti

67 4018 213 4093 vigilatum
240 4029 293 4077 est.
342 4019 465 4072 Postero
491 4016 631 4072 dienvilla
656 4017 776 4089 equites,
800 4018 978 4091 speculatum
999 4017 1038 4072 ad
1053 4036 1133 4072 mare
1149 4015 1186 4068 10

550 4121 553 4127 ’
900 4119 945 4168 14·
