2704 4552
170 1787 214 1856 24

219 297 220 304 ,
308 247 364 303 1⁴2
566 245 645 294 Liber
662 243 764 294 xxm.
801 244 847 309 (Δ.
860 257 884 294 n.
899 259 921 300 c.
936 243 1011 308 538.)

262 437 393 486 senatum
415 427 481 486 lecti
505 412 616 497 essent,
647 428 822 502 utquisque
847 445 947 485 eornm
974 429 1085 502 primus
1116 437 1235 486 creatus
1261 454 1294 475 ψ
1344 445 1347 481 i

232 536 323 592 btum
346 533 425 608 legit,
448 534 497 608 qui
519 533 625 604 aediles,
647 532 868 608 tribuniplebis
890 543 1085 608 quastooeme
1108 533 1246 603 inerant;
1274 558 1294 581 n
1344 531 1347 588 l

263 657 300 696 ex
321 639 366 708 iis,
389 639 439 714 qui
461 639 649 714 magistratus
671 657 726 694 aon
750 638 902 712 cepissent,
923 639 973 712 qui
989 639 1085 714 spolia
1105 657 1144 696 ex
1164 640 1253 696 hoste
1277 664 1300 689 o·
1346 658 1347 694 t

233 744 342 802 idomi
363 745 504 802 haberent
526 753 576 802 aut
603 743 724 802 civicam
748 761 886 800 coronam
909 743 1097 819 accepissent.
1146 746 1197 818 Ita
1220 763 1301 802 ceno
1344 765 1347 800 t

263 851 448 924 septuaginta
484 859 594 925 septem
631 866 696 906 cum
732 848 841 923 ingenti
874 851 1086 924 approbatione
1118 851 1269 908 hominum
1344 869 1347 906 t

263 964 393 1012 senatum
411 956 507 1024 lectis,
530 953 676 1030 extemplo
698 971 730 1010 se
754 955 925 1029 magistratu
949 955 1112 1026 abdicavit,
1141 957 1303 1031 privatuso
1345 975 1347 1012 t

233 1060 299 1122 8de
323 1060 425 1118 rostris
448 1060 604 1130 descendit,
633 1047 783 1116 lictoribus
804 1060 885 1117 abire
914 1061 1014 1132 iussis,
1041 1063 1195 1136 turbasque
1224 1080 1255 1118 se
1278 1061 1300 1107 ἰι
1346 1083 1347 1104 ÷

263 1163 378 1222 miscuit
400 1165 530 1239 privatas
552 1165 698 1241 agentium
720 1182 783 1234 res,
816 1174 930 1241 tempus
959 1168 1015 1224 hoc
1044 1166 1147 1224 sedulo
1168 1175 1274 1232 terens,
1343 1167 1347 1223 i

263 1270 423 1326 deducendi
445 1271 490 1328 sui
506 1286 595 1328 causa
608 1270 748 1345 populum
764 1271 800 1328 de
814 1270 879 1329 foro
895 1273 1061 1329 abduceret.
1106 1273 1218 1346 Neque
1238 1280 1298 1328 ten
1346 1299 1347 1302 ¹

264 1375 392 1450 elanguit
415 1392 486 1432 cura
506 1375 653 1433 hominum
686 1395 721 1433 ea
750 1395 851 1448 mora,
878 1375 1104 1452 frequentesque
1125 1395 1192 1436 eum
1217 1378 1318 1433 domn

234 1480 454 1538 ildednxerunt.
512 1479 622 1537 Consul
656 1492 741 1539 nocte
772 1483 934 1557 insequenti
970 1482 1008 1538 ad
1044 1481 1205 1539 exercitum
1262 1479 1301 1529 20'

263 1604 323 1642 non
355 1583 434 1643 facto
467 1587 590 1644 certiore
626 1597 742 1658 senatu,
780 1606 817 1644 ne
850 1587 1032 1645 comitiorum
1069 1604 1161 1644 causa
1197 1587 1229 1642 in
1268 1610 1300 1633 ¹·
1342 1613 1347 1648 t

263 1690 442 1750 retineretur.
1346 1701 1347 1754 t

347 1796 472 1854 Postero
495 1797 541 1854 die
563 1798 711 1854 consultus
742 1818 760 1856 a
787 1800 839 1856 Μ’.
871 1797 1036 1872 Pomponio
1060 1806 1187 1871 praetore
1215 1813 1299 1853 sena·
1346 1823 1347 1878 q

265 1902 401 1972 docrevit,
419 1901 552 1961 dictatori
574 1903 766 1974 scribendum,
787 1905 837 1974 uti,
859 1904 883 1960 si
898 1922 914 1959 e
929 1901 1093 1977 republica
1108 1911 1241 1958 censeret
1260 1915 1317 1963 essa
1344 1937 1347 1962 t

265 2009 303 2066 ad
330 2008 462 2065 consules
496 2009 698 2084 subrogandos
731 2009 842 2066 veniret
874 2027 940 2066 curn
971 2007 1111 2082 magistro
1142 2007 1271 2081 equitnm
1297 2009 1318 2058 ul
1344 2031 1347 2068 t

233 2115 388 2189 2praetore
416 2115 457 2170 M.
484 2113 639 2192 Marcello,
672 2121 702 2169 ut
729 2135 768 2172 ex
798 2115 834 2170 iis
864 2112 1052 2188 praesentibus
1086 2130 1209 2168 noscere
1236 2119 1317 2186 petru
1346 2149 1347 2172 1

266 2227 393 2294 possent,
427 2237 485 2292 quo
518 2227 594 2274 stat-u
626 2237 673 2276 res
706 2219 823 2295 publica
853 2229 945 2288 esset,
974 2218 1156 2292 consiliaque
1178 2237 1217 2274 ex
1248 2216 1316 2272 rebat
1346 2289 1347 2296 ἵ

266 2333 410 2398 caperent.
458 2322 515 2396 Qui
536 2324 620 2380 acciti
642 2334 738 2395 erant,
768 2343 868 2381 omnes
897 2334 1053 2393 venerunt,
1082 2323 1192 2380 relictis
1221 2318 1316 2395 lagois
1346 2393 1347 2398 ἵ

200 2470 203 2474 -
235 2428 316 2502 3qui
343 2428 505 2502 legionibus
534 2439 699 2503 praeessent.
746 2431 883 2487 Dictator
906 2430 942 2485 de
971 2449 1003 2486 se
1029 2447 1125 2504 panca
1153 2446 1190 2484 ac
1222 2424 1317 2483 modic

264 2534 392 2604 locutus,
423 2534 453 2590 in
485 2535 656 2610 magistrum
690 2536 829 2609 equitum'
851 2536 899 2594 Ti.
929 2534 1134 2610 Sempronium
1164 2533 1316 2592 Gracchum
1346 2539 1347 2546 ’

265 2657 402 2714 magnam
426 2647 539 2714 partem
561 2638 662 2714 glorias
692 2641 794 2710 vertit,
822 2642 999 2715 comitiaque
1027 2641 1132 2711 edixit,
1161 2639 1268 2713 quibus
1292 2634 1316 2688 b.

192 2777 193 2781 =
265 2743 435 2802 Postumius
458 2745 574 2801 tertium
599 2745 718 2814 absens,
741 2747 872 2819 quitum
895 2746 1024 2805 Galliam
1050 2745 1235 2822 provinciam
1258 2739 1317 2800 obli·

265 2849 361 2918 nebat,
383 2857 412 2905 et
431 2849 477 2909 Ti.
495 2843 684 2924 Sempronius
700 2849 861 2919 Gracchus,
888 2852 937 2926 qui
959 2859 1021 2908 turn
1043 2849 1184 2925 magister
1205 2847 1316 2922 equitum

130 2978 133 2983 ·
235 2956 294 3013 let
316 2953 405 3011 sedilis
428 2954 534 3012 curulia
556 2965 629 3042 erat,
650 2955 783 3012 consules
798 2965 940 3014 creantur.
983 2957 1130 3013 Praetores
1153 2954 1222 3010 inde
1246 2945 1317 3009 creati

242 3101 245 3116 .
265 3061 306 3116 M.
327 3059 463 3116 Valerius
479 3059 613 3117 Laevinus
628 3059 742 3129 iterum,
758 3063 838 3136 App.
854 3059 993 3119 Claudius
1009 3061 1145 3131 Pulcher,
1161 3059 1199 3132 Q.
1213 3057 1317 3116 Fulvius

235 3164 398 3234 bFlaccus,
421 3164 457 3237 Q.
482 3165 596 3222 Mucius
619 3165 760 3225 Scaevola.
809 3166 954 3236 Dictator,
977 3167 1081 3224 creatis
1104 3165 1319 3241 magistratibus.

265 3269 398 3325 Teanum
420 3269 450 3324 in
472 3268 593 3324 hiberna
615 3270 652 3326 ad
675 3271 831 3328 exercitum
853 3273 942 3343 redit,
964 3273 1064 3329 relicto
1087 3271 1231 3345 magistro
1253 3265 1318 3342 equi·

264 3382 325 3430 tum
346 3375 459 3443 Romae,
482 3373 540 3446 qui,
563 3393 650 3448 quum
676 3387 743 3450 post
762 3393 873 3450 paucos
900 3377 961 3435 dias
984 3377 1187 3453 magistratum
1210 3375 1320 3432 inituro

266 3487 351 3548 esset,
373 3477 409 3533 de
429 3479 601 3536 exercitibus
616 3481 773 3538 scribendis
789 3480 1051 3555 comparandisque
1065 3481 1095 3537 in
1110 3499 1219 3538 annum
1234 3489 1319 3556 patra

265 3583 435 3642 consuleret.

235 3690 251 3743 6
349 3689 444 3762 Quum
468 3707 509 3745 eae
535 3709 581 3747 res
607 3692 733 3749 maxime
756 3702 925 3768 agerentur,
952 3711 1031 3749 nova
1062 3692 1161 3748 clades
1190 3691 1319 3748 nuntiata

266 3793 352 3850 aliam
375 3813 462 3868 super
485 3794 572 3851 aliam
598 3796 762 3854 cumulante
784 3798 814 3854 in
836 3817 902 3855 eum
925 3815 1032 3854 annum
1055 3796 1191 3868 fortuna,
1212 3798 1246 3857 L.
1268 3797 1319 3852 Po·

265 3900 401 3956 stumium
424 3899 570 3956 consulem
586 3899 769 3974 designatum
791 3902 821 3959 in
836 3902 936 3961 Gallia
956 3903 1051 3978 ipsum
1067 3911 1157 3976 etque
1175 3902 1319 3959 exercitum

237 4004 385 4062 idelctos.
435 4003 517 4062 Silva
539 4016 602 4062 erat
622 4016 709 4064 vasta
730 4007 982 4079 (Litanam-Galli
1004 4007 1174 4084 vocabant),
1199 4026 1256 4082 qna
1278 4023 1318 4062 ex·
