2700 4426
394 134 471 186 Liber
488 125 589 190 XXVI.
631 136 675 200 (A.
689 133 737 186 ch.
754 138 828 200 211.)
1062 144 1100 198 27

77 335 152 385 rum,
175 315 211 388 Q.
235 317 331 374 Fabio
354 327 382 374 et
404 319 444 377 M.
467 319 624 400 Marcello,
647 330 690 390 et,
719 321 745 376 si
766 322 865 396 utique
886 340 993 379 novum
1017 322 1142 396 aliquem

80 420 220 477 adversus
242 424 351 480 Poenos
373 424 518 481 consulem
549 425 641 481 creari
661 426 777 495 vellent,
800 427 841 483 M.
865 427 984 484 Valerio
1006 429 1141 499 Laevin03

81 525 196 600 egregie
245 529 384 584 adversus
426 529 594 604 Philippum
638 549 736 604 regem
781 541 858 588 terra
903 532 1035 605 marique
1080 552 1141 589 rem

78 630 213 703 gessisse.
261 632 309 688 Ita
331 633 367 688 de
389 633 480 689 tribus
500 635 713 692 consultatione
732 637 810 707 data,
832 638 993 694 senioribus
1018 621 1142 693 dimissis
1159 642 1193 696 13
1234 631 1239 639 ”

78 734 206 791 iuniores
217 734 386 811 suffragium
399 739 506 799 ineunt.
542 741 583 800 M.
595 737 795 818 [Marcellum]
808 741 971 811 Claudium,
983 740 1140 815 fulgentem

78 850 139 896 tum
153 840 253 898 Sicilia
272 843 391 914 domita,
414 852 443 900 et
457 846 499 900 M.
512 844 662 901 Valerium
686 846 820 902 absentes
845 846 976 903 consules
999 847 1141 905 dixerunt.

77 945 292 1002 Auctoritatem
303 947 504 1020 praerogativa
519 967 619 1006 omnes
632 949 767 1005 centuriae
782 958 887 1006 secutae
897 960 971 1007 sunt.
1015 951 1142 1008 Eludant
1159 957 1192 1010 ll

77 1068 154 1107 nunc
176 1050 296 1124 antiqua
317 1051 470 1120 mirantes;
501 1072 560 1110 non
582 1055 729 1128 equidem,
762 1054 787 1110 si
820 1073 878 1128 qua
904 1056 941 1112 sit
969 1058 1141 1131 sapientium

78 1155 190 1227 civitas,
214 1175 300 1230 quam
324 1156 401 1213 docti
422 1158 534 1232 fingunt
555 1159 649 1233 magis
671 1178 759 1233 quam
782 1168 901 1230 norunt,
926 1170 977 1218 aut
997 1163 1142 1237 principes

77 1261 229 1334 graviores
251 1263 548 1336 temperantioresque
571 1282 589 1320 a
610 1264 743 1339 cupidine
765 1264 879 1339 imperii
906 1274 957 1322 aut
984 1266 1141 1323 multitudi-

35 1391 36 1394 ¹
77 1385 143 1422 111111
166 1366 267 1422 melius
289 1375 432 1423 moratam
464 1386 596 1425 censeam
624 1369 687 1427 fieri
717 1388 812 1443 posse.
874 1368 1041 1427 Centuriam
1071 1390 1141 1428 vero
1158 1377 1192 1431 15
1289 1428 1291 1433 ,

76 1471 221 1528 iuniorum
243 1470 371 1527 seniores
393 1471 542 1529 consulere
557 1473 692 1543 voluisse,
715 1474 819 1547 quibus
833 1474 985 1550 imperium
1001 1474 1141 1550 suffragio

77 1577 239 1646 mandaret,
261 1577 312 1632 vix
328 1586 359 1633 ut
373 1577 435 1632 veri
449 1577 541 1634 simile
563 1579 608 1648 sit,
635 1579 797 1654 parentium
820 1598 936 1654 quoque
957 1582 1013 1637 hoc
1035 1581 1140 1638 saeculo

76 1682 142 1739 vilis
163 1681 294 1756 levisque
316 1683 394 1755 apud
415 1682 522 1739 liberos
544 1683 702 1739 auctoritas
725 1683 802 1741 iecit.
1131 1678 1136 1688 ’

160 1785 304 1844 Praetoria
335 1787 401 1844 inde
431 1787 548 1844 comitia
575 1789 685 1844 habita.
731 1792 766 1846 P.
788 1789 916 1846 Manlius
938 1790 1032 1846 Vulso
1055 1801 1083 1846 et
1105 1792 1138 1847 L.
1190 1782 1234 1851 23
1274 1777 1280 1784 ’

76 1892 204 1948 Manlius
227 1892 369 1948 Acidinus
392 1901 420 1948 et
435 1891 468 1949 O.
484 1893 626 1949 Laetorius
649 1904 678 1949 et
692 1895 726 1949 L.
742 1893 858 1951 Cincius
869 1895 1033 1953 Alimentus
1050 1895 1140 1951 creati

75 2007 152 2057 sunt.
174 2046 177 2051 .
202 1998 293 2053 Forte
313 1997 355 2053 ita
379 1997 494 2066 incidit,
524 2007 556 2053 ut
578 1999 701 2054 comitiis
722 1998 857 2073 perfectis
881 1999 1075 2068 nuntiaretur,
1100 1999 1169 2058 T.2

76 2100 243 2171 Otacilium,
267 2119 351 2174 quem
367 2103 405 2160 T.
420 2102 542 2171 Manlio,
563 2103 619 2159 nisi
639 2104 838 2178 interpellatus
864 2105 936 2161 ordo
958 2104 1138 2160 comitiorum

75 2207 168 2277 esset',
201 2207 342 2280 collegam
377 2207 524 2262 absentem
553 2208 677 2264 ‘daturus
707 2207 797 2266 fuisse
824 2211 979 2267 videbatur
1004 2208 1139 2283 populus,

75 2320 221 2368 mortuum
250 2312 281 2368 in
309 2312 408 2370 Sicilia
435 2329 506 2369 esse.
567 2314 643 2370 Ludi
664 2313 851 2388 Apollinares
879 2326 907 2372 et
924 2315 1032 2389 priore
1063 2315 1169 2370 anno3

75 2417 191 2474 fuerant
220 2426 265 2487 et,
297 2436 332 2474 eo
355 2436 431 2473 anno
460 2425 492 2473 ut
521 2417 632 2485 fierent,
659 2417 801 2476 referente
823 2419 982 2494 Calpurnio
1007 2428 1139 2493 praetore,

75 2532 193 2579 senatus
218 2523 359 2592 decrevit,
391 2530 423 2578 ut
444 2524 474 2577 in
495 2533 665 2597 perpetuum
686 2534 868 2584 voverentur.
927 2524 1041 2580 Eodem
1064 2528 1170 2581 annot

74 2627 212 2703 prodigia
244 2627 355 2700 aliquot
387 2628 452 2683 visa
480 2629 670 2703 nuntiataque
692 2640 767 2689 sunt.
825 2631 861 2687 In
883 2629 944 2685 aede
970 2628 1140 2686 Concordiae

76 2733 225 2803 Victoria,
260 2750 324 2806 quae
345 2732 375 2789 in
399 2733 522 2790 culmine
549 2744 625 2802 erat,
658 2733 777 2790 fulmine
809 2733 876 2791 icta.
895 2733 1075 2806 decussaque
1103 2733 1140 2788 ad

75 2838 241 2909 Victorias,
276 2856 339 2912 quae
360 2839 389 2894 in
412 2839 544 2894 antefixis
569 2846 665 2907 erant,
693 2839 777 2894 haesit
798 2857 892 2911 neque
913 2838 979 2894 inde
1000 2836 1139 2911 procidit3

75 2951 104 2998 et
128 2943 273 3016 Anagniae
294 2951 323 2998 et
344 2942 485 3017 Fregellis
506 2942 668 2999 nuntiatum
698 2953 740 2999 est
768 2961 881 2999 murum
915 2951 1075 3017 portasque
1104 2941 1169 2996 de5

75 3048 144 3106 caelo
179 3057 288 3118 tactae,
320 3055 348 3103 et
377 3047 407 3102 in
435 3045 501 3103 foro
524 3046 688 3104 Subertano
710 3048 857 3122 sanguinis
879 3048 958 3104 rivos
987 3066 1039 3122 per
1063 3046 1139 3102 diem

74 3163 167 3211 totum
190 3153 323 3222 fluxisse,
355 3160 383 3207 et
404 3152 486 3208 Ereti
514 3150 659 3225 lapidibus
691 3153 833 3228 pluvisse,
847 3162 895 3208 ·et
915 3154 1008 3210 Reate
1030 3152 1138 3208 mulam

74 3259 230 3333 peperisse.
279 3258 326 3313 Ea
350 3256 484 3331 prodigia
508 3255 610 3310 hostiis
632 3256 792 3314 maioribus
815 3267 882 3314 sunt
906 3266 1078 3333 procurata,
1112 3257 1169 3313 etd

75 3364 239 3421 obsecrat-io
260 3362 290 3417 in
313 3380 400 3417 unum
423 3361 498 3417 diem
520 3360 629 3434 populo
643 3360 753 3419 indicta
775 3372 803 3418 et
822 3363 995 3419 novendiale
1016 3379 1138 3418 sacrum.

76 3467 251 3525 Sacerdotes
277 3465 384 3540 publici
418 3466 530 3539 aliquot
563 3484 597 3522 eo
631 3485 707 3522 anno
739 3469 882 3524 demortui
915 3477 982 3524 sunt
1013 3467 1167 3541 novique7

74 3570 202 3628 suffecti:
234 3572 265 3627 in
294 3571 389 3628 locum
417 3571 468 3627 Μ’.
497 3569 612 3626 AEmilii
640 3571 776 3628 Numidae
806 3572 960 3629 decemviri
990 3588 1139 3628 sacrorum

74 3677 115 3735 M.
138 3676 278 3733 AEmilius
301 3676 445 3751 Lepidus,
477 3677 507 3732 iu
535 3676 631 3732 locum
653 3677 694 3732 M.
718 3676 875 3750 Pomponii
896 3676 1045 3732 Mathonis
1067 3694 1139 3750 pou-

73 3783 158 3839 tificis
181 3780 213 3840 0.
235 3781 353 3852 Livius,
385 3781 415 3836 in
444 3780 540 3836 locum
570 3780 621 3855 Sp.
645 3779 765 3838 Carvilii
792 3782 916 3838 Maximi
948 3780 1066 3855 auguris
1095 3780 1137 3836 M.

74 3888 226 3946 Servilius.
274 3888 311 3943 T.
334 3886 474 3944 Otacilius
503 3884 627 3943 Crassus
659 3885 790 3960 pontifex
824 3887 893 3960 quia
925 3896 1028 3944 exacto
1063 3882 1170 3942 anno8
