2704 4552
244 241 247 250 “
312 259 369 314 114
576 253 654 304 usse
672 251 772 306 xxm.
809 251 1022 316 (nausea)

268 442 360 499 Poeno
383 438 622 510 exercitibusque,
644 454 697 512 per
713 453 786 510 ques
808 435 839 492 id
859 436 964 493 bellum
987 443 1148 511 gereretur,
1169 434 1320 492 comultau·

238 546 337 602 5dum
360 552 448 618 atque
469 541 648 618 agitandum.
697 543 766 616 Ipse
786 541 922 616 primum,
947 540 1015 616 quid
1036 539 1320 617 peditum'equitun·

267 667 332 726 que,
356 649 425 724 quid
446 647 568 718 civium,
601 647 671 722 quid
702 645 847 704 sociorum
873 646 903 702 iu
925 647 1052 704 exercitu
1075 649 1154 703 esset
1174 643 1320 705 monteria

266 755 415 825 disseruit3
438 762 498 811 tum
524 751 681 810 Marcellus
702 767 820 808 suarum
847 751 996 826 copiarum
1018 770 1163 810 summam
1190 749 1320 826 exposuit

236 861 343 935 tQuid
365 861 395 916 iu
416 858 527 934 Apulia
548 877 613 917 cum
638 855 672 919 C.
692 857 830 914 Terentio
845 857 963 914 consula
984 864 1068 926 esset,
1091 875 1110 913 a
1131 856 1238 932 peritis
1261 871 1321 930 qua·

266 966 351 1024 situm
367 967 432 1035 est,
460 983 522 1035 nse,
550 965 625 1020 unde
650 963 708 1020 duo
730 961 897 1020 consulares
926 961 1070 1019 exercitus
1092 963 1167 1020 satis
1197 961 1275 1020 fimi
1293 961 1320 1018 ad

265 1079 377 1128 tantum
399 1069 515 1128 ‘bellum
545 1067 744 1137 efficerentur,
767 1065 900 1138 vinibatur
920 1066 1005 1124 ratio.
1056 1068 1163 1142 Itaque
1192 1067 1318 1127 Galliam.

266 1193 432 1250 quanquam
455 1174 624 1234 stimulabat
644 1173 721 1230 iusta
741 1173 801 1242 ira,
832 1173 925 1230 omitti
947 1191 982 1230 eo
1005 1190 1082 1229 anuo
1104 1173 1231 1248 placuit.
1273 1173 1319 1228 Ex·

236 1282 251 1334 1
266 1281 371 1338 arcitus
383 1281 535 1346 ,dictatoris
550 1278 660 1338 consuli
675 1278 807 1335 decretus
822 1286 874 1336 est.
923 1278 971 1335 De
986 1277 1115 1334 exercitu
1129 1277 1173 1335 M.
1190 1275 1319 1335 Marcelli.

266 1384 316 1458 qui
346 1403 445 1442 eorum
476 1405 513 1443 ex
537 1385 610 1461 luga
633 1383 778 1442 Cannensi
800 1391 909 1453 assent,
937 1382 968 1438 iu
991 1381 1121 1441 Siciliam
1145 1401 1198 1440 eos
1222 1378 1319 1440 madoci

234 1491 354 1564 Satque
375 1491 415 1547 ibi
436 1493 569 1561 militare,
592 1491 684 1546 donec
705 1493 733 1546 in
753 1488 841 1546 Italia
863 1487 969 1546 bellum
992 1496 1077 1556 esset,
1100 1490 1224 1564 placuit.
1271 1489 1318 1545 uo

266 1595 331 1651 dem
361 1613 397 1651 ex
421 1595 570 1654 dictatoris
598 1595 760 1670 legionibus
792 1593 872 1650 reiici
901 1593 1019 1650 militem
1048 1594 1161 1652 minimi
1187 1611 1319 1669 quemque

265 1700 388 1771 roboris,
403 1701 482 1758 nullo
497 1701 658 1777 prestituto
673 1699 781 1757 militia
796 1708 934 1772 tempore,
949 1697 1004 1755 nisi
1027 1699 1106 1773 quod
1121 1699 1317 1775 stipendiorum

235 1803 459 1880 illegitimarum
482 1815 566 1868 esset.
616 1807 691 1864 Duae
718 1805 848 1880 legiones
874 1805 994 1861 urbanae
1015 1803 1097 1860 alteri
1124 1805 1257 1875 consuli,
1283 1801 1318 1876 qui

265 1911 410 1969 inlocum
433 1912 468 1968 L.
492 1912 637 1970 Postumii
665 1909 803 1968 suffectus
826 1916 910 1980 esset,
940 1908 1062 1965 decreta
1084 1919 1170 1982 sunt,
1199 1925 1317 1982 eumque

215 2015 251 2070 10
266 2035 353 2091 quum
376 2018 501 2092 primum
522 2018 617 2075 salvis
627 2014 762 2091 auspiciis
777 2024 884 2090 posset,
907 2014 1000 2071 creari
1020 2014 1140 2088 placuit.
1187 2015 1317 2091 Legiones

264 2130 404 2195 praterea
426 2123 498 2181 duas
520 2123 614 2198 primo
637 2140 754 2197 quoque
776 2131 907 2194 tempore
929 2137 966 2176 ex
988 2099 1087 2178 Sicilia
1113 2120 1213 2193 acciri,
1246 2130 1317 2194 atque

264 2226 331 2283 inde
353 2227 509 2299 consulem,
532 2229 578 2285 cui
599 2228 728 2303 legiones
743 2227 861 2284 urbauae
877 2225 1048 2296 evenissent,
1071 2225 1196 2283 militum
1219 2242 1316 2282 sumere

216 2330 249 2385 11
266 2340 404 2408 quantum
428 2351 501 2406 opus
516 2342 601 2394 esset.
645 2332 678 2393 C.
701 2316 840 2389 Terentio
861 2331 972 2388 consuli
992 2332 1148 2406 prorogari
1169 2332 1202 2388 iu
1225 2347 1315 2388 anuum

263 2436 416 2510 imperium
447 2453 541 2511 neque
562 2438 599 2494 de
620 2457 654 2494 eo
678 2437 823 2507 exercitu,
854 2455 939 2511 quem
962 2437 999 2494 ad
1021 2435 1189 2512 praesidium
1217 2435 1316 2512 Apulia

264 2541 393 2611 haberet,
415 2522 570 2616 quicquam
593 2542 709 2624 minui⁸¹

170 2645 215 2714 26
347 2647 427 2704 Dum
449 2648 510 2704 haec
528 2648 558 2704 in
579 2648 666 2705 Italia
680 2655 820 2723 geruntur
834 2653 1079 2722 apparanturque,
1100 2645 1193 2704 nihilo
1216 2645 1316 2722 segnius

263 2750 292 2806 in
315 2750 460 2825 Hispania
482 2753 589 2811 bellum
611 2763 688 2825 erat,
718 2753 769 2809 sed
794 2753 832 2810 ad
854 2759 919 2808 aem
943 2750 1019 2809 diem
1043 2753 1137 2828 magia
1157 2769 1317 2830 prosperum

234 2839 415 2920 2Iiomanis.
463 2851 504 2918 P.'
523 2867 551 2915 et
574 2857 626 2916 Cu.
650 2851 834 2932 Scipionibus
862 2858 937 2915 iuter
961 2875 993 2914 se
1019 2857 1135 2932 partitis
1158 2860 1277 2935 copias,
1295 2863 1317 2911 ut

266 2960 375 3035 Gnaeus
402 2971 494 3035 terra,
519 2964 641 3022 Publius
664 2964 788 3020 navibus
811 2981 871 3020 rem
894 2973 1024 3038 gereret,
1057 2964 1240 3036 Hasdrubal,
1264 2966 1318 3022 Pc-

265 3085 367 3124 norum
389 3069 563 3144 imperator,
590 3069 685 3126 neutri
705 3067 782 3144 parti
802 3069 906 3125 virium
929 3069 1000 3126 satis
1021 3070 1128 3140 fidens,
1160 3072 1266 3146 procul
1292 3069 1318 3124 ab

264 3173 348 3230 hoste
369 3174 523 3232 intervallo
538 3157 580 3232 ac
599 3175 670 3232 locis
701 3183 779 3230 tutus
805 3174 922 3230 tenebat
946 3192 992 3246 se,
1020 3175 1119 3248 quoad
1148 3177 1272 3232 multum
1294 3189 1318 3230 ac

265 3281 313 3338 diu
338 3281 494 3338 obtestanti
516 3288 654 3354 quattuor
682 3279 772 3337 millia
798 3279 937 3354 peditum,
962 3279 1175 3354 mille'equites
1202 3281 1234 3338 iu
1263 3300 1318 3355 sup·

235 3387 439 3462 3plementum
462 3383 541 3441 missi
562 3402 599 3440 ex
613 3381 725 3442 'Africa
756 3393 831 3442 suut.
879 3385 957 3441 Tum
988 3384 1098 3442 reiecta
1126 3379 1246 3444 taudem
1270 3403 1317 3461 spe.

264 3497 360 3546 castra
381 3489 501 3564 propius
523 3490 635 3545 hostem
660 3490 760 3560 movit,
782 3489 963 3564 classemque
984 3500 1013 3546 et
1033 3490 1096 3566 ipse
1116 3491 1222 3548 instrui
1243 3510 1317 3567 para·

233 3594 346 3667 trique
378 3593 458 3650 iubet
487 3594 524 3652 ed
556 3594 665 3652 insulas
694 3593 928 3668 maritimamque
956 3615 1038 3654 oram
1070 3597 1234 3653 tutandam.
1293 3597 1318 3653 Iu

263 3697 327 3772 ipso
349 3697 457 3772 impetu
480 3700 688 3756 movendarum
711 3699 746 3755 de
767 3699 880 3775 integro
902 3713 998 3757 rerum
1021 3701 1144 3776 perculit
1166 3721 1233 3759 eum
1255 3719 1318 3776 pra

266 3800 407 3859 factorum
429 3805 546 3862 navium
569 3804 711 3874 transitio,
738 3805 787 3877 qui
811 3814 878 3879 post
901 3806 1022 3864 classem
1046 3807 1084 3864 ad
1105 3805 1249 3863 Hiberum
1275 3825 1318 3881 per

264 3925 405 3981 pavorem
443 3909 585 3968 desertam
622 3910 751 3984 gra'viter
783 3909 922 3984 increpiti¹
945 3925 1094 3985 nunquam
1121 3911 1227 3968 deinde
1258 3911 1318 3968 satis

234 4011 313 4068 5fidi
346 4021 396 4069 aut
424 4014 490 4070 duci
518 4023 567 4070 aut
588 4012 869 4087 Carthaginiensium
899 4017 986 4072 rebus
1013 4015 1137 4072 fuerant.
1187 4019 1318 4074 Fecerant
