2674 4542
317 259 375 318 ¹00
583 251 661 303 Liber
677 251 779 306 XXIV.
816 250 864 312 (Δ.
878 265 944 305 aa.
958 251 1031 314 een).

272 437 393 498 Graecos
424 436 529 513 pudori
557 445 615 505 est,
647 454 684 492 ea
712 434 910 504 deformabat3
942 434 1043 508 itaque
1078 433 1178 490 fidem
1207 432 1281 506 poti·

272 553 363 612 ratus,
399 559 488 616 quam
521 541 623 617 patrica
644 540 787 608 debebat,
821 538 956 596 indiciam
995 540 1032 595 ed
1064 547 1214 613 praetores
1247 536 1283 591 da

242 647 331 721 iQni
357 643 407 706 ribi
435 664 497 704 rem
524 646 604 702 hand
632 662 740 701 vanam
770 661 834 701 essa
868 644 953 701 certis
982 642 1098 700 indiciis
1134 661 1296 718 compare

272 752 411 810 consultis
440 750 601 808 senioribus
637 759 666 808 et
701 749 873 807 auctoritate
900 767 999 806 eorum
1028 748 1173 825 praesidio
1206 749 1247 805 ad
1270 746 1291 804 f·

271 857 385 935 posito,
421 855 567 931 ingressos
604 854 713 912 cumam
750 853 930 911 Themistum
969 862 1059 927 atque
1091 853 1277 910 Andranod·

242 959 492 1030 iinterfecerunt3
526 968 555 1016 et
585 978 673 1034 quum
706 957 844 1016 turnultus
882 958 920 1014 ab
951 977 983 1014 re
1010 958 1040 1014 in
1075 958 1211 1033 speciem
1254 982 1297 1007 ω

273 1083 391 1124 cansam
415 1065 479 1122 aliis
500 1063 716 1138 ignorantibus,
743 1071 824 1120 ortus
849 1070 938 1148 esset,
967 1063 1083 1120 silentio
1118 1064 1244 1120 tandem
1269 1063 1287 1118 i.

243 1171 395 1229 diudicem
418 1171 447 1228 in
477 1169 587 1226 curiam
617 1167 849 1229 introduxerunt.
904 1145 962 1241 Qui
989 1186 1079 1242 qnnm
1112 1169 1222 1226 ordina
1257 1194 1294 1217 sa

218 1247 230 1266 ο
274 1275 449 1334 edocuisset:
486 1273 658 1350 principium
701 1271 907 1332 coniurationis
942 1272 1052 1330 facturn
1093 1277 1136 1331 ab
1178 1275 1296 1331 Herna

243 1379 483 1440 7Ge10nisfiliae
504 1378 626 1453 nuptiis,
659 1377 763 1450 quibus
785 1377 936 1434 Themisto
958 1377 1056 1434 iuncta
1079 1389 1178 1448 esset3
1205 1379 1280 1438 Afro

273 1485 532 1558 Hispanorumque
571 1481 727 1538 auxiliares
769 1480 926 1538 instructos
963 1483 1001 1539 ad
1037 1483 1150 1540 caedem
1190 1493 1297 1559 praeto

273 1587 494 1664 principumque
516 1587 650 1656 aliorum,
671 1587 806 1658 bonaque
833 1603 932 1643 eorum
955 1588 1060 1662 praeda
1084 1587 1192 1644 futura
1213 1590 1265 1645 in·

244 1693 384 1751 8toribus
412 1692 645 1769 pronuntiatum
675 1690 734 1746 iam
757 1693 1000 1750 mercenariorum
1022 1711 1164 1762 manum,
1199 1711 1296 1750 essm

222 1801 226 1808 '
274 1797 402 1873 imperiis
417 1795 635 1865 Andranodori,
656 1805 791 1870 paratam
813 1795 903 1864 inisse
924 1797 962 1853 ad
975 1796 1108 1854 Insulam
1129 1817 1238 1856 rursus
1264 1826 1297 1847 n»

274 1903 402 1980 pandam
419 1934 452 1942 --
474 1901 588 1977 singula
602 1900 715 1970 deinde,
737 1920 801 1975 quae
825 1919 878 1977 per
892 1919 1023 1975 quosque
1045 1913 1218 1976 agerentur,
1240 1915 1293 1961 tota

276 2029 331 2084 que
353 2008 423 2065 viris
447 2007 595 2080 armisque
624 2005 794 2064 instructam
822 2006 1050 2065 coniurationem
1073 2016 1145 2065 ante
1168 2011 1295 2066 oculos·

274 2113 339 2171 suit.
392 2112 432 2170 Et
460 2109 573 2166 senatui
606 2109 720 2183 quidem
751 2118 812 2166 tarn
840 2109 903 2166 iure
931 2111 997 2168 cresi
1024 2131 1114 2186 qnam
1143 2113 1293 2170 Hieron·

170 2221 175 2228 '
244 2217 461 2284 dridebantun
491 2225 558 2271 ante
585 2214 694 2272 curiam
721 2214 810 2271 varia
835 2223 922 2288 atque
947 2216 1063 2273 incertae
1091 2237 1194 2276 rernm
1218 2219 1290 2276 mnl'

274 2321 356 2379 dinis
382 2320 493 2378 clamor
523 2327 595 2376 erat.
647 2317 744 2390 Quam
770 2317 907 2376 ferociter
934 2321 1115 2379 minitantem
1145 2324 1179 2380 in
1201 2325 1296 2382 vestib

274 2429 360 2486 aurire
385 2443 511 2501 corpora
532 2422 747 2484 coniuratorum
770 2442 806 2480 eo
830 2433 907 2482 metu
930 2437 1185 2500 compresserunt,
1206 2441 1239 2485 nt
1257 2429 1294 2483 sil

224 2533 260 2588 10
273 2541 317 2590 tes
338 2533 480 2607 integram
495 2529 609 2604 plebem
631 2527 661 2584 in
676 2529 838 2586 contionem
860 2537 1058 2603 sequerentur.
1105 2530 1238 2606 Sopatro
1259 2553 1289 2588 m2

176 2630 223 2700 25
273 2638 372 2696 datum
395 2637 432 2693 ab
455 2642 557 2692 senatu
579 2641 608 2690 et
629 2651 647 2688 a
668 2634 797 2709 collegis,
819 2643 852 2691 ut
873 2635 964 2692 verba
981 2631 1102 2695 facerat.
1147 2638 1182 2696 Is
1204 2649 1297 2712 temp

273 2760 339 2800 reos
361 2750 474 2816 ageret,
497 2740 535 2797 ab
558 2746 707 2796 anteacta
728 2738 798 2794 vita·
811 2756 904 2808 orsus,
926 2757 1106 2813 quaeeunque
1121 2753 1193 2815 post
1207 2743 1297 2800 Hiero

273 2855 395 2904 mortem
418 2844 537 2903 sceleste
559 2852 647 2918 atque
667 2843 756 2918 impie
777 2842 856 2900 iacta
885 2851 994 2913 assent,
1023 2845 1270 2904 Andranodorum

232 2955 259 3026 ι2
273 2952 455 3010 Themistum
482 2948 577 3024 arguit
605 2946 718 3007 fecisse.
773 2949 850 3021 Quid
877 2949 951 3006 enim
980 2957 1034 3006 sua
1060 2961 1167 3025 sponte
1194 2951 1294 3008 Hieron

272 3075 360 3126 mum,
388 3073 509 3129 puerum
533 3071 567 3109 ac
588 3051 707 3108 vixdum
729 3054 947 3129 pubescentem,
975 3053 1074 3112 facere
1095 3055 1245 3130 potuisse?
1272 3053 1293 3110 Τ

273 3169 350 3218 tores
373 3177 408 3216 ae
436 3158 592 3232 magistros
622 3157 682 3214 eius
706 3158 761 3213 sub
788 3157 883 3214 aliena
908 3159 1018 3215 invidia
1039 3178 1191 3235 regnasse.
1232 3161 1297 3230 Itsq

272 3271 323 3320 aut
351 3270 418 3318 ante
451 3261 661 3336 Hieronymum
690 3271 740 3318 aut
766 3271 843 3318 certe
870 3281 934 3320 cum
964 3264 1149 3340 Hieronymo
1168 3265 1288 3339 perire

242 3365 415 3426 3debuisse.
462 3368 506 3423 At
526 3366 602 3437 illos,
624 3365 737 3423 debitos
750 3365 808 3422 iam
825 3369 912 3425 morti
933 3370 1161 3446 destinatosque,
1183 3370 1243 3425 alia
1255 3386 1286 3424 no

272 3471 382 3528 scelera
414 3479 481 3544 post
510 3479 631 3527 mortem
659 3470 774 3546 tyranni
807 3472 937 3543 molitos,
969 3476 1068 3550 palam
1101 3474 1213 3552 primo,
1247 3491 1294 3546 qna

270 3575 377 3632 clausis
392 3574 626 3632 Andranodorus
649 3575 755 3632 Insulae
776 3577 868 3649 portis
889 3579 1078 3636 hereditatem
1099 3580 1180 3654 regni
1213 3597 1284 3636 orer·
1306 3584 1307 3587 ’

241 3686 309 3749 tet,
332 3697 396 3753 quae
416 3689 589 3754 procurator
609 3689 757 3749 tenuerat,
787 3699 840 3754 pro
862 3681 979 3740 domino
1002 3685 1174 3758 possederit;
1202 3683 1297 3760 prodit

272 3785 377 3840 deinde
398 3785 435 3840 ab
459 3785 515 3853 sis,
538 3785 588 3860 qni
612 3785 642 3842 in
665 3784 765 3842 Insula
788 3795 885 3854 erant,
909 3787 1115 3846 circumsessus
1138 3792 1174 3846 ab
1196 3790 1297 3846 unire

271 3888 397 3957 civitate,
420 3907 484 3962 qnae
508 3890 706 3947 Achradinam
729 3889 869 3958 tennerit,
898 3893 1091 3968 nequicquam
1119 3895 1215 3969 palam
1242 3903 1285 3964 atq

241 3998 371 4066 asper-ta
391 3992 512 4066 petitum
535 4010 654 4066 regnum
677 3993 752 4050 clam
777 4004 806 4050 et
826 3995 895 4052 dolo
917 3994 1055 4056 affectare
1084 4008 1203 4057 conatus
1223 3999 1269 4060 sit.
1294 4020 1297 4043 ι
