2700 4426
383 167 561 221 Liuerxxx.
598 170 645 230 (A.
662 168 710 223 ch.
724 169 797 230 soa.)
1017 173 1076 228 229

53 371 95 408 an
118 370 154 407 ex
176 351 369 426 trepidatione
391 361 533 408 nocturna
555 362 645 421 esset,
679 352 806 409 confusis
837 370 952 409 sensum
974 353 1034 409 vari
1058 352 1120 410 adi·

56 456 164 512 mebat.
212 455 305 529 Igitur
325 475 379 530 pro
401 474 433 512 se
455 457 578 530 quisque
599 457 733 526 inermes,
754 469 785 514 ut
809 457 912 531 quibus
935 459 1004 513 nihil
1016 457 1152 515 hostile3

28 555 31 559 ⁴
54 567 222 634 suspectum
246 569 337 629 esset,
365 560 498 617 omnibus
520 562 628 636 portis,
656 581 715 637 qua
736 563 839 637 cuique
862 563 1027 638 proximum
1050 569 1137 632 eran

52 685 93 723 -ea
114 668 216 737 modo,
248 685 313 740 quae
332 666 537 740 restinguendo
559 667 619 742 igni
642 667 754 737 forent,
776 677 942 742 portantes,
963 668 993 724 in
1016 687 1120 743 agmen

57 774 221 830 Romanum
260 772 391 830 ruebant.
461 769 573 843 Quibus
614 773 694 830 eaesis
731 773 881 843 omnibus,
924 777 1150 847 praeterquam

55 875 157 933 hostili
178 876 261 943 odio,
282 876 369 932 etiam
392 895 429 931 ne
451 876 515 949 quis
537 879 652 934 nuntius
675 878 831 954 effugeret,
853 861 998 953 extemplo
1022 879 1120 953 Scipio

56 981 203 1055 neglectas
236 992 267 1038 ut
294 981 323 1036 in
355 981 405 1037 tali
439 982 561 1039 tumultu
594 994 695 1057 portas
727 984 852 1054 invadit3
890 982 1063 1057 ignibusque
1091 983 1152 1040 ino

56 1086 192 1160 proxima
219 1095 296 1142 tecta
324 1087 474 1154 coniectis,
512 1080 612 1143 effusa
634 1089 753 1145 flamma
782 1088 877 1162 primo
907 1088 986 1144 velut
1000 1106 1120 1162 “sparso

52 1194 155 1247 semine
175 1192 305 1266 pluribus
327 1192 398 1248 locis
419 1191 539 1262 reluxit,
572 1193 637 1249 dein
673 1213 726 1268 per
758 1193 895 1249 continua
923 1211 1040 1268 serpens
1062 1212 1120 1249 uno

55 1305 175 1372 repente
197 1299 295 1354 omnia
316 1297 447 1354 incendio
469 1297 575 1356 hausit.
616 1298 753 1355 Ambusti
777 1298 908 1354 hominos
935 1299 1153 1372 iumentaqueb

55 1400 135 1457 foeda
156 1402 280 1476 primum
303 1403 389 1478 fuga,
411 1403 477 1459 dein
499 1413 596 1478 strage
618 1404 808 1461 obstruebant
832 1403 935 1459 itinera
956 1412 1117 1477 portarum.

53 1507 138 1578 Quos
168 1527 226 1563 non
248 1519 433 1582 oppresserat
453 1509 543 1584 ignis,
574 1506 653 1566 ferro
679 1507 841 1582 absumpti,
875 1507 1001 1580 binaque
1023 1516 1119 1563 castra

53 1613 138 1668 clade
173 1632 230 1668 una
262 1613 366 1671 deleta.
425 1615 523 1670 Duces
551 1623 648 1671 tamen
678 1614 765 1670 ambo
798 1623 824 1669 et
856 1631 893 1668 ex
925 1622 968 1668 tot
995 1612 1151 1668 millibus?

53 1726 233 1774 armatorum
264 1719 321 1775 duo
353 1719 444 1776 millia
470 1720 597 1793 peditum
636 1730 664 1776 et
691 1719 838 1793 quingenti
871 1718 981 1791 equites
1009 1737 1120 1774 semer-

55 1841 131 1891 mes,
154 1841 261 1897 magna
285 1842 353 1897 pars
375 1823 466 1880 saucii
488 1822 637 1897 afflatique
660 1823 793 1882 incendio
816 1822 987 1898 effugerunt.
1037 1820 1152 1878 caesaa

53 1937 106 1984 aut
120 1929 226 1985 hausta
244 1929 367 1984 flammis
396 1929 589 2002 quadraginta
616 1927 709 1985 millia
737 1929 885 1987 hominum
909 1936 993 1996 sunt,
1032 1936 1118 1999 capta

54 2054 145 2109 supra
173 2035 299 2108 quinque
326 2034 430 2104 millia,
453 2033 534 2090 multi
574 2031 855 2109 Carthaginiensium
895 2031 1023 2101 nobiles,
1066 2048 1120 2085 un-

54 2141 149 2197 decim
182 2149 344 2209 senatores3
381 2140 464 2214 signa
496 2138 633 2194 militaria
665 2149 779 2196 centum
813 2137 998 2214 septuaginta
1037 2135 1154 2209 quat-9

54 2256 137 2318 tuor,
170 2246 236 2320 equi
265 2244 412 2301 Numidici
439 2262 528 2318 supra
555 2244 611 2300 duo
640 2244 730 2302 millia
751 2242 937 2319 septingenti3
976 2240 1120 2316 elephanti

54 2369 109 2407 sex
132 2351 218 2425 eapti,
241 2360 306 2406 octo
329 2349 407 2406 ferro
431 2351 606 2420 flammaque
627 2350 782 2424 absumpti.
826 2350 936 2423 Magna
956 2348 1000 2403 vis
1025 2365 1121 2403 armo-

55 2475 120 2511 rum
145 2463 246 2529 eapta3
270 2473 304 2510 ea
326 2455 422 2509 omnia
444 2455 604 2527 imperator
625 2455 759 2511 Vulcano
782 2464 898 2512 sacrata
918 2453 1053 2512 incendit.

142 2558 311 2614 Hasdrubal
333 2577 369 2612 ex
392 2556 462 2631 fuga
478 2577 542 2614 cum
564 2559 664 2632 paucis
680 2559 821 2615 Afrorum
837 2559 936 2614 urbem
955 2558 1117 2632 proximam
1177 2551 1198 2616 'l

58 2661 192 2734 petierat,
216 2679 307 2735 eoque
326 2679 434 2730 omnes,
456 2661 505 2733 qui
524 2673 702 2736 supererant,
724 2663 847 2737 vestigia
864 2663 945 2719 ducis
956 2671 1121 2736 sequentes,

58 2782 89 2818 se
123 2764 315 2833 contuleraut3
352 2774 430 2820 metu
466 2766 584 2835 deinde,
616 2785 653 2822 ne
683 2767 836 2823 dederetur
867 2766 1013 2842 Scipioni,
1050 2768 1122 2823 urbe

57 2868 200 2924 excessit:
239 2869 312 2925 Mox
335 2870 436 2926 eodem
461 2871 626 2944 patentibus
648 2871 739 2945 portis
761 2871 886 2929 Romani
909 2871 1036 2946 accepti,
1067 2871 1153 2927 nec2

56 2974 212 3047 quicquam
245 2974 367 3040 hostile,
404 2974 473 3048 quia
499 2974 649 3031 voluntat-e
677 2986 879 3033 concesserant
906 2977 936 3032 in
968 2976 1120 3043 dicionem,

57 3079 175 3134 factum.
223 3079 297 3134 Duae
325 3079 447 3135 subinde
475 3082 560 3137 urbes
590 3091 683 3155 captae
710 3081 895 3156 direptaque.
945 3083 992 3139 Ea
1021 3081 1122 3154 praeda

56 3194 86 3239 et
116 3201 179 3257 quae
209 3183 310 3238 castris
340 3183 464 3240 incensis
495 3204 531 3241 ex
558 3186 625 3260 igne
655 3195 741 3260 rapta
764 3197 842 3256 erat,
875 3187 957 3244 militi
981 3203 1119 3242 concessa

55 3297 110 3342 est.
159 3287 281 3362 Syphax
303 3297 377 3344 outo·
391 3288 511 3345 millium
532 3288 623 3346 ferme
645 3291 711 3348 inde
732 3293 826 3367 spatio
851 3293 916 3350 loco
939 3290 1116 3349 communito
1136 3289 1152 3342 3

58 3392 205 3461 consedit3
244 3393 413 3448 Hasdrubal
446 3394 653 3470 Carthaginem
686 3397 848 3466 contendit,
890 3416 926 3452 ne
961 3395 1030 3469 quid
1067 3414 1119 3469 per

59 3508 165 3551 metum
200 3516 235 3553 ex
267 3498 373 3553 recenti
406 3497 489 3554 clade
521 3499 634 3556 mollius
667 3501 872 3557 consuleretur.
920 3501 986 3575 Quo
1021 3503 1151 3558 tantnsd

58 3601 152 3675 primo
176 3610 331 3658 terrorest
355 3603 469 3673 allatus‚
492 3612 532 3675 ut,
554 3605 662 3660 omissa
676 3605 773 3673 Utica,
789 3603 995 3678 Carthaginem
1020 3607 1119 3662 crade-

59 3716 123 3762 rent
145 3705 289 3780 extemplo
305 3705 469 3781 Scipionem
486 3687 681 3769 obsessurum.
729 3707 868 3766 Senatum
886 3709 985 3786 itaque
1001 3711 1117 3779 sufetes,
1135 3712 1153 3763 5

57 3811 137 3884 quod
169 3811 247 3867 velut
279 3811 429 3868 consulare
460 3812 612 3888 imperium
643 3814 722 3887 apud
749 3832 799 3870 eos
821 3824 898 3886 erat,
932 3826 1119 3872 vocaverunt.

59 3915 104 3971 lbi
123 3916 213 3972 tribus
229 3918 366 3972 sententiis
381 3925 527 3986 certatum
549 3936 608 3973 una
626 3916 662 3972 de
678 3936 750 3990 pace
764 3920 877 3994 legatos
894 3921 932 3978 ad
953 3920 1118 3996 Scipionem
1135 3921 1152 3976 6
