2680 4546
307 259 344 316 32
575 252 654 302 Liber
672 249 774 304 XXVI.
811 249 855 314 (Δ.
868 266 891 300 u.
905 265 928 302 o.
945 253 1018 309 bu.)

265 438 399 498 contione
420 437 524 506 edixit,
558 434 624 512 qui,
661 453 784 509 quorum
815 452 906 508 opera
936 432 967 490 id
990 434 1163 490 conflatum
1184 429 1299 488 incendio

266 553 342 614 esest,
365 544 558 618 profiteretur,
580 541 731 618 premium
753 539 818 597 fore
838 539 931 596 libero
953 540 1131 614 pecuniam,
1155 559 1238 598 servo
1256 541 1301 596 hc

238 659 366 714 7tetem.
413 649 459 706 Ilo
482 646 601 724 praemio
624 646 757 703 inductus
780 643 998 720 Campanorum
1022 643 1226 703 Calaviorum
1249 672 1266 696 ιΔ

266 756 386 827 (Manus
409 753 435 810 ei
460 771 567 810 nomen
589 749 664 828 erat)
685 751 840 820 indicavit,
872 749 1006 807 dominos
1042 759 1077 807 et
1114 751 1245 828 quinque
1268 769 1324 826 pra-

266 870 347 920 terea
366 859 485 916 iuvenes
506 857 629 926 nobiles,
640 854 818 930 Campanos,
841 873 963 929 quorum
985 865 1138 930 parentes
1157 876 1178 912 a
1194 857 1229 930 Q.
1242 858 1279 914 Fu
1294 886 1296 889 v

267 963 360 1023 securi
381 961 511 1039 percussi
534 969 630 1032 erant,
653 961 684 1017 id
704 960 867 1017 incendium
889 959 1007 1030 fecisse,
1034 962 1204 1036 vulgoque
1221 961 1282 1018 lact
1305 1000 1307 1007 ·

236 1079 254 1134 8
268 1071 335 1140 alie,
357 1069 387 1126 ni
406 1066 696 1143 comprehendantur.
740 1065 949 1141 Comprehensi
963 1065 1020 1141 ipsi
1033 1065 1228 1142 familiaeque
1240 1087 1310 1124 =ernn

267 1175 307 1233 Et
328 1173 422 1249 primo
448 1171 619 1229 elevabatur
639 1170 728 1227 index
744 1170 952 1245 indiciumque:
977 1172 1073 1246 pridie
1090 1191 1166 1230 eum
1183 1174 1307 1230 verberi

268 1280 442 1355 castigatum
465 1277 503 1334 eb
526 1276 649 1334 dominis
672 1275 852 1346 discessisse3
884 1294 938 1349 per
965 1276 1040 1333 iram
1073 1296 1115 1335 ao
1140 1279 1281 1336 levitatem
1301 1306 1325 1327 a·

238 1392 301 1448 9re
321 1383 443 1442 fortuita
464 1381 571 1439 crimen
600 1388 810 1448 commentum
846 1388 972 1437 ceterum
1003 1390 1036 1437 ut
1063 1399 1179 1440 coram
1211 1401 1310 1458 coargu

268 1491 376 1546 bantur.
396 1497 425 1543 et
454 1485 575 1560 quaestio
601 1503 639 1542 ex
668 1484 804 1541 ministris
833 1484 970 1542 facinoris
1002 1485 1070 1544 foro
1108 1490 1214 1547 medio
1247 1492 1314 1546 bna

270 1601 366 1666 coepta
388 1600 446 1659 est,
469 1589 541 1647 lessi
563 1607 678 1658 omnes,
705 1597 793 1662 atque
814 1589 845 1644 in
866 1589 1000 1648 dominos
1021 1608 1198 1668 servosque
1219 1613 1277 1651 ooo:
1304 1622 1307 1639 ·

271 1694 504 1752 animadversum
527 1703 585 1762 eet3
609 1692 698 1750 indici
715 1693 835 1750 libertas
856 1693 927 1750 data
948 1704 978 1752 et
997 1695 1105 1770 viginti
1130 1700 1227 1756 millia
1246 1700 1302 1758 aris.

220 1812 256 1867 10
354 1797 474 1858 Consuli
489 1797 608 1855 Laevino
624 1795 757 1873 Capuam
779 1800 962 1872 praetereunti
984 1801 1173 1860 circumfusa
1197 1801 1321 1862 multitudo

270 1903 486 1980 Campanorum
510 1911 563 1972 est,
587 1899 800 1959 obsecrantium
822 1919 886 1958 cum
912 1903 1049 1976 lacrimis,
1078 1917 1115 1964 ut
1140 1909 1200 1966 sibi
1222 1911 1321 1966 Roman

268 2011 307 2068 od
329 2019 460 2067 senatum
488 2008 531 2064 iro
561 2006 661 2064 liceret
692 2017 822 2077 oratum,
855 2007 881 2064 si
915 2024 974 2081 qua
996 2011 1209 2071 misericordia
1229 2012 1318 2070 madon

268 2115 344 2172 flecti
365 2121 498 2190 possent,
530 2130 567 2169 ne
599 2129 631 2170 se
665 2111 704 2168 ad
733 2111 865 2170 ultimum
896 2115 1041 2188 perditum
1069 2118 1154 2176 irent
1182 2136 1300 2190 nomenq

220 2234 254 2288 ιι
270 2219 487 2295 Campanorum
510 2237 528 2276 a
551 2217 588 2291 Q.
611 2218 719 2274 Flacco
746 2218 834 2275 deleri
857 2220 991 2278 sinerent.
1035 2223 1170 2282 Flaccus
1203 2224 1254 2282 sibi
1276 2219 1316 2296 pri·

269 2334 368 2382 vatam
390 2325 565 2382 simultatem
588 2341 654 2380 cum
677 2321 835 2397 Campanis
856 2341 965 2398 negare
985 2326 1077 2385 ullam
1102 2347 1185 2398 esse3
1214 2321 1281 2403 publi

268 2430 432 2488 inimicitias
456 2426 604 2507 [hostiles]
628 2436 658 2485 et
678 2445 743 2485 esse
764 2437 793 2486 et
813 2427 942 2501 futuras,
972 2433 1072 2506 quoad
1094 2452 1132 2492 eo
1160 2434 1255 2491 animo
1272 2442 1316 2486 eat
1338 2465 1339 2482 ÷

221 2546 256 2602 12
269 2553 340 2610 erga
360 2535 501 2611 populum
519 2537 684 2594 Romanum
707 2533 806 2603 sciret;
832 2534 941 2592 nullam
964 2538 1039 2594 enim
1062 2538 1094 2594 in
1118 2540 1208 2596 terris
1228 2545 1339 2612 gentoni

269 2657 346 2710 esse,
376 2640 486 2697 nullum
507 2639 685 2697 infestiorem
706 2639 846 2714 populum
869 2641 978 2698 nomini
999 2643 1150 2701 Romano.
1209 2643 1272 2699 Ideo
1292 2654 1313 2692 st

269 2745 411 2802 moenibus
432 2745 559 2802 inclusos
582 2754 679 2801 tenere
701 2763 766 2813 eos;
800 2742 899 2822 [quia]
925 2747 951 2803 si
973 2747 1022 2821 qui
1045 2751 1213 2808 evasissent
1232 2745 1313 2818 alque

269 2851 348 2908 velut
368 2849 447 2908 feras
471 2850 580 2907 bestias
601 2867 654 2925 per
681 2867 768 2924 agros
790 2850 893 2924 vagari
920 2861 949 2907 et
977 2852 1090 2910 laniare
1124 2864 1154 2912 et
1186 2850 1311 2910 trucidata

222 2969 256 3023 13
270 2956 462 3030 quodcunque
483 2956 601 3013 obvium
623 2956 719 3023 detur3
753 2955 826 3012 alios
857 2955 895 3012 ad
916 2955 1116 3015 Hannibalem
1140 2954 1308 3029 translngiet

270 3059 343 3117 alios
365 3060 403 3118 ad
423 3061 548 3118 Romam
570 3061 778 3118 incendendam
800 3058 958 3135 profectos.
999 3062 1194 3122 Inventurum
1215 3064 1308 3120 inan
1338 3059 1339 3072 ¹

221 3173 335 3234 14usto
376 3164 442 3222 foro
476 3165 623 3223 consulem
657 3165 781 3240 vestigia
815 3164 932 3222 sceleris
967 3165 1203 3243 Campanorum
1238 3166 1306 3222 Vere

269 3270 358 3328 aedem
381 3270 502 3345 petitam
526 3280 554 3328 et
579 3280 702 3329 aeternos
726 3271 807 3346 ignes
829 3278 858 3327 et
878 3272 1024 3329 eonditum
1040 3273 1071 3330 in
1086 3273 1227 3350 penetrali
1244 3265 1306 3327 fettlt

268 3376 373 3451 pignus
394 3375 508 3450 imperii
528 3376 664 3434 Romani.
713 3375 752 3434 Se
776 3374 893 3433 minimo
915 3393 1033 3435 censere
1052 3387 1148 3436 tutum
1163 3397 1231 3446 esse,
1244 3373 1303 3430 Ceu·
1336 3382 1337 3385 ’

190 3491 192 3495 ’
221 3495 256 3548 15
269 3483 352 3555 panis
385 3490 561 3556 potestatem
595 3482 721 3538 intrandi
753 3483 889 3538 Romana
920 3483 1028 3538 moenia
1062 3484 1137 3541 fieri.
1203 3478 1304 3540 Laurus

270 3585 438 3662 Campanos
451 3586 513 3642 iuro
527 3586 651 3643 iurando
666 3604 685 3642 a
700 3586 808 3644 Flacco
833 3586 963 3657 adactos,
984 3587 1087 3661 quinto
1111 3590 1169 3660 dio,
1190 3603 1262 3663 quem
1278 3577 1301 3633 tl

269 3698 371 3748 senatu
393 3709 565 3766 responsum
588 3692 775 3766 accepissent,
799 3689 932 3766 Capuam
954 3691 1108 3762 redituros,
1129 3693 1212 3769 sequi
1229 3685 1302 3744 solit>

221 3808 347 3863 lamam
369 3795 462 3855 iussit.
518 3799 586 3855 Hac
606 3796 797 3854 circumfusus
825 3795 1021 3867 multitudine,
1051 3797 1137 3856 simul
1160 3794 1252 3856 Siculis
1267 3787 1300 3844 ob·

269 3900 346 3957 viam
369 3901 494 3974 egressis
508 3902 682 3975 secutisque,
702 3899 827 3958 formam
843 3901 966 3976 praebuit
980 3902 1206 3960 clarissimarum
1219 3893 1300 3956 orbim
