2700 4426
418 155 495 206 ntea
512 155 613 208 xxix.
650 153 758 218 (acu.
772 155 844 216 204.)
1060 157 1115 212 201

105 347 186 396 ratos
202 340 410 415 servilibusque
425 340 557 397 omnibns
577 339 724 415 suppliciis
740 339 882 397 cruciatos
895 338 1009 408 occidit,
1032 347 1160 395 mortuos

106 444 209 501 deinde
236 446 383 520 prohibuit
410 447 534 522 sepeliri.
581 447 645 503 Has
669 446 724 503 dea
745 463 845 520 poenas
868 464 886 501 a
907 445 1007 520 templi
1028 445 1073 501 sui
1093 448 1212 518 spo-15

106 551 256 608 lictoribus
278 554 383 624 habet,
415 569 470 610 ποθ’
488 562 551 610 autc
578 553 689 610 desinet
710 552 843 609 omnibus
865 568 914 607 eos
937 550 1048 626 agitare
1070 549 1161 622 furiis,

107 675 194 730 quam
226 658 354 733 reposita
389 678 474 717 sacra
505 658 627 735 pecunia
662 659 692 716 in
723 656 864 715 thesauris
892 655 986 714 fuerit.
1033 657 1161 715 Maiores
1178 660 1212 716 tt
1301 668 1305 693 ¹

66 798 68 803 ·
106 763 253 836 quondam
275 765 367 822 nostri
389 765 472 840 gravi
494 763 724 822 Crotoniensium
745 763 838 834 bello,
866 764 934 837 quia
956 772 1040 820 extra
1060 763 1160 819 urbem

106 869 243 943 templum
271 879 327 941 est,
363 869 518 927 transferre
548 870 578 927 in
606 872 706 928 urbem
735 889 798 928 eam
821 868 972 945 pecuniam
996 870 1160 938 voluerunt;

106 984 193 1031 noctu
226 975 325 1032 audita
357 996 394 1034 ex
425 977 546 1034 delubro
581 996 658 1047 vox,
698 976 872 1033 abstinerent
917 993 1035 1045 manus3
1077 975 1161 1032 deam

106 1097 160 1136 sua
185 1077 321 1158 [templo]
344 1082 535 1144 defensuram.
583 1083 659 1158 Quia
682 1082 816 1140 movendi
844 1081 910 1138 inde
940 1081 1092 1139 thesauros
1116 1101 1161 1138 re-
1177 1085 1211 1139 17

107 1185 175 1260 ligio
200 1187 316 1245 incussa
337 1199 413 1259 erat,
450 1209 532 1246 muro
565 1189 742 1246 circumdare
773 1190 911 1264 templum
933 1188 1102 1259 voluerunt;
1134 1194 1162 1247 ia

110 1291 288 1365 aliquantum
310 1295 368 1351 iam
391 1294 547 1351 altitudinis
567 1295 693 1352 excitata
714 1303 796 1350 erant
817 1295 932 1364 moenia,
955 1314 1042 1369 quum
1066 1296 1161 1352 subito

106 1380 235 1473 collapsa
260 1401 344 1458 ruina
370 1409 443 1462 sunt.
492 1400 550 1459 Sed
579 1409 608 1457 et
635 1409 702 1458 tunc
732 1411 760 1457 et
792 1420 868 1476 saepe
897 1402 969 1458 alias
1000 1401 1055 1458 dea
1078 1419 1160 1458 suam
1178 1401 1212 1456 18

106 1505 203 1561 sedem
238 1525 379 1582 suumque
412 1507 550 1582 templum
579 1517 629 1564 aut
657 1516 750 1564 tutata
778 1518 893 1564 estant
924 1527 942 1564 a
971 1507 1161 1564 violatoribus

105 1613 209 1685 gravia
238 1613 352 1688 piacula
383 1614 493 1688 exegit3
526 1623 639 1670 nostras
662 1613 780 1670 iniurias
802 1631 855 1670 nec
876 1621 972 1687 potest
993 1631 1046 1670 nec
1070 1613 1162 1688 possit

107 1717 180 1774 alius
201 1719 299 1775 ulcisci
329 1738 415 1793 quam
439 1739 509 1790 vos,
545 1729 642 1795 patres
667 1718 828 1792 conscripti·
875 1719 925 1775 Ad
946 1735 1000 1774 vos
1021 1729 1161 1781 vestram·
1178 1718 1211 1772 ts

108 1843 163 1897 que
184 1825 268 1880 fidem
291 1824 434 1899 supplices
456 1824 645 1898 confugimus.
693 1823 775 1882 Nihil
794 1833 894 1880 nostra
915 1823 1043 1890 interest,
1066 1832 1161 1881 utrum

106 1931 160 1986 sub
182 1930 231 1986 illo
252 1931 358 2004 legato,
380 1931 433 1995 sub
455 1930 504 1986 illo
526 1931 659 2004 praesidio
682 1931 792 1987 Locros
815 1947 877 1986 esse
906 1928 1006 1986 sinatis
1028 1947 1065 1984 an
1087 1929 1160 1987 irato

106 2037 266 2093 Hannibali
290 2045 318 2092 et
340 2034 438 2092 Poenis
460 2035 498 2090 ad
521 2035 690 2110 supplicium
714 2035 835 2091 dedatis.
881 2035 950 2092 Non
972 2035 1161 2110 postulamus,

107 2153 139 2199 ut
162 2144 306 2218 extemplo
328 2142 428 2208 nobis,
455 2151 488 2197 ut
509 2141 544 2197 de
566 2141 700 2212 absente,
729 2150 760 2197 ut
782 2141 889 2196 indicta
910 2159 998 2197 causa
1022 2143 1161 2212 credatis;

108 2250 212 2314 veniat,
235 2267 332 2304 coram
354 2249 416 2323 ipse
437 2247 545 2317 audiat,
566 2247 628 2321 ipse
650 2247 750 2304 diluat.
802 2245 833 2305 Si
858 2246 1012 2320 quicquam
1036 2248 1160 2316 sceleris,
1175 2251 1212 2306 20

108 2356 186 2429 qnod
207 2357 294 2410 homo
318 2354 347 2410 in
369 2353 498 2410 homines
521 2353 605 2410 edere
626 2363 737 2428 potest,
758 2353 788 2410 in
810 2371 862 2409 nos
884 2353 1081 2428 praetermisit,
1103 2373 1170 2412 notu

107 2476 281 2527 recusamus,
304 2461 373 2532 quin
394 2468 423 2514 et
443 2477 496 2516 nos
519 2461 615 2517 omnia
633 2459 733 2516 eadem
751 2459 864 2529 iterum,
885 2459 910 2515 si
923 2459 984 2534 pati
999 2477 1161 2534 possumus,

109 2563 252 2636 patiamur
289 2575 317 2618 ct
344 2564 391 2618 ille
422 2565 498 2620 omni
527 2565 625 2621 divino
651 2566 836 2637 humanoque
866 2564 1002 2621 liberetur
1024 2566 1158 2628 scelere,“

193 2667 263 2723 Haec
292 2687 378 2741 quum
402 2669 438 2725 ab
460 2669 563 2742 legatis
585 2670 662 2725 dicta
685 2678 794 2739 essent,
834 2670 1040 2744 quaesissetque
1066 2673 1102 2727 ab
1126 2672 1160 2727 iis
1214 2669 1254 2736 19

109 2773 145 2844 Q.
169 2773 293 2841 Fabiae,
325 2774 528 2831 detulissentne
557 2793 606 2830 eas
630 2773 760 2848 querelas
783 2777 819 2832 ad
841 2777 876 2834 P.
900 2774 1081 2850 Scipionem,
1115 2796 1161 2833 re-

109 2881 294 2954 sponderunt,
315 2880 418 2936 missos
440 2880 552 2954 legatos
575 2899 646 2960 esse,
668 2881 719 2936 sed
741 2900 806 2937 eum
823 2880 890 2937 belli
909 2891 1052 2954 apparatu
1075 2900 1160 2939 occu-

108 2995 207 3059 patum
229 3004 291 3042 esse
316 2996 344 3042 et
366 2986 396 3042 in
412 2985 542 3043 Africam
565 2995 616 3043 aut
633 2987 691 3043 iam
714 2986 859 3043 traiecisse
879 2996 928 3043 aut
950 2986 1026 3043 intra
1052 3007 1161 3062 paucos

107 3091 168 3149 dies
190 3091 391 3161 traiecturum3
424 3103 451 3149 et
478 3092 567 3168 legati
594 3093 689 3167 gratia
712 3101 820 3165 quanta
842 3101 917 3148 esset
938 3093 1016 3166 apud
1036 3093 1190 3168 impera-2

107 3208 219 3266 torem,
258 3207 393 3272 expertos
423 3217 500 3268 esse,
537 3218 624 3273 quum
655 3198 729 3255 inter
750 3219 814 3257 eum
845 3209 875 3257 et
902 3198 1032 3256 tribunos
1054 3199 1161 3274 discep-

109 3312 170 3359 tans
196 3305 316 3360 trt'buoos
341 3304 371 3360 in
398 3304 493 3361 vincla
516 3306 685 3376 coniecerit,
717 3308 844 3381 legatum
869 3325 950 3380 aeque
973 3312 1084 3360 sontem
1111 3316 1160 3361 aut

108 3409 200 3483 magis
230 3411 315 3468 etiam
349 3410 378 3467 in
417 3430 452 3467 ea
492 3420 635 3486 potestate
678 3413 835 3487 reliquerit.
892 3409 983 3469 Iussis
1023 3410 1189 3474 excedere3

99 3515 215 3588 >templo
236 3516 356 3590 legatis,
389 3535 447 3572 non
468 3516 625 3575 Pleminius
647 3519 752 3589 modo,
779 3519 829 3576 sed
850 3518 936 3575 etiarn
959 3503 1056 3589 Scipio
1080 3515 1159 3590 prin-

110 3620 204 3694 cipum
234 3621 411 3678 orationibus
437 3623 567 3679 lacerari.
616 3627 694 3680 Ante
717 3643 823 3682 omnes
855 3624 891 3698 Q.
924 3623 1035 3682 Fabius
1061 3630 1159 3678 natum
1250 3615 1253 3620 ¹

109 3745 174 3782 eum
200 3727 237 3781 ad
266 3729 502 3803 corrumpendam
525 3729 704 3804 disciplinam
726 3730 878 3787 militarem
901 3748 1037 3805 arguere3
1073 3729 1114 3785 sic
1134 3738 1192 3790 eat

91 3832 140 3919 'in
168 3831 313 3906 Hispania
340 3833 404 3908 plus
431 3853 521 3910 prope
549 3854 602 3910 per
629 3835 798 3893 seditionem
828 3836 950 3893 militum
976 3854 1061 3910 quam
1085 3834 1161 3913 bello

108 3939 260 4007 amissum3
290 3947 408 3996 externo
430 3942 559 4016 attegio
581 3961 661 3998 more
683 3952 711 3997 et
731 3942 878 4017 indulgere
899 3942 1019 3998 licentiae
1040 3940 1161 3998 militum
