2700 4426
446 210 525 260 Liber
541 209 629 262 xx11.
666 209 714 274 (A.
724 207 858 274 cntra)
1102 213 1140 268 93

116 405 243 470 praetore
264 394 294 451 in
317 393 417 452 Sicilia
437 401 510 464 erat,
533 393 661 468 quinque
682 402 711 450 et
731 393 834 468 viginti
857 392 971 462 additae,
995 393 1183 468 permissum-

118 509 242 574 quaest,
264 511 305 570 ut,
327 500 352 556 si
374 518 390 556 e
410 499 575 573 republica
591 507 720 557 censeret
740 517 813 568 esse,
834 498 865 555 in
880 497 1013 556 Africam
1028 498 1182 554 traiiceret.

201 604 317 662 Dileotu
349 603 477 679 perfecto
499 606 631 664 consules
659 622 769 681 paucos
789 603 896 660 morati
914 603 990 674 dies,
1022 604 1090 661 dum
1112 604 1183 660 socii
1231 601 1278 670 38

117 710 155 765 ab
177 709 295 766 nomine
316 710 423 767 Latino
445 710 584 769 venirent.
628 711 720 780 Tum,
744 710 822 783 quod
843 727 991 783 nunquam
1014 717 1100 765 antea
1121 708 1213 771 fac-2

117 823 266 885 tumeret,
288 815 488 872 iureiurando
505 817 541 872 ab
567 815 688 872 tribunis
709 814 830 871 militum
854 815 950 872 adacti
973 814 1092 883 milites;
1114 823 1214 878 nam3
1255 880 1258 887 Ι

116 920 156 975 ad
179 938 243 976 eam
259 921 334 977 diem
350 921 421 978 nihil
442 929 547 996 praeter
564 929 777 978 sacramentum
798 918 903 989 fuerat,
928 919 1007 976 iussu
1033 919 1182 976 consulum

118 1034 312 1081 conventuros
340 1044 435 1100 neque
465 1026 576 1082 iniussu
605 1026 752 1096 abituros,
786 1034 815 1082 et
844 1025 894 1081 ubi
916 1025 954 1081 ad
975 1024 1183 1081 decuriandum

118 1138 169 1186 aut
198 1130 417 1188 centuriandum
440 1131 657 1201 convenissent,
682 1149 736 1187 sua
756 1131 907 1188 voluntate
933 1130 990 1205 ipsi
1018 1130 1093 1186 inter
1119 1148 1183 1186 sese

117 1234 260 1292 decuriati
275 1237 395 1309 equites,
411 1236 564 1295 centuriati
575 1235 687 1310 pedites
702 1210 903 1306 coniurabant,
925 1254 989 1292 sese
1003 1235 1080 1311 fugae
1095 1244 1183 1310 atque
1197 1234 1215 1288 4

117 1339 281 1396 formidinis
305 1359 374 1414 ergo
396 1358 455 1395 non
477 1339 607 1396 abituros
634 1358 729 1413 neque
761 1359 797 1396 ex
820 1341 921 1397 ordine
942 1359 1107 1399 recessuros
1128 1341 1185 1397 nisi

117 1445 168 1502 teli
190 1444 322 1501 sumendi
344 1453 395 1500 aut
416 1445 531 1518 petendi
554 1442 611 1521 [et]
636 1454 687 1502 aut
700 1447 792 1502 hostis
810 1446 931 1504 feriendi
954 1456 1005 1503 aut
1030 1447 1101 1504 civis
1123 1465 1183 1503 ser·

117 1551 208 1607 randi
229 1567 328 1609 causa.
371 1550 407 1605 Id
432 1568 470 1605 ex
499 1549 664 1606 voluntario
686 1551 761 1608 inter
782 1551 863 1626 ipsos
890 1551 1000 1610 foedere
1033 1552 1070 1608 ad
1093 1549 1214 1608 tribu-5

117 1675 171 1713 nos
194 1674 229 1713 ac
249 1655 408 1730 legitimam
429 1654 635 1713 iurisiurandi
656 1656 837 1713 adactionem
859 1658 1041 1718 translatum.

202 1759 370 1830 (tentiones,
391 1760 561 1835 prinsquam
583 1761 621 1817 ab
644 1762 715 1818 urbe
736 1762 820 1836 signa
842 1773 1036 1833 moverentur,
1058 1758 1214 1818 consulisd

117 1866 262 1923 Varronis
294 1866 391 1922 multae
413 1884 449 1922 ac
469 1864 581 1922 feroces
603 1864 698 1936 fuere,
721 1867 942 1937 denuntiantim,
958 1868 1064 1925 bellum
1088 1884 1182 1923 arces·

117 1972 205 2028 situm
227 1971 258 2026 in
288 1971 405 2027 Italiam
428 1972 466 2027 ab
488 1970 634 2027 nobilibus
662 1989 889 2046 mansurumque
909 1973 939 2028 in
961 1971 1120 2029 visceribus
1142 1970 1212 2047 reil

118 2075 255 2151 publicae,
290 2075 316 2131 si
340 2075 437 2150 plures
459 2075 570 2132 Fabios
598 2076 790 2150 imperatores
814 2079 950 2148 haberet,
979 2094 1024 2146 se,
1054 2095 1112 2150 quo
1138 2075 1184 2131 die

122 2181 234 2237 hostem
255 2180 389 2248 vidisset,
412 2180 617 2255 perfecturum.
661 2179 788 2256 Collega
814 2182 875 2238 eius
897 2181 1070 2264 Pauliana,
1092 2178 1215 2256 pridie8

103 2303 210 2366 ..quam
238 2304 275 2341 ex
297 2286 368 2341 urbe
389 2287 628 2360 proficisceretur,
650 2286 748 2344 contio
762 2285 826 2356 fuit,
847 2286 945 2343 verior
965 2304 1052 2359 quem
1074 2287 1185 2362 gratior

121 2389 241 2464 populo,
264 2406 322 2461 qua
336 2390 407 2447 nihil
421 2390 606 2449 inclementer
620 2393 649 2449 in
664 2394 829 2449 Varronem
845 2390 951 2446 dictum
968 2391 1021 2447 nisi
1035 2391 1065 2446 id
1088 2391 1185 2457 modo,

121 2494 221 2550 mirari
242 2512 282 2564 se,
305 2495 383 2568 quod
398 2496 522 2570 denique
544 2498 612 2568 dux,
633 2497 802 2572 priusquam
825 2503 876 2551 aut
889 2513 972 2551 suum
989 2504 1039 2552 aut
1059 2494 1215 2552 hostium9

122 2599 295 2667 exercitum,
316 2600 446 2656 locorum
468 2601 570 2672 situm,
591 2612 725 2658 naturam
746 2602 873 2676 regionis
895 2610 1007 2669 nosset,
1029 2600 1088 2657 iam
1108 2618 1185 2656 nunc

122 2713 239 2779 togatus
260 2704 289 2760 in
304 2707 375 2761 urbe
390 2707 484 2776 sciret,
507 2708 641 2782 quaesibi
663 2707 776 2782 agenda
798 2718 911 2764 armato
933 2705 1038 2775 forent,
1060 2713 1089 2761 et
1107 2704 1183 2761 diem
1200 2705 1235 2759 10

122 2828 240 2883 quoque
260 2810 417 2884 praedicere
437 2822 550 2886 posset,
581 2831 640 2886 qua
671 2830 735 2869 cum
758 2813 841 2869 hoste
863 2811 952 2886 signis
974 2810 1086 2868 collatis
1109 2820 1185 2866 esset

122 2915 324 2983 dimicaturus3
346 2934 388 2987 se,
410 2935 475 2990 quae
496 2917 617 2974 consilia
638 2918 732 2993 magis
753 2937 800 2974 res
819 2918 887 2974 dent
908 2918 1073 2974 hominibus
1096 2934 1182 2990 quam
1201 2915 1232 2968 ll

121 3020 253 3078 homines
282 3021 378 3092 rebus,
410 3042 445 3080 ea
469 3032 537 3080 ante
568 3032 681 3098 tempus
702 3024 858 3079 immatura
880 3042 939 3079 non
961 3030 1184 3098 praecepturum

122 3134 239 3200 optare,
263 3135 310 3195 ut,
342 3147 406 3202 quae
438 3136 523 3185 caute
554 3146 588 3184 uc
617 3129 748 3186 consulte
779 3138 863 3203 gesta
887 3135 995 3196 essent,
1025 3126 1095 3182 satis
1117 3144 1184 3201 pro·

121 3250 206 3306 spere
228 3231 389 3301 evenirent3
411 3233 612 3303 temeritatem,
634 3244 826 3310 praeterquam
851 3233 929 3307 quod
953 3233 1041 3289 stulta
1063 3233 1113 3302 sit,
1141 3231 1184 3287 in·
1201 3227 1236 3283 12

121 3335 234 3394 felicem
257 3335 401 3392 etiamad
422 3335 452 3390 id
466 3336 597 3394 locorum
619 3338 718 3401 fuisse.
765 3341 805 3396 Et
820 3358 874 3395 sua
890 3346 995 3414 sponte
1014 3333 1195 3431 apparebat!²
1202 3334 1236 3388 13
1328 3320 1348 3403 ὁ

121 3450 185 3498 tuta
215 3441 366 3498 celeribus·
380 3441 506 3498 consiliis
534 3445 771 3518 praepositarum,
801 3452 843 3514 ct,
876 3463 934 3518 quo
955 3443 986 3499 id
1008 3440 1185 3512 constantius

121 3556 330 3620 perseveraret,
353 3545 389 3619 Q.
408 3547 519 3604 Fabius
541 3548 689 3606 Maximus
711 3549 752 3606 sic
775 3568 839 3606 eum
862 3549 1091 3624 proficiscentem
1114 3545 1185 3602 allo·

121 3661 203 3708 cutus
224 3651 325 3711 fertur.

207 3757 260 3826 „si
281 3767 332 3814 aut
354 3757 507 3831 collegam,
529 3758 558 3814 id
581 3759 660 3832 qnod
677 3758 802 3829 mallem,
824 3759 866 3815 tui
887 3758 1018 3829 similem,
1040 3759 1075 3815 L.
1088 3758 1185 3815 AEmi-
1235 3747 1280 3815 39

121 3862 156 3932 li,
187 3863 314 3920 haberes
347 3871 399 3919 ant
425 3870 456 3919 tu
487 3862 604 3938 collegae
628 3865 671 3920 tui
699 3882 777 3921 esses
814 3864 929 3932 similis,
960 3880 1186 3938 ,supervacanea

122 3979 198 4026 esset
225 3971 320 4026 oratio
343 3987 422 4038 mea3
451 3987 520 4025 nam
542 3977 571 4025 ct
592 3969 649 4025 duo
672 3969 741 4025 boni
762 3968 909 4038 consules,
938 3969 1025 4025 etiam
1047 3987 1094 4025 me
1112 3966 1216 4023 indi-2
