2704 4552
299 203 337 298 bl
572 239 652 290 Liber
669 239 757 292 xx11.
794 239 839 302 (A.
853 254 879 290 u.
892 253 916 291 c.
930 239 1003 300 tel.)

257 424 342 481 batos
364 423 494 492 ordines,
525 432 655 480 vertente
682 442 714 481 se
736 441 852 498 quoque
883 423 921 480 ad
943 423 1077 479 dissonos
1100 421 1263 489 clamores,
1296 442 1307 467 ιι
1350 423 1351 462 t

257 529 351 600 struit,
374 537 406 586 ut
428 539 541 605 tempus
562 528 701 604 locusque
721 528 839 606 patitur,
861 538 891 586 et
913 545 1087 604 quacunque
1109 526 1194 584 adire
1219 523 1311 582 aud'
1350 545 1351 584 ι

227 635 315 711 tque
336 643 448 710 potest,
477 636 649 693 adhortatur
670 654 705 693 ac
726 645 804 693 stare
831 652 866 691 ao
886 653 1018 710 pugnare
1039 633 1135 691 iubet:
1166 650 1223 689 uec
1350 641 1351 680 ι

258 742 325 798 inde
347 741 423 798 votis
438 751 489 798 eut
501 741 706 816 imploratione
721 742 816 812 deum,
837 740 889 798 sed
912 742 942 798 vi
964 759 1000 798 ee
1013 740 1122 796 virtute
1143 735 1316 794 eredendu

258 865 335 918 esse;
356 865 409 922 per
431 847 542 904 medias
564 847 641 904 ecies
662 845 740 904 ferro
762 833 847 904 viam'
862 847 924 905 fieri
946 854 983 915 et,
1006 864 1065 920 quo
1094 842 1211 900 timoris
1235 840 1323 896 minus
1348 878 1350 883 -

227 953 309 1023 3sit,
332 972 367 1011 eo
389 953 484 1010 minus
505 951 597 1010 ferme
624 950 743 1026 periculi
770 955 842 1014 esse.
886 950 1021 1009 Ceterum
1050 967 1112 1025 prm
1139 947 1267 1023 strepitu
1296 961 1324 1000 aa

258 1058 381 1116 tumultu
403 1075 456 1114 neo
480 1057 630 1114 consilium
653 1075 706 1114 nee
725 1055 877 1132 imperium
893 1056 985 1130 accipi
1006 1063 1133 1130 poterat,
1154 1061 1324 1124 tantumque
1348 1080 1350 1097 ι

258 1166 368 1234 aberet,
391 1171 422 1220 ut
443 1182 496 1221 sua
517 1163 602 1238 signa
623 1171 711 1237 atque
733 1162 847 1219 ordines
870 1171 899 1219 et
918 1163 1015 1219 locum
1035 1169 1202 1229 noscerent,
1225 1156 1322 1214 utrix

258 1269 295 1326 ad
321 1287 405 1326 mma
425 1268 567 1343 capienda
589 1267 775 1342 aptandaque
796 1285 900 1343 pugnas
922 1275 1099 1343 competeret
1120 1265 1254 1333 animus,
1276 1281 1319 1335 op·
1350 1279 1351 1316 ι

257 1374 506 1449 primerenturque
543 1373 660 1447 quidam
693 1373 804 1430 onerati
833 1373 926 1450 magis
955 1374 1001 1430 his
1033 1390 1123 1448 quam
1155 1370 1235 1427 tecti.
1288 1367 1319 1422 Et

258 1488 321 1535 eret
352 1478 381 1534 in
403 1487 485 1535 tanta
520 1478 643 1552 caligine
675 1478 770 1536 maior
800 1497 868 1536 usus
899 1479 1012 1536 aurium
1045 1495 1134 1552 quem
1164 1475 1318 1532 oculorum⁴

227 1583 308 1641 4Ad
340 1583 463 1656 gemitus
496 1583 646 1640 vulnerum
679 1583 812 1658 ictusque
844 1602 997 1659 corporum
1031 1591 1082 1640 aut
1115 1597 1267 1636 armorum
1298 1585 1319 1629 et

259 1687 365 1744 mixtos
389 1688 575 1762 strepentium
598 1690 824 1763 paventiumque
845 1689 986 1746 clamores
1006 1685 1253 1745 circumferebant
1274 1699 1317 1736 ora

228 1793 423 1866 5oculosque.
466 1793 527 1851 Alii
555 1792 699 1869 fugientes
720 1794 909 1868 pugnantium
941 1792 1030 1868 globo
1060 1792 1135 1849 illati
1161 1789 1316 1850 herebant,

258 1899 330 1956 alios
368 1897 520 1956 redeuntes
561 1900 590 1956 in
626 1918 755 1974 pugnam
796 1899 947 1956 avertebat
992 1897 1166 1972 fugientium
1212 1909 1315 1968 agmen.

227 2003 381 2074 6Deinde,
404 2005 453 2062 ubi
472 2004 501 2060 in
524 2022 624 2062 omnes
646 2014 744 2079 partes
766 2004 960 2078 nequicquam
975 2004 1100 2078 impetus
1124 1999 1216 2076 capti,
1238 2007 1265 2056 et
1286 1997 1314 2052 ab

256 2112 396 2169 lateribus
418 2120 531 2168 montes
554 2128 589 2167 ac
609 2109 699 2181 lacus,
724 2129 743 2166 a
763 2109 859 2166 fronte
883 2120 911 2165 et
933 2111 970 2166 ab
992 2118 1074 2184 tergo
1096 2085 1226 2165 hostium
1248 2104 1315 2161 acies

257 2218 419 2287 claudebat,
442 2216 643 2290 apparuitque,
664 2215 773 2271 nullam
795 2215 849 2271 nisi
871 2215 900 2270 in
922 2214 1044 2270 dextera
1064 2211 1203 2286 ferroque
1225 2208 1314 2267 salutis

258 2341 338 2397 spem
361 2340 434 2390 esse,
457 2331 518 2376 tum
539 2319 594 2375 sibi
616 2320 739 2394 quisque
754 2321 815 2376 dux
833 2319 1063 2392 adhortatorque
1084 2317 1183 2376 factus
1204 2316 1314 2372 adrem

229 2427 425 2503 igerendam,
456 2434 485 2481 et
506 2443 584 2480 nova
615 2425 652 2482 de
681 2426 795 2501 integro
827 2433 931 2482 exorte
961 2441 1062 2499 pugna
1091 2431 1152 2494 est,
1188 2440 1247 2478 non
1274 2419 1315 2475 illa

260 2532 394 2588 ordinata
424 2548 477 2604 per
503 2529 650 2605 principes
680 2531 871 2604 hastatosque
899 2549 934 2588 ao
962 2531 1094 2599 triarios,
1125 2544 1180 2584 nec
1207 2536 1242 2584 ut
1270 2541 1314 2600 pro

258 2635 348 2710 signis
370 2635 566 2709 antesignani,
598 2644 665 2710 post
686 2637 770 2710 signa
794 2635 852 2692 elia
874 2643 1019 2710 pugnaret
1046 2634 1139 2703 acies,
1172 2651 1227 2690 nec
1247 2640 1277 2687 nt
1292 2630 1314 2684 iu

229 2747 313 2802 8sua
334 2738 448 2813 legione
470 2740 552 2796 miles
574 2749 625 2798 aut
646 2741 765 2798 cohorte
798 2752 848 2799 ant
870 2738 1019 2814 manipulo
1041 2747 1131 2807 esset3
1164 2737 1228 2795 fors
1255 2751 1314 2793 eon-

259 2844 401 2920 globabat
415 2854 444 2900 et
458 2845 571 2902 animus
585 2863 654 2902 suus
670 2847 774 2920 cuique
799 2856 865 2904 ante
881 2855 931 2903 aut
945 2854 1013 2921 post
1028 2843 1178 2920 pugnandi
1195 2843 1313 2901 ordinem

260 2951 366 3021 dabat,
388 2959 543 3023 tantusque
564 2948 619 3006 fuit
640 2951 729 3009 ardor
751 2949 954 3028 [animorum],
979 2951 1052 3008 adeo
1074 2951 1201 3007 intentus
1222 2963 1313 3022 pugne

261 3056 388 3125 animus,
421 3067 453 3112 ut
481 3073 545 3111 eum
574 3065 684 3111 motum
712 3064 805 3128 terrae,
828 3057 877 3132 qui
905 3057 1059 3114 multarum
1086 3055 1203 3111 urbium
1233 3052 1314 3111 Italia

260 3179 383 3236 magnas
424 3168 522 3236 partes
555 3161 715 3233 prostravit
753 3162 915 3237 avertitque
947 3179 1032 3219 eursu
1065 3160 1186 3236 rapidos
1217 3173 1313 3222 amnes

260 3286 341 3324 mare
362 3266 526 3323 fluminibus
548 3264 673 3336 invexit,
705 3274 818 3324 montes
845 3267 929 3342 lapsu
956 3267 1065 3342 ingenti
1086 3267 1210 3340 proruit,
1239 3279 1313 3320 nemo

170 3431 172 3434 ,
259 3371 450 3447 pugnantium
472 3369 603 3428 senserit.
1131 3447 1134 3454 Ι

167 3483 188 3550 6
343 3477 418 3532 Tres
450 3474 540 3532 ferme
570 3475 658 3532 boras
691 3485 850 3549 pugnatum
893 3486 937 3532 est
976 3485 1006 3534 et
1035 3477 1145 3551 abique
1174 3476 1312 3538 atrociter;

230 3581 337 3649 2circe
355 3580 501 3637 consulem
527 3587 623 3636 tamen
646 3581 741 3637 semor
762 3580 950 3656 infestiorque
973 3599 1073 3657 pugna
1100 3590 1153 3644 est.
1199 3583 1273 3640 Eum
1291 3583 1313 3632 el

260 3684 369 3740 robore
400 3683 527 3740 virorum
561 3686 770 3758 sequebantur,
802 3694 831 3743 et
860 3686 937 3761 ipse,
974 3705 1146 3761 quacunque
1179 3689 1209 3744 in
1243 3691 1312 3762 parts

262 3789 352 3863 premi
376 3807 410 3846 ae
436 3788 571 3847 laborare
595 3799 726 3847 senserat
755 3809 838 3859 suos,
870 3791 992 3866 impigre
1020 3791 1135 3850 ferebat
1163 3811 1261 3869 opem,
1278 3789 1311 3844 in·

262 3893 432 3970 signemque
459 3895 548 3951 armis
573 3904 602 3950 et
627 3895 726 3951 hostes
757 3914 873 3952 summa
893 3896 922 3952 vi
946 3897 1084 3971 petebant
1115 3905 1145 3956 et
1173 3900 1312 3956 tuebantur

231 3999 356 4074 3cives,
390 4001 482 4056 donee
505 4000 628 4056 Insuber
655 4015 744 4073 eques
766 3999 910 4073 (Ducenio
932 4019 1038 4058 nomen
1060 4000 1135 4078 erat)
1158 4002 1234 4061 facie
1253 4017 1313 4075 quo·
