2700 4426
311 167 315 171 ’
379 204 562 256 nrbes-m.
599 203 798 268 (anans.)
918 168 922 173 ⁵
1004 207 1074 262 ‘241

55 389 222 465 pugnabat,
251 398 374 446 stantem
403 389 549 463 extemplo
573 380 605 445 in
629 387 728 463 fugam
759 395 933 444 averterunt.
986 388 1122 456 Romani,
1136 389 1172 443 14

57 512 225 568 quanquam
247 494 458 573 circumventos
479 495 546 551 hino
567 495 665 569 pedes,
679 493 746 550 hine
768 510 856 566 eques
871 493 1002 566 urgebat,
1024 501 1120 549 tamen

56 599 237 672 aliquamdiu
258 617 386 674 pugnam
419 607 550 668 traxera3
577 608 729 673 ¹postremo
763 608 790 656 et
811 598 867 672 ipsi
895 607 978 671 targa
1005 605 1121 653 vertunt

30 713 146 779 —atque
179 705 217 761 ad
249 706 350 761 urbem
382 702 505 778 fugiunt.
562 704 608 760 Ibi
638 703 803 777 proditores
831 702 997 776 conglobati
1032 720 1119 776 quum
1138 709 1173 762 15

54 809 240 884 popularium
264 827 366 884 agmen
391 809 556 884 patentibus
577 807 670 883 portis
691 808 878 881 accepissent,
900 808 950 865 ubi
971 810 1121 865 Romanos

54 912 139 970 fusos
161 915 199 971 ad
228 916 328 972 urbem
350 914 421 971 ferri
448 914 596 982 viderunt,
626 914 822 980 conclamant,
855 912 964 969 instare
987 913 1121 980 Poenum,

55 1019 275 1094 permixtosque
309 1029 338 1075 et
371 1020 470 1076 hostes
501 1020 601 1075 urbem
624 1019 793 1087 invasuros,
824 1016 854 1073 ni
875 1036 999 1092 propere
1020 1025 1121 1092 portas

55 1123 204 1183 claudant.
253 1125 300 1181 lta
321 1124 454 1181 exclusos
476 1125 626 1180 Romanos
651 1125 801 1198 prmbuere
828 1121 906 1178 hosti
933 1122 970 1178 ad
1000 1122 1121 1191 oaedem3
1138 1121 1173 1176 16

57 1228 175 1285 Atinius
197 1238 293 1286 tamen
321 1248 385 1286 cum
415 1229 528 1304 paucis
545 1237 687 1303 receptus.
741 1227 851 1285 Seditio
879 1228 946 1283 inde
974 1227 1122 1302 paulisper

54 1333 157 1402 tenuit,
179 1352 268 1407 quum
296 1336 325 1390 ia
345 1335 402 1390 fide
416 1335 475 1390 alii
492 1333 664 1403 monendum,
687 1333 737 1389 alii
760 1322 918 1390 cadendum
948 1332 1070 1389 fortunae
1093 1341 1121 1388 et

56 1437 228 1495 tradendam
245 1440 344 1495 urbem
360 1438 518 1495 victoribus
534 1446 691 1494 censerent.
735 1437 879 1506 Ceterum,
896 1446 927 1493 ut
942 1437 1120 1512 plerumque,
1137 1436 1171 1489 17

53 1541 174 1598 fortuna
196 1552 224 1599 et
246 1543 366 1600 consilia
392 1543 469 1599 rnala
490 1543 635 1611 vicerunt3
663 1542 764 1600 Atinio
793 1561 857 1599 oum
887 1543 946 1599 suis
978 1543 1016 1599 ad
1040 1561 1121 1598 mare

56 1664 93 1702 ac
114 1665 205 1703 naves
225 1648 360 1718 deducto,
382 1649 476 1722 magis
491 1648 561 1722 quia
581 1648 637 1722 ipsi
659 1649 697 1704 ob
719 1648 870 1722 imperium
889 1647 919 1703 in
942 1665 974 1704 se
995 1646 1064 1703 mite
1086 1665 1120 1703 ao

54 1751 163 1806 iustum
186 1751 348 1808 consultum
371 1753 517 1820 volebant,
548 1771 636 1827 quam
658 1762 789 1828 respectu
811 1755 1026 1821 Romanorum,
1048 1749 1120 1808 Car-

54 1855 252 1930 thaginienses
274 1857 304 1912 in
326 1858 427 1913 urbem
450 1857 602 1932 accipiunt.
1192 1921 1194 1924 .

142 1958 284 2018 Consules
321 1981 339 2017 a
371 1961 539 2018 Benevento
573 1961 604 2017 in
636 1959 818 2035 Campanum
856 1977 957 2034 agrum
993 1960 1174 2033 legiones-18

55 2066 175 2135 ducunt,
196 2083 255 2121 non
277 2064 315 2121 ad
336 2063 482 2122 frumenta
499 2066 596 2135 modo,
618 2054 681 2139 quae
702 2065 806 2121 iamin
826 2065 923 2121 herbis
945 2073 1036 2134 erant,
1058 2082 1122 2120 our·

54 2169 233 2244 rumpenda,
256 2169 307 2225 sed
329 2169 368 2225 ad
391 2167 522 2244 Capuam
546 2170 787 2245 oppugnandam,
812 2170 938 2226 nubilem
962 2186 993 2226 se
1017 2170 1172 2227 consu-19
1265 2161 1268 2166 ’

54 2274 147 2330 lutum
169 2283 229 2330 tam
253 2273 396 2348 opulentae
410 2274 490 2329 urhis
512 2274 625 2332 excidio
640 2272 856 2344 rativfacturos,
878 2275 963 2331 simul
978 2275 1121 2349 elingens

54 2379 197 2454 flagitium
219 2377 342 2452 imperio
369 2378 552 2452 dempturus,
583 2380 662 2455 quod
690 2379 756 2436 urbi
779 2388 839 2435 tam
873 2379 1043 2454 propinquae
1064 2388 1121 2436 ter-

55 2484 128 2540 tium
151 2502 256 2541 annum
279 2482 423 2558 impunita
444 2483 567 2541 defectio
583 2494 667 2544 esset.
714 2482 849 2541 Ceterum
872 2504 908 2541 ne
922 2485 1120 2541 Beneventum
1134 2484 1172 2539 20

55 2589 119 2646 sine
139 2589 272 2664 praesidio
295 2569 387 2657 sisset,
413 2597 442 2644 et
463 2596 495 2645 nt
516 2589 554 2645 ad
576 2590 673 2647 subita
691 2587 775 2659 belli,
804 2589 829 2646 si
851 2589 1014 2658 Hannibal,
1042 2590 1121 2662 quod

55 2692 200 2750 facturum
221 2693 300 2750 haud
324 2692 510 2760 dubitabant,
533 2694 570 2749 ad
593 2713 678 2769 opem
700 2693 849 2763 ferendam
878 2693 964 2750 sociis
987 2692 1119 2768 Capuam

55 2799 193 2869 venisset,
214 2797 319 2873 equitis
341 2798 401 2854 vim
423 2797 564 2855 sustinere
584 2809 718 2872 possent,
743 2799 789 2858 Ti.
813 2798 980 2857 Gracchum
1002 2815 1039 2853 ex
1061 2797 1120 2852 Lu·

56 2903 138 2959 canis
173 2921 238 2960 cum
275 2888 405 2977 equitatu
442 2921 477 2960 ac
511 2901 570 2958 lavi
606 2912 755 2960 armatura
787 2905 984 2960 Beneventum
1021 2900 1121 2957 venire

55 3006 169 3077 iubant3
199 3007 363 3082 legionibus
394 3007 568 3080 stativisque
600 3007 838 3079 ad,obtinendas
866 3025 913 3064 res
941 3006 971 3062 in
992 3006 1120 3062 Lucanis

57 3110 183 3185 aliquem
204 3114 372 3187 praeficeret.
423 3113 569 3182 Graccho,
590 3111 758 3186 priusquam
781 3133 818 3170 ex
834 3111 959 3170 Lucanis
981 3121 1120 3180 moveret,
1174 3109 1214 3178 16

56 3216 231 3272 sacrificanti
251 3219 333 3275 triste
355 3217 519 3293 prodigium
546 3216 655 3274 factum
679 3226 731 3276 est.
779 3218 828 3275 Ad
861 3226 943 3288 exta,
977 3217 1150 3277 sacrificial

55 3330 232 3395 perpetratu,
257 3342 366 3398 angues
391 3324 449 3380 duo
472 3341 508 3379 ax
530 3321 643 3378 occulto
665 3321 767 3396 allapsi
796 3323 919 3379 adedere
940 3322 1028 3391 iecur,
1050 3341 1118 3379 oon*

55 3427 205 3501 spectiqns
231 3435 349 3502 repente
378 3445 415 3482 ex
444 3426 534 3482 oculis
564 3425 704 3484 abierunt.
753 3427 789 3483 Id
817 3446 903 3501 quum
932 3424 1150 3503 haruspicum3

55 3531 167 3588 monitu
190 3532 361 3589 sacrificium
383 3532 593 3588 instauraretur
614 3538 701 3604 atque
716 3530 856 3605 ,intentius
879 3541 947 3588 exta
968 3550 1119 3588 servaran-

54 3647 111 3707 tur,
126 3637 230 3693 iterum
247 3655 282 3693 ac
295 3637 410 3692 tertium
425 3635 543 3692 tradunt
557 3635 680 3709 allatpsos
693 3635 842 3709 libatoque
855 3637 981 3693 iocinera
995 3636 1119 3692 intactus

55 3759 168 3817 angues
190 3741 292 3802 abisse.
336 3741 433 3814 Quum
454 3733 623 3814 haruspices
638 3739 674 3794 ad
696 3741 901 3815 imperatorem
923 3740 953 3797 id
975 3741 1149 3816 pertinerel

54 3848 221 3924 prodigium
243 3845 482 3921 praemonuissent
511 3853 540 3902 at
569 3846 606 3900 ab
631 3845 750 3901 occultis
772 3844 932 3901 cavendum
955 3845 1119 3902 homiuibus

56 3954 268 4027 consultisque,
298 3950 378 4006 nulla
398 3958 496 4006 tamen
517 3948 700 4024 providentia
721 3948 814 4007 iatum
835 3949 987 4007 imminens
1008 3951 1120 4007 moveri
1195 3952 1198 3957 '
1222 3957 1229 3964 “

83 4065 151 4105 livius
164 4077 188 4104 ux
201 4076 243 4102 roe.
258 4061 358 4108 Madvigii.
386 4060 417 4098 lll.
888 4056 919 4102 16
