2678 4560
306 263 361 322 162
555 261 631 312 Liber
647 261 775 312 xxvm.
813 261 859 322 (A.
873 277 898 310 u.
912 278 934 316 c.
948 263 1021 328 548.)

259 447 359 516 inerat,
381 447 543 505 adornabat
563 447 707 522 promissa
736 447 867 506 cesaries
898 449 1070 522 habitusque
1098 447 1231 522 corpon's
1257 464 1302 500 nou

260 554 352 609 cultus
373 553 527 625 munditiis,
549 553 701 611 sedvirilis
726 572 795 610 vere
816 573 851 611 ao
872 553 1014 622 militaris,
1037 561 1065 610 et
1085 563 1160 610 aetas
1181 552 1210 608 iu
1226 553 1304 607 medio

232 659 364 716 uvirium
386 659 500 728 robore,
522 660 599 734 quod
619 659 731 735 plenius
752 659 925 734 nitidiusque
946 679 982 716 ex
1005 661 1108 716 morbo
1133 658 1216 714 velut
1234 675 1308 713 reno·

231 769 345 824 Bvatus
369 765 423 821 ilos
453 764 574 822 iuventas
601 764 734 824 faciebat.
783 767 881 841 Prope
908 765 1047 823 attonitus
1076 766 1146 842 ipso
1169 782 1309 838 congressu

260 870 389 928 Numida
410 871 519 946 gratias
541 871 577 928 de
597 869 695 927 fratris
717 871 776 928 filio
797 873 918 928 remisso
939 873 1010 947 agit.
1064 872 1112 929 Ex
1137 889 1176 927 eo
1197 879 1310 945 tempora

262 975 388 1033 affirmet
410 995 472 1034 eam
496 995 527 1034 se
551 977 686 1052 quesisse
708 978 905 1048 occasionem,
941 997 1028 1052 quam
1050 979 1176 1034 taudem
1199 977 1310 1032 oblatam

230 1083 344 1140 9deum
376 1083 578 1140 immortalium
608 1083 746 1140 beneficio
782 1103 839 1140 non
872 1085 1009 1143 omiserit..
1064 1082 1187 1159 Capera
1222 1101 1252 1138 se
1281 1081 1311 1138 illi

261 1190 426 1264 populoque
447 1191 581 1248 Romano
604 1207 722 1263 operam
745 1207 855 1247 navare
878 1190 934 1259 ita,
966 1199 998 1246 ut
1023 1208 1109 1246 nemo
1133 1208 1214 1246 unus
1236 1199 1310 1244 exter·

213 1298 314 1353 ltlnus
341 1297 434 1371 magis
460 1296 544 1352 enixe
573 1294 715 1358 adiuuerit
740 1313 800 1352 rem
828 1297 1001 1353 Romanam.
1058 1296 1094 1352 Id
1125 1314 1180 1365 se,
1217 1295 1307 1351 etiami

261 1403 317 1460 iam
341 1403 451 1479 pridem
473 1401 576 1470 vellet,
603 1400 696 1456 minus
719 1411 857 1476 praestare
877 1403 907 1458 in
928 1400 1089 1476 Hispania,
1117 1401 1223 1457 aliena
1244 1413 1306 1473 atque

261 1509 361 1584 ignota
383 1517 474 1576 terra,
506 1507 652 1582 potuisse;
682 1505 712 1562 in
742 1524 800 1580 qua
822 1515 916 1563 autem
939 1507 1053 1581 genitus
1075 1507 1275 1579 educatusque
1289 1505 1308 1558 iu

213 1615 245 1669 ll
261 1631 341 1689 apem
382 1613 494 1688 paterni
525 1613 606 1689 regui
634 1622 725 1682 esset,
768 1610 853 1669 facile
885 1621 1099 1687 prestaturum.
1152 1611 1188 1670 si
1215 1610 1333 1684 quiden

261 1719 381 1776 eundem
403 1717 566 1793 Scipionem
599 1720 699 1777 ducem
730 1718 760 1774 in
782 1716 914 1775 Africam
936 1715 1062 1775 Romani
1085 1716 1226 1787 mittant,
1256 1715 1310 1772 satis

213 1825 248 1880 12
262 1844 394 1901 sperare,
423 1825 572 1901 perbrevis
591 1825 644 1882 sevi
667 1823 873 1899 Carthaginem
895 1842 965 1882 esse.
1013 1823 1113 1879 Latus
1137 1841 1209 1879 eum
1232 1819 1310 1895 Scipio

262 1931 334 1988 vidit
357 1931 532 2004 audivitque,
552 1948 639 2004 quum
662 1939 749 2004 caput
770 1946 864 1986 rerum
888 1928 918 1984 iu
941 1928 1019 1986 omui
1040 1929 1173 1984 hostium
1199 1928 1309 2002 equitatu

262 2037 447 2096 Masinissam
470 2035 560 2094 fuisse
583 2035 689 2103 sciret,
722 2045 750 2092 et
771 2035 833 2110 ipae
853 2033 964 2092 iuvenis
986 2034 1132 2109 specimen
1155 2035 1246 2091 animi
1264 2050 1309 2108 pra

262 2162 294 2201 se
315 2143 413 2200 ferrat.
460 2141 533 2198 Fida
563 2140 632 2197 data
655 2149 832 2216 acceptaque
853 2139 999 2217 proiectus
1021 2149 1100 2196 retro
1122 2143 1306 2198 Tarraconen

214 2251 247 2306 13
263 2258 314 2305 eat.
361 2246 516 2305 Masinissa
537 2246 678 2322 permissu
693 2247 901 2318 Romanomm,
922 2264 959 2302 ne
979 2246 1041 2302 sine
1063 2265 1156 2305 causa
1180 2245 1304 2304 traiecisse

263 2355 292 2411 in
322 2353 514 2410 coutinentem
536 2351 699 2422 videretur,
737 2352 892 2428 populatus
921 2351 1070 2427 proximos
1103 2371 1195 2428 agros
1226 2351 1302 2410 Gaas

263 2460 356 2518 rediit.

167 2559 211 2628 36
348 2562 484 2639 MagonI,
507 2563 666 2638 desperatis
688 2563 717 2620 in
739 2563 882 2638 Hispania
903 2563 1007 2633 rebus,
1041 2565 1071 2621 in
1095 2583 1222 2639 quarum
1243 2575 1302 2635 spem

263 2671 365 2729 seditio
390 2670 513 2746 primum
535 2669 680 2739 militaris,
702 2669 805 2726 deiude
826 2667 947 2726 delectio
969 2669 1103 2726 Indibilis
1129 2672 1242 2729 animos
1259 2666 1301 2722 eius

264 2776 454 2842 sustulerant,
489 2774 604 2850 paranti
631 2775 763 2832 traiicere
790 2775 820 2830 in
843 2773 973 2832 Africam
1004 2777 1170 2832 nuntiatum
1194 2776 1231 2832 ab
1249 2771 1302 2829 Car·

264 2882 381 2957 thagine
396 2890 448 2952 est,
463 2881 562 2938 iubere
583 2891 724 2950 senatum,
745 2890 776 2937 ut
793 2881 925 2949 classem,
946 2900 1033 2956 quam
1046 2881 1184 2940 Gadibus
1195 2881 1299 2938 haberet

233 2988 294 3044 liu
331 2986 446 3044 Italiam
478 2987 639 3056 traiiceret3
670 2987 812 3044 conducta
842 2985 882 3043 ibi
915 2985 1068 3045 Gallorum
1104 3006 1140 3045 ae
1172 2988 1298 3062 Ligurum·

264 3101 372 3166 quauta
403 3091 531 3149 maxima
559 3101 674 3168 posset,
709 3093 857 3149 iuventute
885 3092 1072 3168 coniungeret
1098 3112 1128 3150 aa
1163 3083 1297 3151 Hanniball
1330 3089 1331 3142 i

262 3217 318 3255 neu
339 3215 487 3256 senescere
508 3198 613 3255 bellurn
638 3197 767 3254 maximo
788 3197 906 3272 Impetu,
928 3199 1038 3256 maiore
1056 3199 1177 3258 fortuna
1198 3205 1295 3271 ooeptuffl

233 3302 378 3361 3sineret.
428 3304 477 3360 Ad
508 3323 572 3362 eam
599 3323 660 3362 rem
688 3313 717 3360 et
748 3321 767 3359 a
789 3302 965 3380 Carthagine
985 3305 1108 3380 pecunia
1127 3303 1244 3381 Magoni
1261 3295 1296 3354 ad·

263 3419 347 3467 vecta
375 3418 433 3480 est,
465 3419 493 3468 et
524 3410 596 3486 ipse,
618 3420 756 3484 quantam
777 3409 880 3485 potuit,
902 3428 920 3466 a
941 3408 1097 3468 Gaditanis
1118 3412 1228 3486 exegit,
1254 3420 1293 3462 11011

264 3513 367 3571 erario
392 3515 479 3571 modo
503 3533 618 3586 eorum,
647 3516 697 3572 sed
722 3516 807 3573 etiam
829 3515 944 3590 templis
966 3515 1113 3590 spoliatis,
1136 3528 1166 3574 et
1186 3511 1293 3593 privatitt

265 3620 397 3676 omnibus
433 3621 541 3677 coactis
581 3639 683 3677 aurum
711 3630 919 3696 argentumque
945 3619 975 3676 iu
1004 3623 1152 3696 publicum
1182 3619 1290 3679 contem

234 3725 360 3798 4Quum
390 3727 646 3800 praeterveheretur
667 3726 817 3801 Hispanias
840 3745 938 3796 oram,
973 3727 1052 3782 haud
1073 3729 1176 3802 procul
1197 3724 1291 3786 Canta·

265 3832 331 3906 gine
346 3832 434 3888 Nova
456 3831 592 3907 expositis
614 3831 643 3888 in
665 3841 772 3888 terram
795 3831 941 3902 militibus,
965 3835 1116 3908 proximos
1130 3831 1289 3910 depopulatur

235 3941 368 4010 5agr0s3
403 3936 469 3993 inde
497 3938 535 3994 ad
562 3938 661 3994 urbem
686 3937 812 3994 classem
844 3937 963 4012 appulit.
1011 3938 1059 3996 Ibi
1086 3957 1175 4013 quum
1198 3931 1288 3996 interdu
1329 3977 1330 4026 ,

268 4041 370 4097 milites
392 4041 422 4096 in
442 4041 564 4098 navibus
585 4043 731 4112 tenuisset,
753 4051 836 4099 nocte
854 4043 883 4098 iu
905 4043 972 4100 litus
992 4045 1141 4120 expositos
1158 4045 1195 4102 ad
1208 4053 1285 4120 parteu
1329 4031 1330 4086 l
