2700 4426
262 229 300 284 92
522 224 601 273 Liber
617 225 733 278 XXVII.
771 225 819 288 (Δ.
832 240 859 278 u.
872 239 896 276 c.
913 223 989 288 blo.)

220 412 249 466 in
268 410 407 485 Apuliam
430 427 468 465 ex
485 409 606 465 Bruttiis
624 409 757 480 reditum,
780 416 808 465 et
822 410 896 465 inter
908 406 1069 464 Venusiam
1086 405 1282 478 Bantiamque,

148 509 152 517 ’
221 514 315 571 minus
337 513 421 570 trium
446 512 564 569 millium
588 531 725 587 passuum
747 513 912 584 intervallo,
934 511 1068 570 consules
1089 510 1169 568 binis
1190 509 1283 566 castris

175 623 209 676 14
223 620 421 677 consederunt.
470 619 506 674 ln
530 618 649 674 eandem
672 619 820 692 regionem
845 625 874 674 et
894 617 1045 675 Hannibal
1067 615 1165 684 rediit,
1188 631 1284 670 averso

223 725 261 780 ab
289 723 391 780 Locris
420 723 506 781 bello.
554 723 600 780 Ibi
628 724 760 780 consules
791 724 879 780 ambo
909 723 1026 797 ingenio
1057 720 1174 777 feroces
1201 736 1287 793 prope

223 828 352 903 quotidie
372 829 401 884 in
425 828 487 884 acie
508 837 604 899 stare,
636 828 715 885 haud
737 829 825 885 dubia
847 845 914 902 spe,
946 827 971 884 si
989 826 1104 883 duobus
1118 824 1288 882 exercitibus

225 933 425 990 consularibus
451 933 555 989 iunctis
588 933 780 990 commisisset
800 951 863 991 sese
884 932 993 1003 hostis,
1027 929 1169 987 debellari
1196 945 1288 1003 posse.

128 1024 172 1094 26
227 1038 384 1107 Hannibal,
401 1037 469 1110 quia
487 1055 551 1094 cum
568 1039 708 1095 Marcello
725 1039 770 1095 bis
787 1038 884 1113 priore
904 1056 980 1094 auno
995 1051 1172 1110 congressus
1183 1032 1292 1089 vicerat

224 1143 375 1215 victusque
397 1148 467 1211 erat,
489 1151 529 1212 ut,
552 1160 616 1198 cum
640 1143 741 1199 eodem
764 1143 788 1199 si
811 1141 1005 1198 dimicandum
1027 1140 1114 1209 foret,
1136 1155 1193 1194 nec
1214 1155 1292 1211 spem

224 1266 276 1305 nec
299 1258 405 1304 metum
429 1265 465 1302 ex
486 1266 564 1305 vano
585 1249 720 1319 haberet,
752 1249 792 1305 ita
815 1248 928 1304 duobus
950 1246 1118 1303 consulibus
1140 1243 1293 1318 haudqua-

194 1355 312 1426 2quam
348 1369 411 1409 sese
441 1372 540 1427 parem
570 1352 696 1410 futurum
733 1353 884 1422 credeban
917 1353 1016 1426 itaque
1043 1359 1124 1408 totus
1160 1349 1193 1404 in
1229 1365 1293 1404 suas

194 1462 303 1516 3ertes
324 1476 425 1514 versus
447 1458 558 1516 insidiis
580 1460 675 1516 locum
696 1461 852 1533 quaerebat.
884 1458 977 1515 Levia
993 1467 1090 1513 temen
1102 1434 1293 1530 proeliainter

226 1563 294 1619 bina
334 1572 430 1619 castra
461 1564 545 1620 vario
581 1573 686 1620 eventu
725 1564 842 1621 fiebant.
901 1563 1014 1636 Quibus
1050 1580 1141 1636 qaum
1183 1559 1294 1615 extrahi

225 1674 354 1723 aestatem
389 1683 475 1741 posse
507 1669 639 1724 consules
675 1669 840 1738 crederent,
873 1666 963 1725 nihilo
993 1667 1089 1725 minus
1125 1664 1294 1740 oppugnari

225 1773 336 1830 Locros
358 1791 445 1848 posse
466 1774 532 1841 rati,
555 1774 590 1830 L.
615 1772 725 1843 Cincio,
748 1782 779 1829 ut
799 1790 836 1829 ex
860 1771 959 1831 Sicilia
979 1775 1090 1830 Locros
1115 1769 1296 1827 cumulasse

194 1877 382 1948 ltraiiceret,
415 1879 558 1948 scribunt3
599 1886 627 1935 et
648 1888 680 1935 ut
702 1879 738 1934 ab
760 1887 839 1935 terra
861 1896 977 1952 quoque
999 1874 1169 1951 oppugnari
1194 1873 1298 1932 moenia

224 1991 357 2058 possent,
393 2002 410 2038 a
438 1985 568 2041 'ferento
605 1991 717 2058 partem
746 1983 905 2055 exercitus,
939 1981 1038 2057 quiin
1060 1980 1206 2056 presidio
1229 1989 1298 2048 erat,

194 2088 289 2145 bduci
316 2107 350 2145 eo
382 2088 535 2147 iusserunt.
584 2087 630 2145 Ea
667 2088 709 2144 ita
749 2086 847 2142 futura
879 2106 931 2161 per
965 2087 1107 2162 quosdam
1147 2085 1298 2142 Thurinos

224 2203 374 2267 comperte
385 2191 545 2249 Hannibali
568 2209 655 2264 quum
679 2200 783 2259 essent,
806 2192 892 2248 mittit
912 2193 950 2249 ad
971 2191 1157 2248 insidendum
1182 2192 1221 2246 ab
1242 2190 1299 2246 Ta·

225 2308 306 2353 rento
329 2297 414 2356 viam.
464 2297 510 2352 Ibi
532 2297 586 2352 sub
609 2296 860 2376 tumulo-Peteliae
882 2297 938 2353 tria
961 2296 1050 2353 millia
1073 2295 1222 2369 equitum,
1245 2295 1299 2351 duo

195 2401 352 2475 bpeditum
375 2401 540 2458 inocculto
563 2402 676 2470 loceta;
699 2403 729 2457 iu
752 2420 816 2475 quae
838 2401 1021 2477 inexplorato
1044 2410 1149 2457 euntes
1172 2400 1300 2458 Romani

226 2524 313 2578 quum
344 2505 528 2575 incidissent,
564 2507 601 2562 ad
629 2507 686 2562 duo
715 2506 804 2562 millia
831 2518 1007 2564 armatorum
1033 2525 1126 2575 eaesa,
1171 2506 1253 2563 mille
1275 2517 1300 2563 et

226 2611 373 2685 quingenti
389 2609 480 2666 ferme
496 2611 556 2666 vivi
572 2611 658 2685 eapti,
681 2611 730 2667 alii
745 2611 877 2685 dissipati
891 2612 962 2686 fuga
980 2629 1032 2685 per
1045 2629 1135 2685 agros
1148 2612 1300 2686 saltusque

225 2718 385 2772 Tarentum
407 2715 525 2772 rediere.

196 2825 211 2876 7
309 2821 451 2877 Tumulus
483 2831 546 2877 erat
574 2821 713 2877 silvestris
744 2819 820 2876 iuter
840 2820 953 2876 Punica
980 2829 1008 2875 et
1028 2821 1169 2876 Romana
1192 2826 1300 2888 castra,

226 2927 263 2982 eb
287 2927 396 2983 neutris
418 2927 512 3001 primo
536 2936 708 3000 occupatus,
746 2925 815 2999 quia
837 2925 979 2994 Romani,
1013 2924 1106 2997 qualis
1130 2941 1205 2997 pars
1231 2924 1300 2991 eius,

227 3048 290 3103 quae
311 3040 444 3105 vergeret
466 3032 502 3087 ad
524 3031 650 3087 hostium
673 3039 784 3099 castre,
807 3039 898 3099 esset,
919 3029 1108 3103 ignorabant,
1147 3029 1302 3086 Hannibal

195 3134 336 3196 8insidiis
370 3154 456 3208 quam
480 3137 581 3192 cestris
605 3137 746 3210 aptiorem
770 3154 834 3191 eum
860 3133 1030 3191 crediderat.
1078 3133 1190 3207 ltaque
1214 3143 1302 3192 nocte

227 3240 315 3296 adid
338 3241 441 3295 missas
464 3240 577 3314 aliquot
598 3242 791 3297 Numidarum
819 3249 930 3296 turmas
952 3238 1048 3294 medio
1070 3237 1099 3292 in
1124 3239 1206 3296 saltu
1235 3258 1302 3296 con·

226 3343 354 3414 diderat,
377 3362 499 3417 quorum
521 3345 643 3401 interdiu
667 3363 751 3401 nemo
774 3346 812 3401 ab
835 3344 959 3400 statione
982 3343 1165 3414 movebatur,
1188 3362 1231 3400 ne
1255 3356 1304 3402 aut

195 3454 309 3507 9arma
343 3457 394 3504 aut
425 3449 480 3523 ipsi
514 3449 614 3523 procul
651 3449 894 3523 conspicerentur.
944 3448 1121 3504 Fremebant
1150 3449 1250 3524 vulgo
1276 3449 1304 3506 in

227 3553 329 3609 castris
358 3554 516 3624 Romanis,
557 3556 756 3630 occupandum
785 3574 849 3611 eum
872 3553 1013 3609 tumulum
1036 3570 1099 3609 esse
1124 3562 1154 3608 et
1176 3555 1303 3611 castello

226 3657 414 3727 firmandum,
451 3678 503 3730 ue,
538 3661 562 3716 si
591 3669 748 3735 occupatus
779 3662 816 3717 ab
840 3659 1008 3717 Hannibale
1034 3657 1127 3728 foret,
1164 3660 1304 3718 velutin

178 3769 213 3823 10
227 3762 386 3818 cervicibus
419 3764 559 3822 haberent
592 3768 715 3822 hostem.
763 3765 859 3822 Movit
892 3784 927 3821 ee
958 3781 1005 3820 res
1036 3762 1239 3835 Marcellum,
1278 3775 1306 3822 et

227 3866 345 3942 collegae
369 3867 464 3940 „Quin
486 3870 580 3927 imus“
604 3871 698 3944 inquit
722 3870 796 3946 „ipsi
819 3889 883 3927 cum
908 3868 1051 3943 equitibus
1073 3867 1177 3941 paucis
1196 3869 1305 3943 explo-

227 3972 342 4030 ratum?
389 3972 526 4034 Subiecta
553 3995 600 4035 res
626 3976 716 4033 oculis
748 3975 855 4032 nostris
877 3974 982 4031 certius
1005 3973 1085 4031 dabit
1110 3973 1303 4034 consilium.“

265 4122 394 4160 A.
