2748 4556
419 260 496 310 aaa
513 260 600 312 xxx,
637 262 683 324 (a.
698 260 746 315 cn.
760 262 834 340 nos.)
1053 267 1111 322 235

66 445 181 520 quam
196 444 318 502 victoria
340 438 404 514 fuit,
429 444 498 519 quia
520 445 646 518 equestri
666 445 866 502 tantummodo
888 446 991 519 proelio
1014 455 1152 504 certatum

65 549 196 608 fuerat.
239 551 309 608 Non
331 549 395 625 plus
418 549 545 624 quinque
568 549 658 606 millia
680 550 785 619 occisa,
808 549 901 607 minus
923 549 1072 607 dimidium
1093 551 1185 608 eius5

69 657 240 714 hominum
270 665 386 730 captum
416 664 475 723 est,
509 654 618 729 impetu
650 654 678 711 in
707 665 803 712 eastra
831 653 920 724 iacto,
943 673 1000 728 quo
1022 656 1155 730 perculsa

71 781 160 838 rege
184 761 293 820 amisso
316 760 470 816 multitudo
491 778 522 815 se
545 760 716 817 contulerat.

177 866 260 926 Cirta
281 876 369 941 eaput
382 864 464 939 regni
480 863 623 940 Syphacis
638 877 714 935 erat;
737 884 830 941 eoque
846 865 947 941 ingens
963 885 991 922 se
1005 864 1152 922 hominum
1168 867 1185 920 3

79 971 215 1029 contulit
236 972 290 1028 vis.
338 968 496 1027 Masinissa
518 971 573 1028 sibi
596 970 709 1044 quidem
734 972 830 1028 dicere
851 970 922 1027 nihil
945 989 1008 1028 esse
1028 971 1058 1026 in
1080 971 1186 1043 pra-6

82 1059 189 1133 sentia
211 1075 358 1150 pulchrius
380 1094 467 1149 quam
490 1076 629 1132 victorem
651 1085 852 1151 recuperatum
877 1087 958 1132 tanto
980 1086 1047 1151 post
1067 1076 1154 1132 inter·

84 1181 174 1239 vallo
203 1181 329 1256 patrium
358 1181 482 1238 invisere
509 1199 646 1255 regnum3
677 1182 735 1238 sed·
750 1193 809 1236 tam
832 1181 965 1237 secundis
988 1200 1076 1255 quam
1103 1179 1154 1236 ad·

80 1287 185 1344 versis
214 1287 301 1343 rebus
327 1303 387 1342 non
414 1285 478 1342 dari
507 1285 633 1360 spatium
664 1285 701 1340 ad
732 1287 918 1353 cessandum
950 1285 974 1342 ei
996 1303 1027 1342 se
1049 1285 1185 1342 Laeliusl

84 1412 158 1450 oum
200 1391 329 1467 equitatu
362 1391 517 1464 vinctoque
556 1389 691 1464 Syphace
726 1389 835 1448 Cirtam
876 1391 1038 1466 praecedere
1071 1390 1155 1456 sinat,

86 1499 209 1573 trepida
237 1498 336 1554 omnia
364 1507 441 1552 metu
468 1515 500 1552 se
521 1513 746 1570 oppressurum3
783 1496 902 1552 Laelium
926 1514 990 1552 oum
1013 1494 1156 1569 peditibus

85 1603 233 1677 subsequi
262 1601 383 1661 modicis
416 1601 565 1658 itineribus
598 1619 694 1675 posse.
731 1600 917 1658 Assentiente
949 1599 1049 1670 Laelio,
1082 1599 1188 1673 pree-8

86 1725 211 1783 gressus
234 1705 360 1778 Cirtam,
396 1707 512 1764 evocari
542 1706 579 1763 ad
606 1705 781 1779 colloquium
810 1706 955 1780 principes
984 1704 1155 1762 Cirtensium

88 1813 182 1871 iubet.
231 1811 290 1870 Sed
320 1813 398 1886 apud
425 1811 543 1885 ignaros
569 1811 646 1884 regis
677 1829 761 1867 casus
788 1828 850 1879 nec,
875 1829 940 1884 quse
963 1823 1029 1868 aeta
1053 1821 1156 1874 essent,

89 1915 255 1991 promendo
284 1935 337 1973 neo
368 1917 451 1973 minis
481 1935 535 1972 nee
561 1915 709 1971 suadendo
747 1925 814 1971 ante
844 1915 949 1985 valuit,
984 1935 1070 1988 quam
1104 1934 1157 1971 rex

88 2022 208 2079 vinctus
229 2021 259 2078 in
281 2033 466 2097 conspectum
489 2023 575 2078 datus
597 2033 649 2080 est.
698 2021 774 2076 'l'um
805 2021 856 2096 ad¹
870 2021 1066 2095 spectaculum
1096 2019 1188 2078 tam9

89 2105 207 2184 fredum.
235 2127 427 2202 comploratio
456 2137 538 2195 orta,
574 2139 602 2182 et
632 2125 736 2200 partim
759 2144 870 2199 pavore
892 2125 998 2181 moenia
1019 2135 1086 2181 sunt
1108 2127 1156 2182 de-

91 2243 182 2301 serta,
205 2232 312 2307 partim
334 2232 484 2307 repentino
506 2249 647 2289 consensu
670 2229 794 2304 gratiam
818 2230 896 2304 apud
917 2229 1056 2287 victorem
1079 2250 1157 2304 quae·

91 2338 219 2395 rentium
242 2336 395 2413 patefactae
417 2348 516 2411 portae.
560 2336 599 2393 Et
620 2334 786 2404 Masinissa,
808 2334 941 2409 praesidio
965 2336 1042 2393 cirea
1056 2346 1157 2410 portas
1175 2339 1209 2392 10

94 2453 321 2519 opportunaque
343 2442 478 2499 moenium
501 2442 629 2510 dimisso,
651 2460 687 2496 ne
709 2440 755 2496 cui
774 2439 851 2516 iuga
865 2452 978 2516 pateret
993 2441 1097 2510 exitus,
1119 2441 1157 2497 ad

93 2549 206 2624 regiam
230 2547 430 2622 occupandam
453 2547 541 2603 citato
564 2546 645 2603 vadit
666 2565 751 2621 aquo.

179 2654 304 2710 Intranti
332 2652 504 2710 vestibulum
538 2655 568 2710 in
596 2654 660 2728 ipso
682 2652 780 2708 limine
802 2651 982 2726 Sophoniba,
1004 2670 1079 2707 uxor
1102 2649 1156 2725 Sy·
1175 2655 1206 2707 ll

94 2759 212 2834 phasis,
247 2758 308 2814 lilia
329 2757 523 2814 Hasdrubalis
545 2756 648 2826 Poeni,
679 2756 817 2826 occurrit,
851 2767 880 2812 et
902 2777 989 2832 quum
1012 2757 1041 2812 in
1063 2756 1157 2812 medio

94 2864 211 2938 agmine
227 2872 406 2919 armatorum
418 2862 604 2918 Masinissam
621 2860 762 2934 insignem
775 2879 862 2934 quum
876 2862 973 2931 armis,
990 2871 1050 2917 tum
1062 2871 1158 2917 cetero

95 2968 197 3025 habitu
219 2967 433 3042 conspexisset,
460 2986 559 3042 regem
585 2985 663 3034 esse,
681 2965 711 3021 id
734 2966 813 3040 quod
835 2978 913 3034 erat,
934 2975 1015 3034 rata,
1037 2965 1158 3040 genibus

96 3074 236 3130 advoluta
259 3073 335 3130 eius:
374 3071 500 3142 „Omnia
523 3071 638 3146 quidem
662 3082 816 3144 utposses
838 3069 987 3140 innubis,
1024 3069 1053 3125 di
1073 3069 1158 3125 dede·
1176 3071 1210 3126 12

97 3189 164 3236 runt
186 3178 339 3252 virtusque
360 3187 388 3234 et
409 3176 533 3233 felicitas
556 3188 622 3245 tua3
644 3176 695 3232 sed
717 3176 741 3232 si
763 3175 886 3251 captivae
910 3177 988 3250 apud
1011 3174 1157 3230 dominum

95 3285 163 3341 vitas
193 3283 330 3356 necisque
356 3301 415 3339 suae
439 3301 540 3339 vocem
570 3281 728 3356 supplicem
758 3280 870 3337 mittere
890 3280 972 3350 licet,
1008 3280 1032 3336 si
1052 3273 1159 3353 genua,

96 3391 120 3447 si
142 3388 290 3446 victricem
319 3388 460 3462 attingere
490 3387 641 3457 dextram,
672 3405 776 3461 precor
805 3403 961 3458 quaesoque
988 3402 1041 3458 per
1070 3381 1159 3437 maie·
1175 3383 1212 3437 13

97 3505 200 3552 statem
220 3492 350 3568 regiam,
384 3493 413 3547 in
445 3511 504 3566 qua
531 3491 618 3566 paulo
648 3502 715 3546 ante
736 3507 789 3546 nos
811 3507 928 3563 quoque
950 3486 1076 3555 fuimuS,
1108 3503 1168 3560 per·

97 3575 191 3675 gentis
214 3583 408 3656 Numidarum
431 3614 552 3666 nomen,
590 3596 668 3669 quod
690 3595 742 3652 tibi
763 3612 827 3650 oum
851 3593 987 3668 Syphace
1008 3609 1160 3648 commune

98 3705 165 3774 fuit,
204 3722 257 3778 per
288 3703 407 3760 huiusce
436 3699 523 3773 regiae
554 3701 640 3769 deos,
675 3699 724 3772 qui
757 3709 786 3754 te
820 3697 987 3754 melioribus
1016 3693 1160 3752 ominibus

102 3803 253 3883 accipiant,
276 3826 364 3881 quam
383 3807 547 3882 Syphacem
561 3805 629 3862 hinc
644 3803 791 3872 miserunt,
813 3805 889 3860 hanc
904 3801 1017 3859 veniam
1038 3791 1160 3874 supplici
1176 3803 1211 3856 14

100 3916 166 3984 des,
202 3923 233 3970 ut
262 3913 340 3987 ipse,
373 3911 567 3986 quodcunque
594 3908 650 3966 fert
679 3907 808 3977 animus,
839 3908 875 3964 de
903 3907 1020 3982 captiva
1049 3915 1160 3962 statuas

100 4035 192 4102 neque
224 4035 270 4072 me
299 4016 328 4072 in
358 4016 527 4089 cuiusquam
550 4013 676 4072 Romani
705 4014 863 4088 superbum
894 4022 922 4068 et
944 4010 1059 4067 crudele
1081 4007 1161 4065 arbi·
