2678 4560
327 270 381 328 152
573 267 651 318 Liber
667 267 795 318 xxvm.
831 267 879 332 (Δ.
893 284 918 317 ιι.
933 285 956 318 ο.
972 268 1045 329 548.)

231 455 267 509 14
280 454 489 514 cumluderuut.
538 453 614 510 'l'um
637 454 730 510 omnis
753 451 863 512 ferocia
884 454 1009 512 concidit
1030 463 1066 526 et,
1090 464 1124 512 ut
1145 463 1244 529 postea
1261 453 1316 510 late·

279 564 398 632 bantur,
433 560 504 618 nihil
531 579 612 636 teque
642 578 692 618 eos
722 560 824 616 terruit
853 579 942 636 quam
969 571 1074 636 praeter
1100 578 1185 636 apem
1205 561 1319 617 roburet

279 669 357 727 colos
374 664 567 743 imperatoris,
590 687 674 742 quem
691 663 827 724 affectum
839 665 953 722 visuros
965 665 1161 735 crediderant,
1182 664 1320 738 vultusque,

232 773 266 827 15
280 775 394 851 qualem
421 791 458 830 ue
483 773 514 829 in
541 773 603 829 acie
633 772 748 846 quidem
772 771 889 829 aiebant
913 771 1087 828 meminisse.
1138 771 1221 830 Sedit
1240 774 1321 830 tacitus

279 881 440 958 paulisper,
476 879 568 936 donec
597 878 758 936 nuntiatum
784 886 843 948 est,
876 877 1016 934 deductos
1037 877 1067 933 in
1088 876 1193 935 forum
1215 889 1321 936 aucmre

184 977 226 1046 27
279 985 427 1044 seditionis
449 993 478 1041 et
499 993 602 1058 parata
624 985 722 1042 omnia
744 1003 814 1042 esse
862 983 938 1041 Tum
969 983 1084 1041 silentio
1107 1004 1165 1060 per
1186 1004 1323 1060 praeconem

276 1091 354 1148 facto
375 1091 418 1148 ita
438 1090 537 1165 erepit:

362 1197 537 1270 „Nunquam
570 1195 639 1252 mibi
673 1193 837 1252 defuturam
871 1195 1050 1267 orationem,
1091 1215 1157 1272 qua
1192 1197 1320 1254 exercitur

247 1300 372 1362 2meum
409 1303 588 1378 alloquerer,
621 1300 743 1371 credidi,
776 1319 834 1357 nou
867 1319 924 1375 quc
957 1301 1049 1359 verba
1080 1321 1219 1377 unquam
1252 1304 1316 1378 potia

278 1429 365 1484 qnam
391 1427 437 1466 res
468 1407 659 1478 exercuerim,
697 1406 747 1462 sed
776 1406 844 1480 quia
873 1425 963 1482 prope
994 1427 1012 1464 a
1041 1407 1174 1483 pueritia
1196 1408 1227 1464 in
1248 1407 1316 1464 castris

247 1513 392 1572 3habitus
421 1531 571 1572 assuerum
593 1511 765 1570 militaribus
786 1511 922 1584 ingeniis3
959 1513 997 1569 ad
1018 1531 1072 1570 vos
1096 1514 1327 1596 quemadmodum}

276 1620 396 1693 loquar,
428 1637 481 1675 nec
511 1618 661 1676 consilium
691 1635 743 1674 nee
772 1617 866 1674 cretio
896 1619 1080 1695 suppeditat,
1115 1638 1196 1695 quos
1225 1638 1259 1675 ne
1282 1607 1327 1691 qno¹

245 1725 391 1782 lnomine
412 1724 527 1799 quidem
550 1724 698 1800 appellare
719 1723 849 1794 debeam,
871 1724 941 1787 scio.
988 1723 1096 1783 Cives?
1139 1726 1194 1800 qui
1215 1744 1234 1782 a
1250 1725 1318 1799 patris

275 1840 372 1887 vestra
401 1831 540 1888 descistis.
594 1834 644 1888 An
676 1827 799 1886 milites?
847 1829 896 1902 qui
931 1829 1084 1905 imperium
1121 1832 1315 1908 auspiciumque

274 1936 428 2004 abnuistis,
449 1936 622 1994 sacramenti
645 1935 812 2011 religionem
834 1934 961 2010 rupistis.
1017 1936 1151 1994 Hostes?
1201 1935 1315 2010 Corpore

274 2061 335 2112 ora,
358 2042 501 2111 vestitum,
522 2042 654 2099 habitum
677 2041 782 2098 civium
805 2058 948 2116 agnosco;
970 2040 1068 2113 facta,
1090 2043 1191 2114 diota,
1215 2039 1313 2099 conulb

244 2145 385 2206 5auimos
414 2148 540 2205 hostium
562 2148 656 2204 video.
704 2147 781 2220 Quid
808 2148 882 2204 euim
905 2165 975 2218 vos,
1010 2149 1065 2205 uisi
1096 2149 1181 2224 quod
1204 2149 1313 2221 Ilergete

273 2273 307 2312 ac
329 2254 477 2323 Lacetani,
513 2263 565 2311 ant
587 2253 708 2329 optastis
732 2253 810 2309 aliud
832 2262 882 2310 aut
903 2254 1063 2328 sperastis?
1112 2256 1155 2313 Et
1176 2255 1218 2312 illi
1239 2261 1326 2331 umen,

272 2359 461 2415 Mandonium
497 2369 584 2434 etque
610 2359 780 2426 Indibilem,
812 2359 898 2435 regia
925 2358 1084 2416 nobilitatis
1113 2363 1212 2434 viros,
1246 2347 1326 2415 dunel

272 2464 376 2522 furoris
404 2465 494 2520 secuti
520 2473 600 2534 suut;
632 2483 686 2522 vos
715 2465 873 2540 euspicium
899 2473 928 2522 et
955 2465 1107 2540 imperium
1132 2468 1172 2524 ad
1193 2466 1306 2526 Umbmu

242 2569 389 2628 6Atrium
411 2579 439 2626 et
457 2569 595 2627 Calenum
619 2570 739 2628 Albium
763 2570 915 2628 detulistis.
961 2570 1078 2645 Negata
1099 2591 1156 2630 vos
1185 2573 1214 2628 id
1234 2585 1306 2627 omues

271 2677 373 2734 fecisse
404 2687 454 2734 aut
473 2674 582 2733 factum
610 2675 750 2746 voluisse,
784 2675 903 2746 milites,
934 2695 1094 2751 paucorum
1118 2695 1184 2733 eum
1205 2675 1302 2732 summu

271 2793 358 2859 atque
386 2782 541 2840 amentiam
568 2800 641 2853 esse,
672 2767 793 2840 libenter
814 2783 928 2840 credam
955 2783 1144 2858 negantibus;
1176 2800 1228 2838 nec
1253 2777 1302 2834 eur

271 2909 305 2947 ea
335 2899 401 2946 suut
432 2888 600 2959 commissa,
634 2907 706 2963 quae,
734 2890 854 2963 vulgata
883 2890 913 2944 iu
934 2907 1048 2944 omnem
1071 2889 1236 2954 exercitum,
1261 2882 1300 2938 siu

242 2995 390 3071 7piaculis
416 2993 579 3070 ingentibus
608 2995 719 3069 expiari
747 2994 868 3068 possint.
915 2993 1027 3052 Invitus
1049 3012 1086 3050 ea
1107 3003 1242 3069 tanquam
1260 2985 1299 3044 ml·

270 3119 340 3157 nera
371 3100 498 3174 attingo,
532 3099 583 3156 sed
612 3100 667 3156 nisi
691 3109 769 3158 tacta
791 3109 974 3174 tractataque
995 3099 1094 3156 sanari
1116 3117 1175 3155 non
1198 3105 1297 3173 possunt

239 3204 431 3281 8Equidem,
464 3205 555 3280 pulsis
577 3205 723 3279 Hispania
746 3204 1048 3281 Carthaginiensibus,
1084 3203 1181 3260 nullos
1198 3199 1295 3260 honbe

270 3311 422 3368 credebam
448 3328 527 3380 esse,
561 3311 610 3368 ubi
632 3311 693 3367 vita
714 3313 802 3367 inviso
824 3320 899 3368 esset
921 3329 997 3380 mea;
1025 3311 1066 3367 sic
1089 3329 1142 3382 me
1156 3328 1212 3367 non
1230 3303 1294 3362 solun

239 3418 407 3473 9adversus
434 3417 529 3474 socios
558 3435 725 3492 gesseram,
760 3417 810 3474 sed
845 3417 931 3474 etism
961 3417 1102 3474 adversus
1139 3419 1244 3478 hostez
1274 3405 1292 3460 1¹¹

269 3523 370 3578 castris
407 3541 442 3578 en
479 3523 549 3579 meis
589 3523 741 3596 (quantum
792 3522 889 3598 opinio
932 3519 1059 3595 fefellitl)
1112 3523 1193 3580 fama
1224 3511 1292 3576 mortis

219 3630 255 3684 10
269 3646 339 3684 mea
353 3647 410 3684 non
426 3637 546 3702 acceptu
561 3627 664 3696 solum,
691 3629 742 3684 sed
757 3627 843 3684 etiam
856 3637 1024 3703 exspectata
1038 3639 1091 3686 est.
1124 3630 1228 3687 Verum
1244 3614 1288 3695 quid

269 3750 323 3806 ego
355 3733 468 3809 vulgari
492 3734 604 3792 facinus
627 3751 679 3808 per
709 3752 808 3790 omnes
836 3732 944 3791 velim?
992 3735 1154 3808 Equidem,
1184 3735 1207 3791 si
1227 3737 1287 3786 tone

269 3837 424 3894 exercitum
453 3859 548 3898 meum
578 3848 701 3897 mortem
732 3840 800 3896 mihi
831 3849 947 3915 optasse
969 3841 1133 3913 crederem,
1163 3841 1206 3898 bio
1222 3831 1286 3894 sudu

269 3953 335 3999 ente
357 3943 455 4000 oculos
477 3953 589 4002 vestros
612 3963 749 4016 morerer,
771 3964 823 4002 nec
843 3965 889 4003 me
907 3946 969 4003 vita
981 3947 1095 4004 iuvaret
1110 3948 1201 4005 invisa
1212 3940 1287 4002 nolu

220 4047 249 4070 ⁴¹
269 4056 297 4103 et
318 4046 454 4104 militibus
482 4050 563 4109 meis.
621 4050 681 4108 sed*
707 4050 858 4109 multitudo
888 4053 980 4110 omnis
1009 4053 1082 4110 sicut
1109 4063 1208 4112 natura
1230 4039 1285 4104 mm
