2674 4542
148 2496 190 2564 18

288 219 345 279 188
552 214 631 264 Liber
647 213 748 267 XXIV.
786 215 833 276 (A.
848 229 874 264 u.
887 227 911 263 e.
926 215 1001 275 ⁵40.)

214 403 323 460 3viam
345 401 420 459 hosti
443 407 528 475 parat
549 417 602 456 nee
625 416 736 455 moram
760 396 917 454 dimicandi
942 395 1047 453 facere.
1103 395 1141 454 C.
1169 394 1274 453 Claudi
1332 384 1333 416 l

245 509 392 566 Neronem
427 524 491 564 cum
525 505 631 561 robore
664 503 792 576 equitum
826 502 939 560 silentio
971 501 1067 558 noetis
1100 520 1160 576 per
1190 521 1230 558 av

246 613 372 670 maxime
404 612 441 669 ab
473 611 557 666 hoste
584 617 699 683 portam
732 607 851 674 emittit,
884 608 1180 681 circumvectumque
1215 625 1280 662 occu
1332 596 1334 629 ³

245 716 509 792 subsequisensim
534 732 638 789 agmen
660 712 786 769 hostium
812 712 892 768 iubet
912 721 949 782 et,
972 731 1061 787 quum
1085 721 1232 769 coortum
1247 732 1279 786 pr
1332 725 1333 735 ¹

215 823 313 879 ilium
348 822 475 888 videret,
508 819 545 875 ab
572 828 654 892 tergo
678 835 710 872 se
738 815 872 876 obiicere.
931 817 966 874 Id
996 837 1095 874 errore
1131 817 1252 874 viarum

246 927 403 1000 exiguitate
425 923 562 998 temporis
584 923 665 978 Nero
697 921 817 996 exsequi
838 941 897 978 non
923 922 1065 997 potuerit,
1093 923 1247 980 incertum
1268 915 1333 983 reb

214 1033 375 1092 5Absente
397 1050 432 1086 eo
456 1047 543 1103 quum
565 1021 699 1102 proelium
722 1027 906 1083 commissum
929 1036 1014 1092 esset,
1036 1028 1182 1102 superior
1206 1029 1310 1103 quidem

243 1138 321 1196 haud
344 1123 430 1194 dubie
450 1135 599 1192 Romanus
624 1140 701 1200 erat3
733 1132 784 1188 sed
816 1130 885 1204 quia
913 1130 1023 1205 equites
1050 1149 1112 1188 non
1145 1131 1261 1190 affuere
1285 1118 1333 1188 ie'l

243 1252 382 1317 tempore,
404 1240 479 1297 ratio
502 1238 670 1312 compositae
691 1237 732 1293 rei
755 1237 872 1292 turbata
894 1245 946 1292 est.
993 1238 1063 1294 Non
1086 1255 1185 1294 ansus
1208 1178 1326 1312 inseqnii

244 1347 376 1404 cedentes
408 1342 564 1400 Marcellus
600 1341 781 1398 vincentibus
813 1341 872 1397 suis
905 1341 1017 1416 signum
1053 1345 1192 1418 receptui
1234 1292 1326 1427 dediti

214 1453 314 1509 bPlus
345 1461 442 1507 tamen
470 1449 527 1504 duo
554 1447 649 1503 millia
674 1447 800 1503 hostium
827 1465 861 1503 eo
885 1445 931 1502 die
953 1465 1028 1504 eaesa
1049 1447 1229 1517 traduntur,
1259 1448 1325 1549 R⁰'l

214 1555 320 1614 'lmani
351 1555 445 1611 minus
480 1552 691 1626 quadringenti.
753 1550 830 1610 Solis
862 1549 923 1608 iere
957 1571 1064 1608 occasu
1093 1553 1202 1622 Nero,
1241 1554 1326 1609 dieat

243 1669 414 1733 noctemque
436 1658 628 1731 nequicquam
653 1656 784 1731 fatigatis
808 1657 889 1729 equis
912 1657 1155 1731 hominibusque,
1187 1678 1227 1716 ne
1253 1659 1305 1714 viso
1332 1661 1333 1686 ³

244 1764 358 1838 quidem
382 1764 465 1821 hoste
488 1764 612 1833 rediens,
635 1765 708 1820 adeo
730 1760 859 1836 graviter
881 1771 925 1819 est
939 1764 977 1819 ab
1000 1764 1120 1820 consule
1143 1765 1304 1840 increpitus
1318 1706 1327 1831 i

243 1878 275 1925 ut
304 1888 356 1944 per
389 1888 454 1926 eum
487 1868 600 1924 stetisse
629 1868 750 1936 diceret,
779 1885 837 1940 quo
867 1868 961 1924 minus
983 1879 1104 1943 accepta
1130 1871 1174 1926 ad
1197 1836 1327 1955 canna!

213 1971 410 2031 8redderetur
437 1975 514 2032 hosti
542 1973 647 2031 clades.
680 1974 820 2039 ,Postero
850 1973 897 2028 die
918 1975 1069 2030 Romanus
1091 1975 1121 2030 in
1146 1975 1244 2031 aciem
1266 1959 1328 2030 de·¹

243 2080 362 2149 scandit,
381 2081 499 2150 Poenus,
521 2078 609 2135 tacita
624 2078 710 2134 etiem
727 2077 909 2135 confessione
924 2078 1026 2147 victus,
1042 2078 1146 2136 castris
1163 2097 1197 2136 se
1212 2079 1302 2135 tenuit.
1332 2078 1333 2110 ³

243 2185 344 2242 Tertio
367 2185 412 2241 die
434 2184 546 2240 silentio
569 2183 672 2253 noctis,
694 2183 802 2238 omissa
824 2201 875 2258 spe
890 2183 974 2240 Nolae
991 2184 1149 2258 potiundae,
1176 2185 1220 2240 rei
1241 2203 1303 2240 nun·
1332 2185 1333 2194 ’

245 2305 331 2362 quam
353 2306 493 2362 prospere
514 2297 645 2358 tentatae,
672 2289 831 2345 Tarentum
858 2289 897 2344 ad
926 2288 1076 2344 certiorem
1100 2307 1186 2363 spem
1215 2289 1303 2365 prodi·
1321 2173 1330 2380 l

244 2391 330 2448 tionis
351 2393 549 2480 proficiscitur.

327 2497 390 2553 Nec
431 2499 542 2556 minore
574 2499 671 2555 animo
707 2516 753 2554 res
786 2500 922 2556 Romana
956 2499 1035 2555 domi
1072 2518 1162 2573 quam
1206 2501 1301 2557 militis
1332 2489 1333 2498 ¹

212 2603 405 2676 2gerebatnr.
451 2603 602 2672 Censores,
618 2603 704 2659 vacui
726 2603 763 2659 ab
779 2622 900 2678 operum
920 2603 1111 2660 locandorum
1128 2623 1202 2662 cura
1224 2625 1300 2680 prop·

241 2716 285 2762 ter
305 2706 434 2782 inopiam
457 2709 561 2777 aerarii,
584 2709 622 2764 ad
643 2725 739 2764 mores
762 2709 911 2765 hominum
934 2707 1077 2782 regendos
1108 2710 1238 2768 animum
1257 2711 1300 2766 ad-

241 2821 389 2868 verterunt
411 2799 640 2888 castigandaque
655 2811 735 2880 vitia,
759 2832 833 2886 quae,
856 2813 936 2869 velut
957 2812 1074 2869 diutinis
1098 2817 1212 2872 morbis
1231 2835 1299 2890 agra

211 2923 227 2977 3
241 2935 365 2992 corpora
380 2936 417 2974 ex
431 2935 494 2974 sese
509 2917 639 2992 gignunt,
655 2936 689 2973 eo
706 2929 775 2974 nata
790 2918 865 2975 bello
881 2927 972 2976 erant.
1021 2919 1156 2976 Primum
1172 2939 1223 2976 eos
1237 2921 1299 2977 cita-

241 3031 353 3088 verunt,
376 3023 425 3096 qui
447 3031 514 3096 post
536 3021 716 3079 Cannensem
729 3017 792 3097 **¹)
821 3023 998 3081 dicebantur.
1043 3023 1187 3099 Princeps
1209 3043 1296 3081 eorum

211 3126 274 3185 41..
300 3124 431 3182 Caecilius
458 3127 593 3183 Metellus
621 3136 747 3201 quaestor
774 3137 833 3184 tum
862 3099 938 3184 forte
968 3138 1039 3187 erat.
1063 3140 1066 3152 ·
1091 3131 1177 3186 lasso
1205 3129 1297 3186 deinde

241 3247 275 3284 eo
299 3210 458 3302 ceterisque
481 3232 607 3288 eiusdem
633 3249 718 3288 noxae
745 3233 802 3288 reis
832 3251 950 3290 causam
981 3233 1092 3303 dicere,
1122 3253 1211 3308 quum
1237 3253 1296 3308 pur·

240 3333 304 3406 gari
328 3333 507 3406 nequissent,
538 3336 775 3411 pronuntiarunt,
804 3339 894 3394 verba
923 3337 1146 3412 orationemque
1175 3357 1225 3396 eos
1250 3337 1294 3392 ad·

240 3454 339 3492 versus
361 3453 422 3492 rem
444 3439 589 3512 publicam
606 3440 751 3511 habuisse,
774 3461 831 3515 quo
847 3443 1007 3500 coniuratio
1030 3443 1197 3500 deserendae
1211 3441 1295 3499 ltalia

210 3546 329 3598 5causa
351 3542 439 3600 fieret.
499 3544 663 3603 Secundum
695 3565 745 3603 eos
777 3547 856 3603 citati
890 3548 975 3604 nimis
1005 3548 1102 3604 callidi
1136 3544 1295 3604 exsolvendi

239 3645 308 3702 iuris
333 3646 448 3706 iurandi
483 3650 667 3724 interpretes,
701 3651 749 3724 qui
782 3652 964 3724 captivorum
997 3671 1033 3709 ex
1053 3652 1157 3708 itinere
1180 3649 1293 3725 regressi

239 3749 313 3807 clam
335 3751 364 3806 in
386 3763 482 3810 castra
503 3754 679 3810 Hannibalis
701 3754 836 3824 solutum,
860 3757 938 3830 quod
961 3757 1130 3814 iuraverant
1150 3757 1292 3815 redituros,

209 3857 385 3916 brebantur.
437 3858 492 3914 His
510 3858 766 3933 superioribusque
787 3859 843 3916 illis
866 3860 933 3934 eqni
954 3861 1097 3936 adempti,
1131 3861 1182 3934 qui
1208 3857 1290 3934 publi·

282 4017 306 4085 ι)
323 4022 482 4069 Exciderant
507 4023 623 4084 quadam
651 4024 678 4072 iu
702 4026 769 4074 banc
789 4026 954 4075 sententiam:
989 4026 1113 4074 cladem
1138 4027 1175 4073 de
1200 4024 1290 4074 Italia

324 4089 505 4138 deserenda
524 4091 680 4151 agitasse.
