2704 4552
289 192 329 248 86
562 189 639 240 Liber
655 177 743 240 xxil.
782 191 828 252 (A.
842 205 867 240 u.
882 205 903 243 c.
918 190 991 255 587.)
1045 159 1050 166 .

247 372 380 430 conversi
406 372 437 430 in
457 373 569 430 hostem
597 373 806 447 volventesque
833 375 934 432 orbern
963 393 1039 432 nunc
1071 374 1183 432 sensim
1213 370 1268 428 rei

216 479 365 555 dpedem,
396 497 472 536 nuno
505 478 672 552 conglobati
701 487 821 538 restare.
869 482 917 538 Ac
948 480 1007 536 iarn
1032 497 1127 554 prope
1159 497 1223 534 una
1246 495 1303 531 aa.

246 582 325 642 iacta
346 591 410 640 eret
430 583 500 640 victi
520 592 610 658 atque
628 583 735 658 integri
756 583 1153 657 exercitus,.inierebantque
1184 583 1271 658 signa
1288 580 1301 627 ¹,

245 689 376 760 hostem,
401 707 489 764 quum
512 690 621 746 Pronus
643 688 774 763 receptui
804 688 920 760 cecinit,
946 689 1045 764 palam
1068 687 1183 746 ferente
1204 687 1310 766 Hanni·

246 794 322 864 bale,
345 795 383 850 ab
404 811 436 850 se
457 793 626 864 Minucium,
648 809 680 849 se
702 793 739 850 ab
761 792 857 850 Fabio
876 794 994 851 victum.

217 905 233 957 7
331 900 378 956 Ita
398 918 452 974 per
474 898 587 956 variam
608 896 756 955 somonam
779 898 836 955 diei
858 899 968 957 maiore
989 907 1074 973 parte
1088 906 1206 970 exacte,
1231 913 1307 970 quun

217 1004 276 1064 ain
298 1014 394 1061 castra
414 996 538 1061 reditum
561 1013 646 1071 esset,
665 979 823 1073 Minucius,
847 1004 1016 1060 convocatis
1038 1003 1189 1073 militibus,
1215 1003 1307 1076 „Saepe

247 1113 320 1184 ego“
353 1109 447 1184 inquit
477 1107 609 1178 „audivi,
643 1107 764 1178 milites,
793 1127 859 1164 eum
889 1110 1015 1185 primurn
1044 1127 1109 1166 esse
1131 1109 1247 1176 virum,
1268 1107 1307 1180 qni

246 1214 309 1288 ipse
330 1212 471 1284 consulat,
493 1213 562 1288 quid
584 1213 614 1269 in
635 1232 697 1270 rem
720 1213 766 1281 sit,
789 1213 947 1270 secundum
971 1233 1053 1283 eum,
1082 1216 1132 1290 qui
1153 1216 1231 1271 bene
1255 1229 1305 1268 mo·

247 1319 326 1376 nenti
348 1319 479 1388 obediat;
509 1318 559 1394 qui
589 1336 642 1376 nec
664 1318 728 1394 ipsc
757 1319 907 1376 consulere
928 1337 981 1377 nec
1003 1318 1087 1376 alteri
1107 1337 1214 1392 parere
1236 1317 1305 1375 sciet

216 1401 236 1502 tl
248 1441 312 1480 eum
335 1424 457 1480 extremi
477 1423 584 1497 ingenii
606 1441 680 1482 esse.
728 1423 823 1480 Nobis
842 1424 979 1497 quoniam
1002 1423 1098 1499 prima
1125 1423 1216 1480 animi
1237 1422 1304 1494 inge·

233 1503 346 1615 ,hiique
373 1536 480 1602 negata
512 1544 576 1592 sors
606 1535 664 1596 est,
690 1528 847 1584 secundam
877 1547 912 1586 ec
942 1529 1068 1586 mediam
1100 1539 1250 1586 teneamus
1276 1533 1304 1592 et,

234 1624 316 1688 idum
338 1632 482 1708 imperare
513 1632 665 1701 discimus,
695 1651 799 1707 parere
830 1633 965 1708 prudenti
993 1635 1024 1691 in
1046 1634 1176 1692 animum
1197 1633 1301 1690 induce·

199 1716 321 1798 ulmus.
371 1736 476 1796 Castra
498 1756 563 1794 cum
585 1737 680 1794 Fabio
695 1737 858 1811 iungamus.
902 1740 953 1797 Ad
974 1739 1142 1814 praetorium
1158 1739 1218 1796 eius
1233 1738 1303 1810 signs

248 1861 336 1917 quum
370 1843 535 1913 tulerimus,
569 1843 619 1900 ubi
647 1859 702 1916 ego
730 1860 795 1898 eum
819 1853 970 1916 parentem
1001 1823 1206 1920 appellavero,
1236 1840 1301 1916 qnod

200 1955 230 2008 ll
248 1948 388 2006 beneficio
419 1949 480 2006 eius
513 1965 584 2022 erga
613 1965 667 2004 nos
698 1965 734 2004 ac
762 1947 914 2006 maiestate
936 1950 996 2007 eius
1018 1951 1139 2024 dignum
1161 1960 1218 2017 est,
1251 1963 1301 2010 vos,

247 2054 367 2120 milites,
398 2073 465 2123 eos,
497 2071 621 2127 quorum
649 2070 703 2108 vos
732 2053 819 2109 modo
849 2072 933 2111 erma
960 2073 993 2111 oc
1015 2055 1143 2112 dexterae
1174 2059 1299 2116 texerunt,

248 2168 389 2234 patronos
416 2157 594 2227 salutabitis,
624 2164 669 2225 et,
696 2157 721 2212 si
745 2157 816 2214 nihil
843 2157 936 2228 aliud,
960 2169 1110 2234 gratorum
1134 2167 1211 2217 certe
1230 2153 1299 2213 nobis

151 2261 200 2330 30
248 2263 410 2319 animorum
433 2263 557 2336 gloriam
576 2262 638 2319 dies
659 2263 706 2320 hic
727 2261 865 2318 dederit.“
911 2263 1003 2338 Signo
1025 2264 1095 2321 dato
1117 2263 1299 2320 conclamatur

247 2368 330 2439 inde,
353 2377 385 2424 ut
406 2366 579 2442 colligantur
599 2385 683 2426 vasa.
728 2364 859 2424 Profecti
885 2374 915 2422 et
943 2367 1059 2441 agmine
1080 2367 1243 2426 incedentes
1269 2363 1299 2418 od

249 2473 397 2530 dictatoris
413 2483 509 2530 castra
529 2471 560 2528 in
575 2449 797 2529 admirationem
819 2481 848 2528 et
867 2472 960 2546 ipsum
983 2481 1012 2528 et
1033 2490 1144 2544 omnes,
1167 2472 1216 2546 qui
1236 2470 1298 2527 circa

217 2581 341 2647 2erent,
364 2587 577 2635 converterunt.
625 2579 667 2637 Ut
694 2577 851 2635 constituta
877 2586 946 2633 sunt
973 2587 1040 2634 ante
1068 2577 1196 2634 tribuual
1220 2575 1297 2647 signa

247 2701 419 2758 progressus
441 2692 509 2740 ante
531 2683 604 2740 alios
619 2682 758 2756 magister
779 2682 918 2755 equitum,
942 2701 1030 2756 quum
1055 2692 1169 2757 patrem
1188 2678 1298 2737 Fabium

247 2789 431 2864 appellasset,
455 2772 712 2860 circumfusosque*
724 2786 846 2843 militum
862 2787 923 2843 eius
938 2795 1030 2844 totum
1047 2805 1153 2861 agmen
1174 2794 1297 2861 patronos

146 2965 148 2970 Α
217 2897 233 2952 3
248 2895 467 2965 consalutasset,
482 2893 694 2962 „Parentibus“
707 2891 800 2964 inquit
813 2891 913 2962 „meis
924 2892 1057 2961 dictator,
1070 2892 1175 2965 quibus
1186 2901 1213 2946 te
1224 2885 1296 2944 niodo

247 2999 372 3072 nomine,
395 2999 473 3073 quod
487 2998 578 3058 fando
591 3015 726 3072 possum,
749 2997 872 3069 aequavi,
895 2997 984 3054 vitam
1004 3006 1116 3054 tautum
1139 2996 1236 3063 debeo,
1256 2987 1296 3047 tibi

216 3109 233 3163 4
249 3123 336 3179 quum
352 3123 446 3160 meam
462 3104 594 3173 salutem,
616 3113 676 3160 tum
692 3103 820 3160 omnium
835 3103 949 3160 horum.
984 3103 1091 3175 Itaque
1105 3099 1296 3174 plebeiscitun,

249 3228 308 3284 quo
324 3219 461 3266 oneratus
478 3229 538 3264 sum
553 3209 646 3282 magis
662 3226 750 3281 quam
767 3209 936 3276 honoratae,
958 3205 1068 3280 primus
1091 3207 1211 3280 antiqno
1226 3204 1294 3260 abrc·

248 3333 344 3390 goque
359 3323 396 3383 et,
419 3313 496 3388 quod
511 3314 563 3370 tibi
578 3313 706 3386 mihique
728 3311 836 3389 [qnod]
860 3312 1091 3384 exercitibusque
1105 3311 1151 3368 his
1166 3311 1230 3380 tuis,
1248 3323 1294 3362 ser·

247 3428 317 3477 vato
332 3439 367 3476 ac
382 3419 589 3489 conservatori,
604 3419 641 3474 sit
655 3417 734 3489 felix,
757 3418 811 3474 sub
825 3417 978 3492 imperium
1000 3415 1218 3490 auspiciumque
1231 3421 1293 3469 tuum

217 3525 336 3582 breden
347 3532 375 3582 et
389 3525 474 3599 signa
487 3525 548 3580 haec
562 3523 749 3598 legionesque
763 3523 893 3580 restituo.
925 3524 982 3592 Tu,
998 3539 1106 3595 quaeso,
1120 3523 1248 3596 placatus
1260 3529 1294 3570 ne
1340 3548 1341 3572 t

248 3629 445 3704 magisterium
462 3630 600 3705 equitum,
622 3631 677 3686 hos
695 3629 810 3685 ordines
826 3646 894 3684 suos
911 3646 1055 3702 quemque
1069 3637 1167 3686 tenere
1180 3621 1290 3683 iubeas.“

218 3736 325 3793 6Tum
348 3737 460 3794 dextrae
478 3736 657 3793 interiunctae
677 3732 850 3806 militesque,
872 3733 1006 3790 contione
1027 3733 1157 3802 dimissa,
1179 3732 1214 3788 ab
1233 3724 1292 3785 notis
1339 3732 1341 3809 t

248 3843 413 3918 ignotisque
428 3843 552 3917 benigne
573 3849 660 3916 atque
680 3837 863 3912 hospitaliter
885 3836 1008 3909 invitati,
1030 3839 1171 3911 latusque
1194 3836 1247 3892 dies
1265 3845 1290 3884 0¹

218 3949 233 4001 7
248 3947 405 4004 admodum
420 3945 495 4004 tristi
510 3945 599 4019 paulo
614 3953 682 4000 ante
701 3961 736 3998 ac
751 3961 844 4016 prope
866 3942 1038 4000 exsecrabili
1053 3941 1158 3999 factus.
1202 3943 1291 4000 Roma
1338 3915 1341 4029 l
