2700 4426
424 231 504 282 Liber
515 231 622 285 mv.
659 231 708 293 (A.
722 229 768 282 ch
781 229 853 294 214.)
1073 233 1132 289 213

107 415 206 474 nisset.
271 415 372 472 Primo
401 415 440 472 ad
462 414 597 473 Castrum
612 416 734 473 ·Album
764 416 855 488 (loeus
882 425 927 472 est
952 414 1071 490 insignis
1098 415 1206 471 caede3

108 519 209 594 magni
230 520 421 593 Hamilcaris)
442 530 539 577 castra
553 521 679 578 Romani
700 521 837 579 habuere.
883 523 949 578 Arx
971 528 1033 578 erat
1055 519 1204 589 munitat

109 633 139 680 et
161 635 358 683 convexerant
379 635 446 683 ante
465 625 655 694 frumentum3
677 634 784 695 tamen,
812 625 881 699 quia
903 625 1001 682 omnia
1023 625 1100 681 eirca
1121 625 1175 681 ho·

105 729 195 786 stium
225 729 312 804 plena
343 741 439 800 erant,
468 749 631 805 agmenque
658 714 823 788 Romanum
854 730 971 806 impune
997 730 1175 786 incursatum
1209 797 1211 800 Ι

105 837 149 892 ab
172 835 317 909 equitibus
342 838 469 894 hostium
497 836 593 893 fuerat
624 844 652 890 et
674 834 711 890 ad
734 835 791 891 duo
813 835 904 892 millia
925 845 976 892 aut
997 841 1175 890 moratorum

107 950 161 997 aut
183 940 343 1014 palantium
366 958 419 1015 per
441 957 527 1014 agros
548 937 714 1009 interiecta,
737 959 849 998 cessere
870 941 937 998 inde
958 939 1084 999 Romani
1106 957 1176 1014 pro-

106 1045 174 1120 pius
197 1055 303 1120 pacata
322 1045 388 1102 loca
410 1054 438 1101 et
460 1044 498 1101 ad
521 1054 648 1101 montem
673 1045 812 1103 Victoriae
834 1055 931 1103 castra
953 1044 1177 1103 communivere.

106 1152 155 1209 Eo
184 1149 238 1211 Cn.
272 1149 370 1224 Scipio
404 1167 469 1206 oum
500 1150 634 1206 omnibus
663 1149 754 1224 copiis
784 1158 812 1206 et
829 1151 1006 1208 ‘Hasdrubal
1038 1149 1208 1224 Gisgonis5

107 1256 195 1326 filius,
217 1255 318 1312 tertius
342 1252 623 1329 Carthaginiensium
653 1255 728 1325 dux,
764 1274 828 1312 cum
863 1257 998 1313 exercitu
1019 1257 1095 1312 iusto
1125 1257 1177 1312 ad·

104 1361 205 1432 venit,
234 1366 396 1432 contraque
424 1366 521 1415 castra
543 1359 677 1415 Romana
705 1362 925 1418 transfluvium
950 1379 1050 1417 omnes
1076 1379 1177 1419 conse-

106 1468 186 1524 dere.
239 1466 275 1522 P.
301 1464 398 1540 Scipio
422 1483 486 1521 cum
510 1463 653 1537 expeditis
676 1464 750 1522 clam
772 1465 920 1541 profectus
943 1467 980 1522 ad
1005 1466 1208 1549 locaoireali

104 1571 230 1628 visenda
251 1569 331 1626 haud
354 1568 455 1626 fefellit
477 1570 585 1638 hostes,
616 1570 885 1646 oppressissentque
914 1590 978 1628 eum
1001 1571 1030 1627 in
1052 1571 1177 1646 patenti-

104 1678 163 1734 bus
188 1674 313 1749 'eampis‚
342 1676 371 1731 ni
390 1675 531 1733 tumulum
554 1675 582 1731 in
612 1675 777 1750 propinquo
809 1656 940 1751 cepisset.
989 1676 1036 1733 Ibi
1061 1695 1177 1750 quoque

103 1781 314 1838 circumsessus
329 1781 455 1837 adventu
477 1780 575 1837 fratris
598 1780 748 1837 obsidione
768 1781 911 1838 eximitur.
956 1780 1086 1849 Castulo,
1107 1779 1206 1837 urbsi

63 1863 67 1867 ⁹
107 1884 260 1960 Hispaniae
289 1885 388 1942 valida
410 1905 445 1942 aa
464 1886 570 1943 nobilis
592 1896 620 1944 et
642 1887 717 1944 adeo
740 1886 894 1944 coniuncta
916 1887 1054 1942 societate
1068 1865 1195 1956 Poenis*

106 2003 141 2051 ut
162 2012 237 2051 uxor
255 1993 322 2049 inde
345 1991 503 2048 Hannibali
526 1999 618 2060 esset,
650 1991 688 2047 ad
709 1992 860 2048 Romanos
894 1991 1006 2050 defecit.
1054 1989 1210 2048 Cartha-8

104 2099 253 2175 ginienses
276 2095 418 2170 Iliturgim
443 2113 614 2171 oppugnare
637 2097 747 2167 adorti,
779 2097 849 2170 quia
871 2096 1035 2172 praesidium
1057 2096 1098 2152 ibi
1119 2096 1179 2153 Ro-

59 2224 72 2233 ·
109 2206 334 2273 ωαηυιη“εναι;
361 2202 592 2275 videbanturque
620 2202 720 2276 inopia
752 2203 879 2259 maxime
910 2220 975 2258 eum
1007 2201 1102 2258 locum
1125 2219 1177 2257 ex·

109 2309 276 2386 pugnaturi.
295 2300 297 2305 ’
322 2305 375 2364 Cn.
391 2305 499 2381 Scipio,
522 2314 553 2362 ut
574 2307 660 2364 sociis
678 2307 873 2382 praesidioque
888 2306 977 2364 ferret
996 2325 1090 2381 opem,
1112 2299 1209 2360 curuli

108 2416 224 2490 legione
246 2414 383 2488 expedita
405 2410 552 2486 profectus
573 2411 648 2468 inter
671 2413 741 2469 bina
763 2412 861 2469 eastra
884 2431 948 2469 cum
972 2430 1078 2486 magna
1100 2409 1178 2467 eaede

109 2521 235 2578 hostium
252 2520 352 2577 urbem
368 2526 411 2574 est
425 2517 581 2591 ingressus,
604 2527 631 2573 et
646 2527 764 2592 postero
780 2518 826 2574 die
842 2519 992 2593 eruptione
1007 2534 1088 2590 aeque
1102 2513 1179 2570 felici

110 2625 261 2700 pugnavit.
310 2623 406 2698 Supra
421 2623 572 2678 duodecim
595 2621 685 2678 millia
699 2622 848 2679 hominum
872 2641 946 2700 caesa
968 2622 1081 2678 duobus
1103 2617 1230 2695 prce-'ld

106 2731 171 2800 liis3
193 2730 258 2804 plus
273 2727 359 2784 mille
380 2727 530 2784 hominum
547 2735 664 2801 captum
681 2744 746 2783 cum
762 2744 814 2784 sex
830 2737 858 2784 et
873 2729 992 2803 triginta
1007 2726 1179 2782 militaribus

106 2835 209 2911 signis.
248 2835 296 2891 Ita
318 2834 355 2890 ab
371 2833 485 2907 Iliturgi
509 2850 654 2888 recessum
670 2840 722 2891 est.
770 2833 897 2908 Bigerra
917 2834 984 2889 inde
1006 2832 1075 2888 urbs
1095 2830 1179 2902 (socii
1195 2832 1225 2884 ll

111 2951 140 2998 et
154 2940 185 2998 hi
198 2941 400 2997 Romanorum
421 2934 518 3014 erant)
541 2954 559 2992 a
582 2934 872 3011 Carthaginiensibus
894 2937 1058 3012 oppugnari
1081 2944 1177 3011 coepta

111 3056 164 3103 est.
212 3045 288 3101 Eam
322 3042 502 3099 obsidionem
532 3041 593 3097 siue
623 3041 779 3098 certamine
812 3041 968 3099 adveniens
999 3039 1050 3100 Cn.
1080 3040 1178 3115 Scipio

99 3150 208 3208 'solvit
257 3147 307 3206 Ad
329 3146 469 3203 Mundam
498 3147 602 3203 exinde
630 3155 727 3203 eastra
747 3147 860 3204 Punica
881 3156 977 3216 mota,
1002 3156 1031 3202 et
1053 3146 1180 3204 Romani
1229 3137 1274 3208 42

108 3274 147 3312 eo
170 3252 320 3312 confestim
349 3251 439 3308 secuti
472 3260 546 3308 sunt.
599 3252 645 3308 Ibi
675 3252 764 3326 siguis
799 3252 912 3309 collatis
939 3261 1100 3327 pugnatum
1127 3249 1210 3326 per2

58 3425 64 3432 ,
107 3369 251 3436 >quattuor
272 3356 480 3428 fermeham,
503 3356 675 3431 egregieque
696 3357 875 3414 vincentibus
893 3358 1044 3427 Romanis,
1066 3358 1179 3432 signum

109 3465 241 3541 receptui
268 3471 312 3519 est
343 3460 459 3531 datum,
491 3461 569 3535 quod
600 3459 652 3518 Cn.
675 3461 819 3536 Scipionis
847 3462 942 3519 femur
964 3462 1081 3538 tragula
1111 3480 1180 3519 con·

69 3573 203 3642 ffixum
225 3577 288 3628 erat
310 3544 560 3641 pavorque-circa
583 3584 648 3622 eum
673 3577 789 3640 ceperat
803 3567 917 3638 milites,
941 3586 978 3623 ne
1000 3566 1179 3624 mortiferum

111 3678 189 3727 esset
210 3671 324 3728 vulnus.
372 3669 507 3728 Ceterum
529 3671 608 3728 haud
634 3670 751 3728 dubium
773 3671 837 3741 fuit,
860 3672 939 3746 quin,
961 3670 1017 3727 nisi
1039 3689 1075 3726 ea
1096 3670 1210 3726 mora3
1259 3650 1263 3655 ῃ

107 3775 325 3845 intervenisset,
358 3783 455 3831 castra
478 3771 513 3832 eo
538 3775 585 3832 die
606 3775 719 3832 Punica
748 3776 813 3851 capi
834 3776 995 3851 potuerint3
1023 3793 1090 3830 nam
1120 3792 1179 3830 non

109 3879 218 3937 milites
240 3879 344 3949 solum,
366 3880 417 3936 sed
439 3880 585 3955 elephanti
607 3881 694 3937 etiam
711 3899 803 3954 usqne
825 3880 863 3936 ad
884 3880 993 3936 vallum
1016 3879 1072 3935 acti
1087 3889 1179 3948 erant,
