2748 4556
279 265 337 322 att
551 261 630 310 Liber
646 259 734 308 m.
769 257 818 320 (a.
831 273 856 306 u.
871 273 893 306 e.
907 259 982 319 aaa.)

238 445 366 522 Scipioni
393 455 524 502 autenm
548 445 698 521 Syphace,
720 441 875 500 incondite
897 442 1042 500 barbaric
1063 461 1151 518 rege,
1172 444 1216 500 cui
1234 443 1298 503 Sta-

238 550 330 607 torius
357 549 490 606 semilixa
520 549 625 606 ducere
653 549 796 606 exercitus
824 547 926 606 solitus
953 548 1007 618 sit,
1043 557 1096 604 aut
1117 567 1182 606 cum
1202 567 1296 606 socero

239 653 299 712 eius
322 655 526 726 Hasdrubale,
553 653 741 729 fugacissimo
763 653 855 721 duce,
875 672 936 710 rem
958 653 1106 724 intimam,
1129 667 1182 710 eut
1201 655 1299 711 tumul-

239 760 340 817 tuariis
361 761 547 830 exercitibus,
570 779 606 817 ex
629 758 784 835 agrestium
803 758 937 815 semermi
954 760 1043 816 turba
1057 756 1159 816 subito
1174 757 1299 816 collectis

205 867 289 924 ised
311 885 375 924 cum
399 864 582 934 Hannibale,
613 882 706 940 propa
737 873 807 920 nato
828 863 858 921 in
880 863 1017 938 praetorio
1032 863 1138 938 patris,
1160 861 1301 920 fortissimi

239 971 329 1042 ducis,
352 970 422 1028 alito
445 981 533 1045 atque
554 970 677 1026 educato
700 968 775 1025 inter
796 987 896 1038 mma,
916 987 1009 1042 puero
1031 969 1186 1044 quondam
1211 969 1300 1027 milite

238 1075 357 1132 vixdum
380 1075 484 1132 iuvene
505 1075 695 1149 imperatore,
729 1074 779 1148 qui
802 1093 892 1132 senex
913 1074 1057 1131 vincendo
1079 1073 1180 1132 factus
1202 1075 1302 1150 Hispa·

238 1181 320 1250 nias,
354 1179 486 1250 Gallias,
521 1179 639 1237 Italiam
672 1181 710 1236 ab
740 1179 868 1255 Alpibus
901 1180 939 1236 ed
970 1179 1077 1237 fretum
1114 1182 1300 1237 monumentis

207 1285 395 1360 bingentium
431 1305 526 1344 rerum
570 1285 753 1360 complesset.
815 1285 932 1341 Ducere
967 1285 1132 1342 exercitum
1169 1285 1300 1359 aequalem

238 1390 388 1465 stipendiis
412 1391 488 1461 suis,
521 1392 656 1449 duratum
687 1389 815 1448 omnium
845 1409 941 1446 rernm
963 1391 1126 1464 patientia,
1165 1409 1239 1464 quas
1256 1390 1302 1446 rix

237 1496 309 1552 tides
339 1497 391 1553 fiat
420 1496 551 1553 hemines
579 1513 699 1570 passos,
732 1493 881 1569 perfusum
910 1494 1012 1551 millies
1034 1511 1144 1552 cruore
1166 1496 1302 1558 Romano,

238 1601 358 1658 exuvias
387 1621 445 1658 non
477 1601 599 1658 militum
623 1609 745 1670 tantum,
775 1601 826 1658 sed
849 1600 934 1656 etiam
957 1600 1173 1674 imperatorum
1192 1613 1303 1676 portan-

206 1707 305 1760 6tem.
354 1704 464 1762 Multos
486 1725 658 1764 occursuros
681 1705 810 1781 Scipioni
833 1704 862 1761 in
884 1705 961 1776 acie,
994 1707 1045 1780 qui
1067 1715 1228 1779 praetores,
1259 1706 1303 1780 qni

237 1810 443 1884 imperatores,
478 1811 527 1884 qui
560 1811 693 1868 consules
725 1814 876 1870 Romanos
908 1829 962 1867 sua
1001 1830 1090 1868 manu
1126 1811 1304 1868 occidissent.

240 1915 396 1973 muralibus
428 1916 640 1988 uallaribusque
675 1917 802 1992 insignes
838 1916 969 1986 coronis,
1004 1927 1191 1989 pervagatos
1223 1925 1303 1989 capta

208 2021 350 2089 icastre,
391 2031 492 2096 captas
523 2023 609 2078 urbes
640 2023 799 2082 Romanas.
848 2019 918 2078 Non
949 2039 1013 2078 esse
1034 2021 1124 2077 hodie
1147 2031 1193 2076 tot
1217 2020 1305 2078 fasces

239 2126 455 2200 magistratibus
485 2126 586 2200 populi
616 2127 760 2197 Romani,
796 2137 867 2201 quot
895 2136 997 2202 captos
1018 2145 1056 2182 ex
1078 2117 1161 2183 cinde
1184 2127 1304 2201 impera·

206 2229 332 2287 Sturum
363 2230 501 2306 praeierra
533 2242 632 2305 posset
658 2231 818 2292 Hannibal.
867 2232 932 2288 Has
959 2231 1132 2288 formidines
1167 2231 1302 2307 agitando

239 2336 341 2391 animis
362 2335 418 2410 ipsi
440 2355 525 2393 curas
541 2347 569 2392 et
581 2349 673 2394 metus
686 2339 841 2411 augebant,
863 2336 949 2393 etiam
970 2338 1061 2411 quod,
1085 2355 1178 2410 quum
1194 2357 1303 2394 assues·

238 2450 301 2496 sent
332 2458 385 2512 per
422 2440 534 2514 aliquot
569 2459 661 2497 annos
689 2441 795 2498 bellum
825 2452 892 2499 ante
920 2441 1020 2497 oculos
1041 2441 1107 2496 aliis
1130 2453 1223 2516 atque
1245 2443 1302 2500 aliis

237 2544 266 2599 in
288 2544 382 2600 Italiae
403 2546 534 2619 pertibus
558 2545 638 2601 lenta
666 2564 718 2620 spe
739 2546 768 2602 in
791 2546 899 2602 nullum
922 2546 1118 2621 propinquum
1141 2547 1302 2604 debellandi

237 2651 321 2704 finem
346 2665 460 2721 gerere,
492 2658 645 2708 erexerant
676 2649 804 2706 omnium
835 2650 947 2706 animos
972 2649 1071 2724 Scipio
1102 2662 1134 2707 et
1156 2651 1302 2710 Hannibal

206 2752 317 2808 9velut
343 2754 381 2809 ad
411 2770 577 2828 supremum
606 2763 751 2810 certamen
781 2755 941 2829 comparati
972 2755 1068 2812 duces.
1117 2757 1155 2814 Ei
1179 2777 1302 2832 quoque.

239 2858 342 2931 quibus
374 2867 437 2915 erat
456 2859 556 2932 ingens
584 2858 613 2914 in
636 2859 772 2933 Scipione
794 2860 900 2916 fiducia
924 2870 953 2916 et
973 2860 1103 2917 victorin
1126 2880 1209 2936 spes,
1247 2881 1301 2937 qno

238 2963 331 3038 ntegia
353 2964 382 3019 in
405 2964 599 3038 propinquant
623 2982 687 3019 eam
709 2964 899 3021 imminebant
919 2964 1031 3032 animia,
1053 2983 1089 3021 eo
1103 2985 1192 3023 curas
1209 2968 1301 3023 inten-

189 3075 223 3127 10
237 3069 325 3126 tiores
356 3069 507 3125 volvebant.
566 3069 656 3125 Haud
695 3069 795 3143 dispar
827 3045 942 3126 habitus
979 3071 1143 3127 animorum
1176 3071 1301 3129 Cartha·

235 3173 414 3248 giniensibus
436 3185 512 3242 eret,
546 3191 620 3247 quos
650 3173 745 3238 modu
758 3175 865 3250 petisse
887 3194 998 3250 pacem,
1020 3176 1166 3233 intuentes
1190 3177 1301 3234 Hanni-

188 3286 218 3337 tl
236 3278 330 3335 balem
354 3297 388 3335 ac
402 3297 499 3334 rerum
514 3288 661 3351 gestarum
680 3279 741 3336 eius
757 3281 994 3354 magnitudinem,
1016 3281 1183 3354 paenitebat,
1206 3284 1299 3342 modo.

237 3402 324 3456 quum
360 3384 535 3458 respicerent
566 3384 611 3440 bis
641 3403 705 3442 sese
741 3385 804 3442 acic
835 3386 945 3455 victos,
978 3385 1144 3460 Syphacem
1175 3395 1299 3463 captum,

237 3489 336 3562 pulsos
358 3508 389 3545 sa
411 3488 573 3562 Hispania,
596 3488 694 3564 pulsos
717 3491 824 3561 Italis,
847 3503 936 3565 etque
957 3511 993 3548 ee
1013 3491 1114 3547 omnia
1134 3491 1221 3549 unius
1242 3493 1299 3548 vir·

236 3601 296 3649 tute
319 3604 348 3650 et
372 3593 493 3650 consilio
516 3594 660 3668 Scipionis
681 3594 780 3666 facta,
812 3595 892 3652 velut
913 3593 1032 3653 fatalem
1055 3615 1121 3652 eum
1145 3598 1248 3654 ducem
1272 3599 1297 3653 in

236 3695 354 3754 exitium
377 3715 460 3754 enum
483 3708 582 3756 natum
605 3700 772 3761 horrebant.

140 3795 184 3861 29
318 3803 381 3858 lam
405 3803 619 3862 Hadrumetum
640 3816 760 3862 venerat
782 3806 946 3876 Hanniba13
980 3805 1074 3876 unda,
1108 3806 1149 3862 ad
1174 3809 1297 3865 reficien-

236 3909 303 3964 dum
335 3927 372 3965 ex
401 3907 557 3966 iactatione
585 3911 730 3967 ruaritima
757 3911 875 3969 militem
902 3910 1002 3985 paucis
1035 3910 1139 3968 diebus
1170 3914 1295 3988 sumptis,

236 4010 347 4065 excitus
368 4009 482 4082 pavidis
504 4012 609 4069 nuntiis
632 4015 729 4070 omnia
751 4017 828 4072 circa
846 4014 1053 4090 Carthaginem
1069 4017 1198 4076 obtineri
1213 4018 1295 4075 armis

1363 260 1370 299 l

1366 444 1372 559 i
