2812 4556
577 245 621 288 XV

51 426 190 502 speciem
212 428 348 484 abeundo
370 422 523 500 timuisset)
547 425 704 496 XXXIII,
733 427 750 481 2
768 424 875 500 (Verba
890 426 968 500 quod
982 427 1013 482 in
1027 443 1132 501 cumpo

52 509 173 566 Martio
200 509 415 578 coniurassent,
437 528 499 584 qua
519 507 584 564 Em.
606 509 665 586 243
687 510 715 564 in
735 510 914 582 suspicionem
935 511 1037 576 vacavi,
1068 509 1131 565 Uss.

54 603 132 650 recte
155 594 259 666 acapit
280 593 430 660 deservis
454 594 503 665 qni
523 609 552 647 se
565 591 762 664 fraudulenter
782 591 976 664 consequenda
998 591 1132 648 libertatis

56 695 151 732 causa
173 676 306 732 militibus
325 682 524 738 sacramentum
545 673 695 730 dicentibus
716 683 742 730 et
759 674 962 730 coniurantibus
983 676 1131 730 irnmt'scue·

55 762 128 828 rint,
144 759 304 833 quassans
319 760 400 814 etiam
414 760 609 832 imperatorum
624 765 742 830 ternpore
752 757 880 830 capitalis
895 765 972 826 erat,·
988 757 1057 812 Plin.
1071 756 1129 830 Ep.

54 841 106 909 X,
132 841 175 896 29
197 841 275 912 [38],
320 839 378 911 en.
400 841 435 896 de
448 859 501 896 usu
522 839 598 895 uerbi
619 839 781 895 coniurandi
794 840 875 895 buius
897 839 962 895 libri
977 856 1000 895 c.
1025 839 1080 908 38,
1102 839 1132 908 3,

58 923 134 984 Cas.
156 923 198 981 B.
222 921 259 982 G.
288 921 355 992 VII,
384 926 412 991 1,
433 921 511 984 Seru.
535 922 575 978 ad
592 921 707 981 AEneid.
736 921 817 990 VIII,
839 923 866 976 1.
910 921 952 977 Et
973 940 1132 995 quanquam

57 1007 195 1062 dilectum
216 1008 307 1080 ipsms
334 1007 362 1061 in
386 1005 520 1078 Capitolia
546 1004 643 1060 baberi
666 1006 775 1060 solitum
804 1021 860 1060 esse
892 1004 991 1065 eLiu.
1012 1003 1131 1074 XXVI,

55 1089 100 1144 31
126 1098 199 1147 ectr.
222 1097 248 1143 et
271 1089 366 1162 Polyb.
392 1086 446 1156 VI,
477 1088 516 1142 19
536 1095 669 1162 apparet,
697 1089 847 1144 coniuratio
877 1095 965 1144 tamen
986 1088 1132 1142 iuuentutis

58 1172 178 1228 delecta
198 1173 225 1226 in
246 1189 343 1244 campo
365 1173 466 1228 Martio
479 1172 550 1242 sieri
565 1178 684 1244 poterat.
739 1169 834 1243 Ipsum
858 1169 985 1225 dilectum
1006 1171 1133 1242 inferiore

57 1263 144 1310 atate
177 1255 214 1310 ibi
240 1253 376 1322 habitum,
404 1253 512 1309 uidetur
538 1253 692 1324 siqmflcare
719 1251 809 1308 Varro
830 1252 866 1308 R.
888 1251 925 1309 R.
947 1250 1005 1321 III,
1027 1253 1056 1321 2,
1078 1253 1134 1308 nisi

60 1338 103 1393 ibi
122 1336 300 1394 scribendum
322 1345 377 1391 est:
399 1335 449 1392 ubi
470 1336 604 1392 cohortes
624 1353 642 1390 a
656 1334 760 1390 dilectu
783 1334 895 1390 consuli
917 1334 1048 1390 adductae
1063 1351 1132 1388 eon-

59 1419 166 1476 sidunt
181 1437 237 1493 pro
259 1417 298 1474 ad
319 1417 480 1490 dilectum.)
516 1421 532 1474 5
555 1416 688 1491 proferre
710 1414 777 1491 (lllq.
800 1420 859 1476 Em.
881 1417 953 1492 248)
978 1421 994 1474 u
1016 1415 1131 1489 longin·
1175 1463 1179 1472 .

60 1521 125 1575 qun
148 1499 195 1576 (0,
217 1505 273 1574 llq.
294 1500 360 1559 Isim.
383 1500 438 1556 ibd.
461 1500 518 1556 Res
542 1500 689 1574 brnqbsqua
712 1508 767 1569 est,
788 1519 841 1556 non
863 1497 953 1575 cura.)
975 1498 1130 1567 XXXIV,

60 1589 79 1641 2
98 1585 206 1658 vulgus
228 1593 258 1640 et
279 1584 432 1640 extrahere
454 1582 547 1657 [codd.
563 1581 644 1657 rece.)
669 1585 685 1638 5
704 1580 855 1655 (quattuor
875 1581 1036 1656 legionibus
1054 1579 1132 1636 Oreo.

60 1671 83 1724 P
107 1677 248 1741 quattuor
269 1665 350 1735 milis
378 1665 554 1739 legionibus3
582 1665 674 1720 Dralc.
703 1674 840 1738 quattuor
869 1665 990 1722 militum
1013 1662 1101 1738 legg.)
1127 1659 1130 1740 )

61 1749 235 1824 (Quum...
256 1765 343 1824 posse
358 1748 541 1823 apparuisset
553 1747 664 1803 Haemo.
681 1750 702 1802 P
717 1765 795 1806 oum.
810 1791 816 1805 .
837 1757 937 1822 posset
951 1745 1130 1821 apparuisse.

61 1832 159 1891 Dralc.
183 1851 265 1889 oum.
279 1875 307 1889 ..
344 1849 432 1905 posse
454 1827 647 1906 apparuisse)
681 1830 863 1887 8oontemni
884 1828 1016 1904 patribus
1039 1827 1131 1901 (codd.

62 1916 146 1987 neoc.)
179 1917 196 1972 9
220 1932 278 1970 nou
301 1912 330 1969 id
351 1931 494 1987 apparere
518 1910 631 1989 (Gran.)
666 1916 696 1968 ll
724 1930 796 1980 esse,
818 1921 847 1968 et
866 1911 1006 1987 populum
1029 1929 1042 1966 e
1063 1911 1131 1968 coni.

62 2000 99 2074 (P
121 2006 200 2054 esset
231 1995 385 2072 populum)
415 1991 419 2068 Ι
449 1993 657 2070 (qui1msture
690 1995 805 2052 vincere
826 1994 919 2050 Kielil.
942 2002 968 2050 et
990 1996 1043 2064 ny.
1066 1991 1132 2052 Em.

62 2081 125 2136 248
137 2100 166 2139 n.
188 2082 251 2136 Pet
264 2077 357 2138 Dralo.
383 2078 433 2151 qui
455 2077 548 2151 magis
570 2096 639 2133 vere
660 2078 784 2136 vincere.
807 2075 871 2132 Nou
887 2071 928 2132 ita
943 2094 1010 2132 raro
1024 2077 1052 2130 in
1075 2077 1095 2130 P
1119 2091 1133 2130 e

61 2165 163 2237 prima
176 2161 286 2236 syllaba
301 2161 447 2234 syllabisve
461 2160 621 2217 vocabulum
635 2169 727 2216 notum
738 2161 857 2234 effectum
868 2168 916 2228 est,
931 2160 1038 2232 reliqua
1048 2165 1133 2231 parte

61 2253 189 2302 manente
210 2253 261 2300 aut
281 2251 398 2312 mutata,
419 2251 451 2298 ut
472 2243 498 2298 t.
522 2243 568 2301 lib.
590 2261 613 2298 c.
636 2243 683 2312 14,
705 2243 726 2298 2
748 2242 864 2316 quidum
887 2241 1004 2298 fuerant
1033 2259 1046 2295 e
1069 2238 1132 2312 qui·

62 2323 209 2402 everunt..)
232 2325 370 2393 XXXV,
408 2330 424 2382 5
448 2325 585 2399 praetorie
608 2322 665 2398 (ll,·
691 2327 711 2380 P
732 2322 912 2399 praetorium)
932 2322 936 2397 i
956 2321 1003 2398 (P.
1026 2322 1132 2378 Furius

64 2412 177 2474 Philum
204 2408 292 2465 Philo
314 2409 416 2464 Romae
439 2407 536 2466 Alscle.
564 2427 577 2462 e
599 2409 637 2463 P:
666 2406 820 2464 PFurius
842 2407 928 2463 Philo
950 2408 1051 2462 Romae
1071 2413 1133 2465 cett.

62 2493 159 2548 Dralc.
170 2493 206 2550 P.
218 2490 325 2548 Furius
337 2490 448 2551 Philus.
464 2491 580 2548 Romae.
593 2529 622 2548 ..
639 2507 703 2545 sors
715 2488 888 2563 Pomponio,
903 2489 991 2549 inter.
1005 2531 1011 2546 .
1025 2530 1033 2548 .
1050 2505 1132 2562 pere-

62 2576 164 2650 grinos
188 2575 224 2630 P.
239 2573 329 2629 Furio
344 2573 431 2629 Philo
455 2573 550 2628 evenit
572 2590 604 2627 es
619 2570 835 2646 interpolatione)
860 2571 951 2627 lium
966 2589 1024 2627 non
1046 2578 1133 2626 antea

64 2659 132 2734 (My.
146 2657 211 2715 Fam
234 2654 304 2712 231.
353 2653 452 2711 Omnes
472 2663 635 2729 acceperunt
655 2656 843 2727 maqistratus,
867 2672 935 2727 quos
958 2656 1014 2709 iam
1037 2660 1128 2720 antea,

65 2760 158 2809 nemo,
192 2757 271 2812 quem
291 2757 345 2792 non
368 2739 423 2794 iam
450 2740 584 2810 qessisset.
644 2739 773 2793 Perverse
794 2755 852 2792 non
874 2755 893 2792 a
915 2755 999 2809 quem
1024 2735 1132 2791 diuelli·

66 2823 135 2896 tur.)
170 2820 331 2889 XXXVI,
357 2817 445 2894 l(De
464 2837 552 2875 ausus
574 2819 627 2875 sim
660 2822 710 2892 osu
737 2819 836 2894 Opusc.
863 2818 948 2892 Hp.
972 2819 1038 2878 109,
1088 2814 1134 2872 Ne

66 2905 160 2962 ausim
186 2903 296 2978 quidem
317 2902 386 2958 alibi
405 2902 485 2976 apud
503 2901 615 2958 Liuium
632 2911 699 2976 post
719 2911 750 2958 ut
772 2899 932 2974 reperitur.)
967 2903 983 2956 3
1008 2897 1133 2974 (darent,
1245 2893 1247 2900 ’

66 2986 172 3062 peditis
204 2985 297 3041 Dralc.
328 2988 349 3040 P
377 2984 475 3058 pediti.
527 2984 604 3040 Edd.
631 2981 754 3059 pedites)
793 2989 809 3038 4
835 2992 983 3055 aequsrent
1010 2983 1132 3054 [septem

154 3070 184 3125 in
216 3064 318 3124 castris
340 3067 497 3136 Romanis,
526 3084 590 3123 cum
618 3078 778 3142 pugnatum
809 3065 845 3121 ud
868 3063 902 3121 C.
927 3065 992 3135 est]
1015 3063 1133 3136 quidam

68 3155 170 3210 ecani.
205 3148 315 3224 (Neque
338 3152 484 3223 quicquam
511 3151 693 3206 annotationis
720 3150 840 3222 marqini
867 3147 1015 3220 adscripta
1048 3147 1134 3202 simile

69 3235 152 3292 uerba
174 3233 282 3300 babent,
315 3251 401 3305 neque
421 3232 535 3300 Liuius,
568 3235 593 3288 si
620 3233 678 3288 leae
707 3251 760 3287 non
787 3230 955 3297 addidisset,
981 3229 1064 3285 uerba
1087 3247 1134 3301 qu.

70 3327 202 3374 auctores
231 3324 297 3370 sunt
328 3317 367 3370 sic
395 3317 423 3370 in
445 3323 592 3370 eatremnm
609 3323 676 3387 post
699 3322 847 3386 sequerent
868 3314 1009 3368 reiecisset.
1053 3310 1135 3368 Sum-

70 3418 141 3454 mam
172 3401 344 3471 superiorum
371 3397 471 3452 Liuius
503 3397 613 3468 colliqit.
668 3396 772 3452 Fuisse
795 3403 861 3469 post
887 3396 1054 3450 Perizonium
1085 3411 1135 3448 nos

71 3478 253 3555 addidimus.)
278 3483 292 3534 7
318 3488 346 3535 et
367 3479 457 3534 multo
481 3496 584 3536 eruore
605 3478 689 3552 signe
714 3479 743 3534 in
766 3476 891 3542 Sabinis,
915 3475 1018 3532 Csediis
1042 3493 1134 3548 aquas

72 3564 152 3620 sonte
186 3562 279 3618 calido
309 3562 418 3635 pelides
450 3579 584 3616 manasse
621 3579 635 3616 e
666 3563 733 3621 coni.
762 3561 976 3631 Bezzenberqeri
1003 3554 1134 3632 (Caediis)

74 3655 98 3701 et
118 3645 215 3704 Alscls.
248 3643 283 3716 (Ρ
311 3664 334 3700 e.
359 3663 397 3699 m.
423 3661 448 3700 e.
487 3643 578 3698 ssedes
615 3661 707 3716 aquas
739 3641 819 3698 fonte
849 3641 968 3698 callidos
990 3657 1134 3696 manasse.

74 3726 167 3800 Neque
197 3745 317 3782 manare
344 3729 384 3782 sic
416 3727 527 3782 variata
562 3734 702 3782 structura
736 3734 761 3781 el
789 3725 982 3798 siqnqicatione
1009 3723 1050 3778 ad
1080 3722 1134 3777 duo

75 3811 190 3866 subiecta
226 3811 308 3865 simul
342 3808 543 3864 accommodari
568 3817 674 3882 polest,
712 3825 797 3880 neque
828 3809 856 3862 in
891 3823 959 3861 nouo
993 3805 1050 3860 loco
1082 3804 1134 3858 ad·

76 3892 204 3964 iunqendo
229 3903 257 3948 et
278 3893 371 3948 abesse
395 3899 523 3965 poterut,
555 3899 595 3946 ter
624 3884 687 3946 ante
703 3892 838 3964 positum,
868 3905 953 3961 neque
980 3887 1014 3942 de
1036 3885 1135 3941 Cadus

77 3976 130 4030 loco
152 3983 272 4044 constat,
297 3987 312 4030 e
336 3993 389 4048 quo
420 3975 524 4029 nomine
548 3974 621 4045 finqi
642 3971 783 4028 Caedicius
813 3971 893 4028 vicus
922 3977 948 4024 et
969 3967 1135 4046 Caediciani,

77 4075 134 4130 qua
155 4059 336 4131 reperiuntur,
360 4075 413 4112 non
429 4063 597 4130 potuerunt;
621 4053 738 4112 Oaedicii
756 4056 851 4129 patius
872 4052 1043 4110 scribendum
1065 4059 1134 4108 erat.
