2678 4560
317 261 355 318 74
576 253 656 304 Liber
673 251 790 306 xxvn.
827 251 871 318 (Δ.
884 267 908 301 u.
921 267 945 306 c.
961 257 1035 314 ⁶⁴5.)

242 441 417 502 BOeusores
442 448 476 498 ut
503 456 605 514 agrum
638 435 822 513 Campanum
848 435 1002 494 iurandum
1031 437 1190 508 locarent,
1221 456 1258 494 ex
1281 455 1331 496 auc·

243 547 391 605 9toritate
411 553 527 623 patrum
549 543 640 601 latum
662 542 702 598 ad
721 541 835 617 plebem
859 548 904 598 est
916 543 1079 618 plebesque
1093 544 1197 602 scivit.
1216 544 1332 603 *Senatus

273 651 425 710 lectionem
452 648 597 707 contentio
626 647 702 705 inter
727 664 862 706 censores
890 648 926 704 de
947 648 1081 724 principe
1102 649 1236 724 legendo
1256 649 1333 708 tenuit

223 758 260 814 10
274 755 439 833 Sempronii
467 754 553 812 lectio
583 763 664 823 erat3
695 761 821 810 ceterum
850 750 1002 810 Cornelius
1030 770 1151 812 morem
1176 755 1336 812 traditona

273 861 405 939 patribus
430 861 607 934 sequendum
632 859 746 927 aiebat,
768 868 809 929 ut,
832 861 881 932 qui
899 859 1011 933 primus
1033 876 1146 916 censor
1171 860 1278 928 exiis,
1298 857 1336 934 qui

274 955 415 1037 riverent,
436 966 547 1035 fuisset,
569 983 633 1020 eum
656 963 815 1040 principem
837 964 982 1038 legerent3
1009 964 1034 1020 is
1056 965 1096 1021 Τ.
1119 965 1257 1022 Manlius
1276 966 1335 1022 Tor·

224 1075 380 1147 liquatus
403 1080 479 1142 erat3
502 1069 709 1144 Sempronius,
735 1069 782 1126 cui
807 1068 836 1125 di
863 1079 971 1126 sortem
991 1069 1111 1144 legendi
1136 1069 1333 1140 dedissent,d

273 1178 319 1236 ius
339 1178 460 1235 liberum
483 1176 600 1234 eosdem
624 1173 738 1232 dedisse
762 1173 848 1244 deos3
870 1193 902 1231 se
924 1174 953 1230 id
975 1192 1029 1231 suo
1051 1175 1187 1233 arbitrio
1202 1175 1336 1243 iacturum,

273 1285 472 1356 lecturumque
494 1280 530 1354 Q.
551 1280 676 1338 Fabium
700 1281 879 1352 Maximum,
909 1299 994 1354 quem
1017 1290 1079 1337 tum
1101 1283 1271 1358 principem
1288 1283 1333 1338 Re

224 1395 261 1451 12
274 1406 368 1446 manae
390 1385 515 1444 civitatis
537 1403 601 1442 esse
621 1385 669 1442 vel
690 1385 856 1444 Hannibale
873 1385 967 1442 iudice
982 1387 1114 1444 victurus
1132 1397 1228 1446 esset
1258 1387 1332 1458 Quum

274 1495 323 1552 diu
349 1499 489 1550 certatum
517 1492 614 1549 verbis
645 1498 738 1561 esset,
774 1491 951 1548 concedente
972 1491 1087 1567 collega
1106 1494 1210 1552 lectus
1232 1513 1251 1550 a
1269 1494 1331 1551 sen

273 1599 378 1674 pronio
406 1597 541 1674 princeps
566 1597 595 1654 in
626 1606 727 1655 senatu
754 1596 791 1668 Q.
815 1595 925 1653 Fabius
947 1597 1097 1655 Maximus
1119 1598 1241 1656 consul.
1279 1595 1331 1654 lndc

274 1705 349 1763 alius
375 1705 465 1762 lectus
487 1712 619 1774 senatus,
655 1712 722 1760 octo
750 1702 918 1778 proeteritis,
951 1701 1026 1758 inter
1054 1701 1130 1777 qnos
1158 1707 1198 1763 L.
1222 1703 1328 1762 Caecilius

273 1810 408 1870 Metellus
433 1818 510 1878 erat,
545 1807 662 1865 infamis
695 1817 797 1865 auctor
828 1808 993 1865 deserendae
1026 1809 1124 1866 Italiae
1148 1821 1223 1885 post
1248 1809 1337 1866 cuda

224 1920 261 1977 13
275 1908 468 1988 Cannensem.
509 1915 546 1971 In
563 1913 743 1988 equestribus
759 1931 876 1988 qnoque
889 1912 965 1969 notia
987 1913 1091 1970 eadem
1107 1925 1235 1973 servata
1247 1885 1337 1977 cansa*

226 2027 261 2082 14
275 2023 325 2080 sed
350 2029 435 2079 erant
454 2019 610 2096 perpauci,
643 2036 717 2093 quos
738 2038 774 2076 eu
794 2018 915 2077 infamia
936 2018 1107 2092 attingerem
1127 1999 1197 2078 ¹illis
1219 2019 1337 2080 omnibns

276 2129 318 2200 (et
349 2126 432 2184 multi
467 2123 562 2197 erant)
596 2123 725 2198 adempti
760 2125 841 2198 eqni,
880 2125 929 2199 qui
965 2122 1168 2184 Cannensium
1204 2127 1321 2200 legionun

276 2233 387 2306 equites
414 2231 444 2286 in
466 2228 566 2288 Sicilia
592 2237 682 2288 erant.
728 2229 914 2287 Addiderunt
935 2229 1088 2287 acerbitati
1111 2234 1204 2290 etiam
1226 2241 1337 2308 tenpus,

275 2355 312 2392 ne
344 2333 491 2410 praeterita
529 2333 674 2408 stipendia
706 2335 897 2409 procederent
931 2337 981 2407 iis,
1020 2355 1086 2411 quae
1120 2357 1201 2412 equo
1232 2329 1337 2410 publicol

225 2440 261 2495 15
275 2447 467 2509 emeruerant,
490 2438 541 2496 scd
564 2438 639 2496 dena
660 2438 806 2514 stipendia
827 2441 909 2514 equis
929 2441 1053 2517 privatis
1067 2441 1212 2500 facerent.
1256 2440 1316 2508 tng-

274 2563 343 2602 nnm
366 2553 507 2620 praeterea
522 2551 674 2602 numerum
695 2564 795 2603 eorum
813 2546 1059 2618 conquisiverunt,
1082 2549 1135 2622 qui
1154 2565 1231 2622 equo
1242 2539 1316 2602 mereu'
1335 2553 1337 2622 j

274 2651 432 2719 deberent,
476 2659 564 2724 etque
586 2651 695 2721 exiis,
727 2650 776 2724 qui
800 2651 942 2726 principio
965 2651 1026 2709 eius
1048 2653 1119 2710 belli
1150 2645 1337 2728 septendedul

275 2773 367 2812 annos
387 2755 449 2811 nati
470 2753 586 2813 fuerant
604 2775 698 2830 neque
720 2755 932 2826 militaverant,
954 2775 1055 2814 omnes
1071 2758 1194 2816 aerarios
1207 2756 1313 2814 teneant
1337 2792 1338 2809 2

225 2862 261 2917 16
274 2862 460 2918 Locaverunt
474 2860 540 2918 inde
557 2861 721 2932 reficienda,
745 2880 809 2936 quae
823 2860 1005 2919 circulorum
1021 2863 1158 2920 incendio
1173 2863 1312 2929 consumptt

275 2976 367 3036 erant,
389 2976 498 3041 septem
521 2967 667 3036 tabernas,
690 2967 851 3036 macellum,
874 2966 978 3023 atrium
1000 2968 1125 3042 regium.

178 3064 220 3132 12
287 3076 290 3084 '
363 3071 534 3129 Transactis
556 3072 706 3144 omnibus,
734 3091 798 3146 quae
819 3073 921 3130 Romae
943 3073 1058 3147 agenda
1080 3083 1179 3143 erant,
1211 3067 1310 3130 consule
1336 3133 1337 3166 ,

243 3175 312 3232 tad
334 3175 440 3232 bellum
463 3176 595 3252 profecti.
638 3179 726 3235 Prior
747 3177 870 3235 Fulvius
891 3189 1070 3252 praegressus
1093 3177 1240 3255 Capuam3
1266 3180 1309 3248 post

273 3298 383 3354 paucos
405 3281 466 3338 dies
488 3292 658 3340 consecutus
679 3284 811 3353 Fabius,
844 3283 944 3357 quiet
969 3282 1113 3358 collegam
1137 3305 1234 3344 coram
1252 3281 1307 3337 oblr
1336 3299 1337 3348 ᾗ

272 3395 366 3444 status
402 3395 431 3444 et
465 3407 518 3462 per
548 3388 659 3446 litteras
691 3389 876 3457 Marcellum,
912 3396 943 3442 nt
974 3406 1062 3461 quam
1091 3391 1232 3448 acerrimo
1257 3381 1305 3442 bello

241 3491 433 3549 ddetiuereut
459 3493 674 3564 Hannibalem,
710 3493 778 3549 dum
805 3489 876 3567 ipse¹
896 3495 1056 3550 Tarentum
1089 3489 1306 3570 oppugnaretur

273 3597 344 3652 urbe
373 3597 511 3672 adempta
537 3598 614 3654 hosti
642 3597 700 3655 iam
731 3597 858 3672 undique
879 3597 980 3674 pulso,
1016 3617 1070 3655 nec
1102 3599 1152 3655 ubi
1172 3597 1302 3656 construe

272 3717 325 3756 nec
358 3702 427 3775 quid
460 3703 548 3758 fidum
580 3702 745 3776 respiceret,
781 3703 915 3773 habenti,
951 3721 988 3759 ne
1021 3703 1189 3760 remorandi
1222 3697 1302 3775 quiden

240 3808 390 3863 lcausam
412 3805 442 3862 iu
471 3807 559 3864 Italia
579 3805 666 3882 fore),
687 3807 811 3882 Regium
834 3807 921 3864 etiam
944 3807 1076 3864 nuntium
1099 3809 1187 3866 mittit
1206 3807 1239 3865 ad
1256 3816 1301 3879 pt*

271 3909 378 3968 fectum
408 3911 550 3985 praesidii,
585 3913 663 3986 qnod
692 3912 729 3968 ab
759 3913 878 3970 Laevino
906 3913 1025 3970 consule
1046 3915 1188 3972 adversus
1207 3905 1301 3970 Bruttiot
1332 3954 1337 3993 ,¹

242 4013 313 4070 bibi
345 4014 471 4070 locatum
506 4023 587 4085 erat,
624 4026 689 4072 octo
722 4019 813 4076 millia
844 4018 1014 4089 hominum,
1048 4038 1118 4094 pars
1147 4000 1262 4075 maxima
1277 4009 1299 4064 ab
1330 4002 1335 4025 ¹
