2680 4546
306 245 367 302 tto
576 241 655 292 Liber
672 239 760 293 xxv,
796 239 846 305 (Δ.
861 253 887 290 r.
901 239 1016 304 assa.)

264 425 344 484 humi
375 425 507 484 sedentes
535 425 769 498 accubantesque
800 434 851 481 ant
878 423 1114 482 obambulantes
1140 432 1208 481 ante
1231 442 1291 480 ι»

232 535 432 606 tportasque.
480 527 554 588 Cum
577 529 622 588 bis
646 539 705 587 tam
731 531 840 587 securis
861 528 1027 602 solutisque
1056 528 1191 586 Romani
1217 528 1289 586 cal-u·

263 635 359 694 adhuc
389 634 427 691 ab
457 636 565 693 recenti
596 653 695 710 pugna
716 633 887 708 ferocesque
914 633 1044 691 victoria
1065 633 1205 708 praelium
1249 660 1252 681 ι
1265 658 1289 681 -...

263 743 367 815 Itaque
388 757 573 814 nequaquam
595 740 690 798 resisti
711 739 741 796 in
762 740 855 815 portis
876 739 986 815 petuit3
1013 739 1096 796 intra
1127 746 1243 813 portas,
1271 762 1288 783 ··

262 863 346 904 corsa
369 861 406 902 ex
427 843 496 902 totis
517 844 620 902 castris
643 844 681 901 ad
703 843 827 919 primum
850 844 1009 902 clamorem
1028 853 1061 900 et
1075 843 1234 900 tumultum

213 952 248 1006 10
261 957 348 1006 atrox
383 947 516 1023 praelium
555 947 661 1018 oritur3
696 948 804 1024 diuque
841 948 995 1018 tenuisset,
1029 949 1063 1005 ni
1104 957 1229 1006 cruema
1257 972 1294 995 :vu

261 1057 460 1114 Romanorum
489 1052 555 1109 visa
582 1051 720 1110 indicium
752 1053 871 1112 alterim
898 1052 991 1110 cladis
1017 1053 1124 1111 Poenis
1158 1063 1245 1127 atque
1266 1053 1295 1099 ἰιἸ

211 1161 244 1218 ii
260 1177 399 1234 pavorem
431 1157 604 1217 iniecissent.
664 1159 723 1218 Hic
762 1167 856 1216 terror
885 1158 916 1216 in
948 1159 1051 1234 fugam
1084 1158 1196 1216 avertit
1227 1175 1303 1214 omn

260 1262 411 1338 effusique,
435 1282 494 1338 qoa
522 1262 578 1320 iter
603 1271 661 1334 est‘,
693 1265 750 1322 nisi
782 1282 856 1339 quos
883 1263 976 1322 cades
999 1262 1162 1339 oppressit,
1192 1279 1296 1319 exuun

260 1369 372 1431 castris.
425 1370 474 1426 Itu
502 1376 588 1426 nocte
620 1387 655 1426 ac
688 1369 735 1427 die
767 1369 837 1427 bins
868 1379 967 1428 casua
997 1368 1130 1426 hostium
1168 1385 1271 1442 expn
1296 1396 1298 1401 v

210 1475 347 1532 12ductu
372 1474 406 1534 L.
430 1473 544 1534 Marcii.
602 1475 652 1532 Ad
681 1474 801 1550 triginta
829 1483 940 1550 septem
972 1473 1064 1530 millia
1094 1473 1225 1532 hostium
1253 1498 1294 1521 «vr-2

170 1569 173 1574 ‘
260 1587 427 1634 auctorest
448 1576 596 1649 Claudius,
618 1579 809 1653 quiaunalss
830 1579 983 1637 Acilianos
1004 1597 1043 1636 ex
1065 1576 1178 1637 Graeco
1199 1579 1229 1634 in
1277 1602 1296 1623 ,-

209 1687 246 1742 13
260 1701 327 1738 num
356 1701 520 1742 sermonem
551 1683 649 1752 vertit3
684 1661 787 1761 captos
815 1684 854 1742 ad
882 1682 959 1742 mille
986 1683 1175 1758 octingentos
1204 1684 1275 1758 trigi
1334 1737 1335 1742 ,

259 1787 387 1862 praedam
416 1788 562 1864 ingentem
591 1799 720 1864 partam3
753 1790 782 1846 in
816 1809 852 1847 ea
877 1789 967 1846 fuisse
999 1789 1126 1864 clipeum
1163 1808 1250 1864 argee
1265 1816 1295 1836 --Ιι
1312 1845 1313 1852 ,

259 1894 357 1968 pondo
379 1903 493 1950 centum
516 1893 646 1968 triginta
671 1903 782 1970 septem
810 1913 875 1953 cum
897 1893 1026 1968 imagine
1051 1895 1176 1952 Barcini
1196 1895 1309 1952 Hasdm·

210 2003 244 2057 14
258 1999 398 2059 drubalis.
441 1997 578 2055 Valerius
599 1999 706 2056 Antias
734 2016 795 2056 una
824 2009 922 2058 castm
948 1999 1087 2074 Magonis
1116 2011 1206 2074 capta
1229 1997 1309 2067 tradit¹

257 2113 368 2177 septem
391 2104 480 2160 miliia
501 2097 577 2161 crasa
597 2104 738 2174 hostium;
760 2106 853 2162 altero
872 2103 975 2180 proelio
998 2104 1153 2178 eruptione
1169 2113 1306 2180 pugnatun
1334 2149 1335 2177 p

257 2225 321 2265 cum
345 2208 541 2277 Hasdrubale,
564 2209 663 2266 decem
679 2209 770 2266 millis
787 2210 893 2280 occisa,
916 2219 1056 2283 quattuor
1077 2210 1171 2266 millia
1185 2217 1302 2267 trecentus
1333 2261 1334 2266 ,

209 2320 243 2374 ta
258 2312 376 2388 triginta
396 2324 507 2388 captos.
551 2314 622 2371 Piso
648 2313 776 2388 quinque
802 2309 893 2372 millia
921 2314 1088 2386 hominum,
1118 2334 1208 2390 quum
1231 2315 1301 2386 Mago

255 2419 390 2475 cedentes
417 2428 533 2476 nostros
564 2417 655 2475 effuse
686 2429 870 2492 sequeretur,
903 2436 978 2476 casa
1005 2439 1043 2476 ex
1072 2418 1188 2479 insidiis
1215 2419 1299 2476 scribit

206 2530 242 2584 tu
256 2524 346 2598 Apud
369 2542 468 2580 omnes
491 2535 629 2598 magnum
650 2541 755 2581 nomen
771 2524 874 2581 Marcii
890 2524 970 2582 ducis
992 2536 1050 2595 est;
1075 2535 1104 2584 et
1129 2545 1206 2584 vera
1223 2523 1298 2599 gloria

255 2629 315 2684 cius
338 2629 423 2685 etiam
447 2627 588 2686 miracula
611 2628 730 2698 addunt,
757 2629 905 2686 flammam
928 2629 956 2687 ei
977 2632 1163 2690 contionanti
1190 2631 1296 2689 fusaue

254 2734 357 2805 capite,
380 2733 441 2790 sine
461 2733 552 2808 ipsius
578 2751 680 2803 sensu,
707 2751 772 2791 cum
800 2751 907 2809 magno
930 2753 1042 2812 pavore
1075 2736 1294 2796 circumstantium

206 2845 239 2900 17
255 2836 389 2907 militum3
422 2849 698 2913 monumentumque
730 2839 859 2898 victoria
886 2841 947 2899 eius
976 2841 1012 2900 de
1033 2843 1137 2900 Poenis
1165 2862 1249 2918 usqne
1270 2839 1293 2896 ed

252 2942 400 3001 incensum
423 2941 599 3019 Capitolium
627 2943 718 3001 fuisse
747 2944 776 3002 iu
804 2946 912 3021 templo
940 2946 1074 3023 clipeum,
1102 2949 1240 3006 Marcium
1258 2965 1293 3020 ap

203 3053 239 3109 18
252 3047 407 3122 pellatam,
441 3067 505 3106 cum
534 3049 661 3124 imagine
689 3049 894 3112 Hasdrubalis.
922 3085 960 3098 -
989 3052 1104 3126 Quietae
1134 3055 1234 3112 deinde
1255 3051 1291 3108 sh'·

252 3153 390 3226 quamdiu
411 3152 440 3210 in
463 3153 608 3228 Hispania
629 3172 675 3212 res
697 3153 787 3225 fuere,
808 3155 939 3231 utrisque
959 3168 1027 3232 post
1049 3167 1149 3217 tantas
1170 3161 1198 3217 in
1222 3159 1289 3216 vicen

251 3265 385 3332 acceptas
421 3258 575 3333 illatasque
612 3259 708 3318 clades
752 3261 954 3320 cunctantibus
995 3263 1157 3338 periculum
1197 3275 1289 3322 sunus

250 3381 346 3420 rernm
368 3362 477 3424 facere.

155 3463 201 3532 40
334 3468 413 3526 Dum
436 3470 498 3526 hae
519 3469 548 3526 iu
572 3468 717 3544 Hispania
738 3481 891 3546 geruntur,
913 3472 1081 3544 Marcellus,
1110 3475 1200 3550 captis
1219 3472 1286 3547 Syn·

250 3572 335 3644 cusis,
359 3591 446 3648 quum
470 3582 566 3632 cetera
587 3575 617 3632 in
640 3575 740 3634 Sicilia
760 3586 843 3634 tanta
863 3576 919 3635 fide
942 3585 1029 3652 atque
1049 3561 1211 3654 integritate
1228 3593 1284 3634 com·

250 3677 402 3751 posuisset,
423 3689 456 3736 ut
476 3698 535 3736 nnn
555 3681 642 3738 modo
664 3699 746 3738 snam
773 3682 912 3758 glorium,
940 3684 992 3740 sed
1018 3683 1105 3741 etiam
1134 3684 1283 3742 maiestatem

142 3793 154 3802 ·
213 3857 223 3867 ἱ
248 3783 348 3857 populi
369 3786 495 3844 Romani
528 3796 662 3862 augeret,
691 3797 862 3846 ornamenta
889 3788 985 3860 urbis,
1015 3788 1100 3864 signa
1131 3788 1282 3858 rubumque

217 3893 233 3947 2
249 3887 353 3961 quibus
372 3891 563 3949 abundabant
577 3893 738 3967 Syracusae,
759 3895 884 3952 Romam
899 3893 1026 3965 devexit,
1047 3895 1174 3952 hostium
1194 3891 1279 3969 quidem

247 3992 298 4047 illa
321 3992 415 4065 spolia
445 4003 473 4048 et
497 4005 582 4067 parta
605 3996 672 4052 balli
705 3997 780 4078 iura;
806 4006 932 4056 ceterum
958 3998 1025 4057 iude
1053 4001 1176 4076 primum
1196 3995 1279 4056 initium
