2700 4426
424 143 501 192 Liber
515 142 614 194 XXIX.
651 142 698 205 (A.
713 139 761 190 ch.
773 141 845 204 20⁵.)
1064 144 1121 198 193

106 339 218 396 pacem.
263 323 350 403 Quod
379 326 446 382 nisi.
462 328 539 385 omni
568 327 598 384 vi
624 328 762 402 perficere
788 333 976 393 maturasset,
1010 324 1195 382 ballentem2

107 447 173 484 eum
195 447 258 487 cum
281 431 391 487 AEtolis
412 433 447 490 P.
470 431 656 507 Sempronius
678 432 849 506 proconsul,
882 448 1031 488 successor
1052 430 1165 505 imperii

107 534 212 591 missus
234 535 363 610 Sulpicio
377 609 379 614 Ι
392 520 460 595 ¹cum
483 539 582 595 decem
604 539 729 595 millibus
747 537 871 613 peditum
893 546 919 593 et
939 537 1011 592 mille
1032 537 1165 610 equitibus

107 653 136 696 et
157 641 276 716 triginta
297 641 423 716 quinque
443 646 576 702 rostratis
598 645 731 714 navibuS,
752 642 831 700 haud
848 660 970 717 parvum
988 623 1173 699 momentum

107 746 144 802 ad
174 764 258 820 opem
288 745 435 805 ferendam
457 751 557 821 sociis,
588 751 785 826 oppressisset.
833 747 962 805 Vixdum
983 767 1056 822 paee
1077 747 1195 819 lactasti

108 852 223 908 nuntius
245 853 307 927 regi
328 856 415 925 venit,
437 857 586 914 Romanos
600 856 794 932 Dyrrachium
806 853 1165 927 venisse,.Parthinosque

107 970 135 1013 st
165 957 343 1032 propinquas
374 969 474 1034 gentes
504 961 576 1019 alias
600 972 695 1018 motas
716 979 780 1018 esse
801 961 839 1017 ad
860 978 941 1034 spem
962 959 1089 1015 novandi
1109 975 1165 1028 res,

107 1062 324 1137 Dimallumque
339 1066 510 1140 oppugnari.
558 1069 603 1124 Eo
623 1086 656 1124 se
669 1075 817 1124 verterunt
829 1065 948 1122 Romam·
959 1065 994 1120 ab
1005 1064 1165 1120 AEtolorum
1178 1069 1194 1122 4

107 1168 226 1237 auxilio,
241 1170 316 1238 irati,
332 1171 409 1243 quod
426 1172 487 1228 siue
502 1173 674 1230 auctoritate
690 1190 745 1228 sua
755 1171 894 1227 adversus
909 1169 1003 1226 foedus
1020 1178 1084 1226 cum
1097 1186 1166 1242 rege

107 1292 208 1348 pacem
231 1274 373 1332 iecissent.
420 1277 467 1334 Ea
488 1297 575 1351 quum
599 1278 726 1334 audisset
741 1273 908 1347 Philippus,
942 1293 979 1330 ne
999 1274 1048 1348 qui
1068 1281 1195 1334 mouet

107 1379 202 1436 maior
223 1390 346 1437 oreretur
365 1381 395 1438 in
415 1384 541 1440 finitimis
562 1385 705 1458 gentibus,
726 1379 914 1456 Apolloniam
929 1379 1083 1450 contendit,
1105 1397 1162 1453 quo

107 1483 295 1559 Sempronius
321 1503 352 1541 se
381 1499 544 1562 receperat,
577 1489 665 1546 misso
693 1487 818 1546 Laetorio
853 1486 949 1560 legato
984 1503 1048 1541 cum
1080 1494 1164 1559 parte

108 1591 256 1664 copiarum
290 1600 318 1647 et
348 1592 507 1665 quindecim
536 1594 660 1650 navibus
680 1593 711 1650 in
733 1593 876 1650 AEtoliam
901 1592 939 1648 ad
962 1591 1096 1648 visendas
1117 1609 1164 1647 res

107 1713 283 1771 pacemque,
311 1696 336 1753 si
358 1707 473 1771 posset,
494 1700 677 1756 turbandam.
724 1699 877 1773 Philippus
900 1715 987 1772 agros
1010 1696 1195 1773 Apolloni-6

109 1801 198 1858 atium
220 1803 347 1858 vastavit
369 1815 405 1874 et,
427 1805 465 1860 ad
486 1806 586 1862 urbem
610 1805 734 1862 admotis
750 1804 849 1878 copiis,
871 1813 1043 1878 potestatem
1060 1821 1164 1878 pugna

108 1911 243 1966 Romano
275 1908 357 1979 fecit3
391 1928 475 1983 quem
506 1922 662 1985 postquam
691 1911 819 1985 quietum
843 1928 941 1966 muros
963 1909 1163 1967 tantummodo

108 2014 182 2071 tueri
203 2015 289 2085 vidit,
318 2033 370 2072 nec
392 2015 461 2071 satis
483 2016 573 2072 fidens
594 2015 723 2085 viribus,
744 2026 776 2071 ut
797 2017 897 2073 urbem
921 2026 1117 2094 oppugnaret,
1140 2023 1193 2076 eti

108 2140 172 2178 cum
204 2121 345 2178 Romanis
377 2140 507 2196 quoque,
547 2121 621 2178 sieut
650 2139 714 2178 cum
747 2121 873 2190 AEtolis,
912 2121 1031 2194 cupiens
1052 2138 1164 2195 pacem,

108 2227 134 2282 si
154 2238 272 2302 posset,
299 2228 324 2283 si
345 2228 453 2298 minus,
479 2227 605 2283 indutias
626 2225 736 2297 facere,
759 2227 830 2285 nihil
849 2227 924 2284 ultra
946 2227 1065 2284 irritatis
1086 2244 1163 2282 novo

110 2333 266 2390 certamine
298 2333 386 2405 odiis,
421 2333 451 2388 in
483 2351 603 2407 regnum
635 2350 667 2388 se
700 2333 817 2408 recepit.
864 2335 924 2390 Per
950 2334 1026 2390 idem
1051 2340 1195 2406 tempus8

110 2438 194 2496 taedio
218 2439 319 2495 diutini
341 2438 408 2495 belli
430 2437 574 2512 Epirotae,
606 2447 718 2494 tentata
738 2439 818 2513 prius
840 2442 1037 2498 Romanorum
1062 2436 1164 2494 volun·

110 2551 186 2612 tate,
218 2544 329 2616 legatos
355 2543 391 2598 de
416 2562 489 2617 paee
517 2543 662 2600 communi
691 2544 729 2600 ad
753 2545 926 2620 Philippum¹
942 2547 1063 2615 misere,
1095 2544 1196 2606 satist)

111 2649 255 2707 confidere
279 2657 483 2704 conventuram
508 2666 571 2703 eam
595 2647 782 2720 affirmantes,
803 2651 829 2706 si
850 2652 889 2708 ad
906 2651 1081 2725 colloquium
1101 2669 1166 2707 cum

111 2757 147 2812 P.
176 2751 355 2830 Sempronio·
385 2752 560 2826 imperatore
596 2753 729 2810 Romano
760 2754 894 2814 venisset.
942 2756 1042 2812 Facile
1075 2756 1166 2830 impe·
1182 2767 1217 2820 10

109 2869 216 2917 tratum
236 2862 341 2933 (neque
362 2858 437 2914 enim
457 2876 494 2913 ne
509 2856 600 2932 ipsius
616 2856 731 2931 quidem
746 2858 823 2932 regis
838 2860 1013 2917 abhorrebat
1031 2859 1165 2932 animus),

109 2978 142 3022 ut
170 2966 200 3022 in
229 2966 349 3040 Epirum
376 2963 520 3022 transiret.
579 2963 717 3020 Phoenice
747 2966 816 3022 urbs
838 2974 879 3022 est
896 2964 992 3040 Epiri3
1024 2964 1064 3021 ibi
1085 2962 1165 3039 prius
1182 2971 1214 3024 tl

109 3046 268 3128 collocutus
289 3090 341 3127 rex
362 3087 426 3126 cum
448 3071 568 3142 Aeropo
591 3078 619 3125 et
639 3068 743 3126 Darda
764 3081 793 3127 et
813 3071 959 3146 Philippo,
978 3070 1164 3147 Epirotarum

66 3184 74 3199 '
109 3176 299 3250 praetoribus,
333 3185 436 3250 postea
465 3193 528 3231 cum
559 3175 592 3233 Ρ,
615 3172 799 3251 'Sempronio
832 3178 1024 3252 congreditur.
1071 3176 1167 3236 Affuit
1183 3181 1216 3236 12

112 3282 257 3355 colloquio
278 3281 483 3356 Amynander,
518 3281 717 3338 Athamanum
750 3301 819 3352 rex,
855 3293 883 3340 et
910 3285 1095 3358 magistratus
1117 3283 1167 3340 alii

111 3385 297 3460 Epirotarum
326 3396 355 3444 et
376 3389 574 3444 Acarnanum.
622 3387 739 3444 Primus
768 3390 920 3465 Philippus
949 3401 1055 3465 proetcr
1076 3391 1166 3447 verba

111 3487 179 3546 fecit
214 3503 242 3548 et
269 3494 351 3568 petiit
379 3492 465 3548 simul
494 3493 530 3548 ab
559 3511 628 3568 rege
648 3504 677 3550 et
697 3494 735 3551 ab
757 3494 931 3570 imperatore
952 3498 1102 3566 Romano,
1133 3505 1165 3552 ut

111 3596 196 3652 finem
218 3598 286 3674 belli
306 3598 435 3656 facerent
450 3599 608 3673 darentque
622 3618 686 3657 eam
704 3600 834 3676 Epirotis
856 3602 981 3658 veniam.
1029 3603 1065 3662 P.
1081 3603 1163 3662 Sem·
1181 3611 1215 3666 13

111 3704 231 3778 pronius
256 3706 438 3762 condiciones
459 3705 539 3779 pacis
564 3704 655 3777 dixit,
689 3717 720 3762 ut
741 3706 874 3763 Parthini
903 3717 932 3764 et
952 3708 1110 3765 Dimallum
1136 3719 1165 3765 et

111 3809 281 3884 Bargullum
315 3823 344 3876 et
371 3812 531 3888 Eugenium
565 3814 763 3870 Romanorum
796 3825 908 3886 essent,
939 3813 1106 3885 Atintania,
1141 3813 1166 3870 si

113 3916 209 3972 missis
230 3919 354 3975 Romam
376 3919 478 3993 legatis
501 3919 538 3976 ab
560 3929 661 3976 senatu
683 3920 885 3994 impetrasset,
912 3917 972 3997 [ut]
988 3920 1166 3978 Macedoniae

139 4031 203 4068 tinus
220 4042 242 4067 ex
257 4041 295 4068 ree.
309 4029 404 4079 liedvigii.
436 4031 467 4068 tv.
936 4031 966 4074 13
