2680 4546
310 241 347 298 52
573 238 654 290 Liber
670 238 770 290 XXVI.
808 239 858 303 (A.
870 253 895 292 ιι.
910 254 932 290 c.
949 243 1020 302 bu.)

267 432 436 482 averterunt
458 421 551 480 solum
576 423 605 481 in
627 423 727 500 fugam
750 425 860 492 hostes,
881 423 933 482 sed
955 423 1030 480 adeo
1046 421 1146 482 effusis
1165 424 1310 494 institerunt,

268 539 308 600 nt,
330 529 384 586 nisi
406 528 533 602 receptui
556 528 721 600 cecinisset,
748 529 884 604 permixti
903 528 1079 605 fugientibus
1095 529 1233 602 irrupturi
1245 529 1311 586 luisse

235 635 294 694 bin
322 636 421 692 urbem
453 633 628 690 viderentur.
673 634 845 711 Trepidatio
877 653 947 691 vero
975 653 1034 690 non
1056 634 1085 690 in
1116 633 1221 708 proelio
1242 635 1311 689 maior

266 759 353 816 quam
389 749 451 797 tota
482 739 554 794 urbe
589 737 659 808 fuit3
694 741 791 798 multas
825 740 965 796 stationes
1003 758 1116 814 pavore
1148 749 1239 812 atque
1262 738 1313 813 iuga

265 846 384 902 desertoe
399 854 466 900 sunt
482 843 631 918 relictique
647 846 731 916 muri,
753 865 852 920 quum,
873 864 932 920 qua
952 845 1056 919 cuique
1074 853 1138 900 erat
1157 846 1314 919 proximum,

235 950 455 1009 bdesiluissent.
496 943 585 1023 'Quod
617 949 666 1006 ubi
703 969 836 1026 egressus
869 951 968 1025 Scipio
995 949 1024 1006 in
1052 949 1214 1020 tumulum,
1249 969 1313 1023 quen

265 1055 402 1114 Mercurii
424 1064 545 1125 vocant,
572 1054 791 1126 animadvertit,
827 1056 924 1112 multis
946 1055 1077 1130 partibus
1100 1055 1213 1111 nudata
1234 1054 1315 1110 delen-

266 1159 380 1216 soribus
403 1159 508 1216 moenia
530 1177 612 1227 esse,
634 1178 734 1218 omues
756 1180 772 1218 e
794 1161 896 1218 castris
919 1161 1029 1217 excitos
1050 1159 1093 1216 ire
1112 1161 1315 1236 adoppugnan

237 1266 334 1330 7dum
357 1275 386 1322 et
409 1263 485 1322 ferra
506 1266 601 1322 scalas
623 1264 710 1322 iubet.
752 1266 820 1340 Ipse
849 1266 934 1322 triurn
960 1283 1020 1340 prm
1042 1283 1074 1322 se
1100 1265 1239 1321 iuvenum
1262 1263 1315 1318 mli·

267 1371 369 1428 dorum
405 1369 493 1428 scutis
522 1370 663 1446 oppositis
692 1368 808 1445 (ingens
830 1371 905 1428 enirn
927 1370 985 1427 iam
1015 1371 1060 1426 vis
1091 1369 1189 1426 omnis
1222 1369 1317 1444 generis

267 1475 389 1534 telorum
407 1495 422 1532 e
438 1475 526 1532 muris
538 1473 669 1551 volabat)
692 1475 729 1532 ad
753 1477 853 1532 urbem
871 1476 1012 1546 succedit3
1034 1477 1180 1542 bortatur,
1203 1474 1317 1548 imperat,

237 1587 333 1655 8quae
355 1580 384 1637 in
406 1599 466 1636 rern
489 1591 570 1650 sunt,
599 1580 732 1655 quodque
752 1581 905 1656 plurimum
929 1581 966 1636 ad
989 1578 1193 1636 accendendos
1215 1579 1316 1634 militum

269 1684 381 1742 animos
407 1685 560 1755 intererat,
592 1684 672 1742 testis
708 1695 921 1761 spectatorque,
942 1685 1056 1742 virtutis
1089 1693 1180 1757 atque
1213 1683 1318 1758 ignavie

237 1790 407 1864 9cuiusque
428 1791 520 1850 adest.
567 1789 672 1863 Itaque
694 1789 722 1847 in
745 1789 866 1846 vulnera
888 1809 922 1847 sc
943 1789 1002 1846 tela
1022 1799 1124 1856 ruunt;
1155 1807 1251 1862 neque
1271 1789 1317 1843 illos

268 1895 343 1952 muri
366 1915 459 1971 neque
480 1903 677 1969 superstantes
700 1895 804 1952 armati
827 1914 926 1952 arcere
948 1904 1073 1970 queunt,
1107 1894 1178 1969 quin
1205 1893 1317 1951 certatim

219 2013 254 2067 10
269 2002 455 2059 adscendunt.
513 2001 552 2058 Et
584 2000 622 2057 ab
649 2001 772 2057 navibus
800 2003 901 2058 eodem
935 2010 1066 2076 tempore
1087 2017 1141 2069 ea,
1174 2017 1240 2073 quae
1264 1995 1318 2054 mari

268 2107 399 2178 alltritur,
434 2124 504 2182 pars
529 2105 608 2164 urbis
630 2105 793 2181 oppugnari
817 2114 914 2181 coepta
935 2113 986 2161 est.
1035 2101 1173 2160 Ceterum
1198 2104 1317 2160 tumultus

220 2223 253 2278 11
269 2212 337 2269 inde
358 2211 451 2268 maior
472 2229 559 2285 quam
581 2211 626 2267 vis
649 2211 779 2268 adhiberi
803 2220 926 2286 poterat.
977 2209 1056 2266 Dum
1080 2209 1247 2284 applicant,
1268 2209 1316 2263 dan

269 2316 376 2392 raptim
395 2327 543 2391 exponunt
558 2317 653 2374 scalas
675 2315 846 2390 militesque,
868 2315 947 2384 dum,
969 2332 1028 2389 qua
1046 2314 1153 2389 cuique
1169 2316 1317 2390 proximum

269 2430 322 2492 est,
342 2421 371 2477 in
390 2431 497 2478 terram
516 2422 640 2478 evadere
655 2431 823 2496 properant,
844 2420 909 2495 ipsa
924 2418 1111 2476 festinatione
1132 2429 1162 2476 et
1180 2420 1318 2477 certamine

173 2525 215 2593 45
269 2525 318 2582 alii
335 2526 408 2582 alios
425 2525 595 2602 impediunt.
629 2529 711 2584 Inter
731 2528 792 2583 haec
813 2526 978 2602 repleverat
999 2525 1057 2581 iarn
1080 2527 1193 2582 Poenus
1218 2523 1317 2582 armatis

268 2650 384 2701 muros,
419 2641 447 2690 et
481 2634 526 2689 vis
559 2651 666 2707 magna
702 2651 738 2688 ex
770 2632 879 2706 ingenti
914 2630 1000 2706 copia
1036 2640 1178 2706 congesta
1214 2632 1316 2688 telorun

237 2739 487 2813 2suppeditabat3
520 2739 571 2795 sed
601 2756 694 2812 neque
723 2737 779 2794 viri
813 2757 866 2794 nec
898 2737 957 2792 tela
988 2755 1042 2794 nec.
1069 2737 1231 2810 quicquam
1260 2729 1315 2790 alind

267 2861 348 2918 seque
376 2863 462 2918 quam
490 2843 596 2900 muenia
618 2843 683 2918 ipsa
705 2861 768 2900 sese
789 2841 992 2899 defendebant.
1041 2843 1129 2898 Rarae
1151 2844 1231 2900 enirn
1253 2840 1316 2897 scala

267 2949 410 3013 altitudini
434 2949 543 3023 aequari
564 2957 716 3024 poterant,
747 2957 776 3004 et
803 2967 860 3022 quo
882 2966 1005 3022 quaeque
1026 2947 1165 3018 altiores,
1200 2968 1239 3005 eo
1260 2947 1314 3003 infir·

236 3053 372 3113 ilmiores
404 3065 493 3111 erant.
541 3055 646 3128 Itaque
674 3071 762 3127 quum
795 3070 924 3108 summus
960 3053 1083 3128 quisque
1117 3054 1248 3110 evadere
1277 3067 1314 3106 nau

266 3168 375 3234 posset,
396 3160 525 3217 subirent
546 3167 643 3216 tamen
666 3158 724 3229 alii,
747 3176 834 3214 onere
855 3157 919 3233 ipso
938 3157 1159 3234 frangebantur.
1199 3159 1314 3232 Quidam

268 3263 410 3319 stantibus
444 3264 544 3333 scalis,
582 3282 669 3337 quum
705 3262 827 3320 altitudo
863 3263 1015 3338 caliginem
1049 3264 1140 3321 oculis
1174 3263 1313 3320 offudisset

239 3367 308 3426 tad
332 3377 438 3424 terram
469 3368 557 3424 delati
586 3378 661 3425 sunt.
710 3369 750 3425 Et
782 3387 869 3442 quum
899 3370 1006 3443 passim
1035 3370 1169 3426 homines
1191 3371 1313 3442 scalaequ

269 3484 401 3544 ruerent,
436 3483 465 3531 et
497 3474 560 3549 ipso
594 3492 726 3530 successu
756 3475 881 3531 audacia
912 3483 1000 3550 atque
1032 3477 1171 3534 alacritas
1207 3477 1312 3533 hostiurn

237 3585 426 3652 borasceret,
461 3580 573 3654 signum
603 3580 730 3654 receptui
760 3581 859 3636 datum
884 3589 940 3650 est-3
974 3581 1051 3654 quod
1072 3599 1153 3655 spent
1177 3602 1238 3639 non
1259 3597 1313 3656 pre·

265 3685 353 3740 sentis
388 3687 474 3742 modo
507 3686 544 3742 ab
577 3695 658 3742 tanto
685 3688 842 3744 certamine
872 3706 907 3744 ac
935 3686 1036 3743 labore
1065 3686 1171 3761 quietis
1198 3686 1313 3745 obsessis.

264 3789 315 3845 sed
338 3789 424 3846 etiam
446 3791 475 3848 in
498 3800 645 3866 posterum
669 3791 756 3860 dedit,
778 3792 863 3850 scalis
886 3801 914 3848 et
936 3809 1044 3849 corona
1067 3793 1133 3869 oapi
1156 3796 1258 3852 urbem
1274 3807 1312 3849 non

263 3913 365 3969 posse;
387 3914 477 3970 opera
499 3906 527 3954 et
549 3895 678 3957 difficilia
700 3915 763 3954 esse
786 3906 814 3953 et
842 3906 956 3972 tempus
979 3898 1081 3954 datura
1118 3901 1156 3956 ad
1182 3900 1312 3958 ferendan

264 4017 348 4072 opem
371 3998 594 4073 imperatoribus
616 4002 687 4061 suis.
857 3973 860 3980 Δ
