2700 4426
422 219 501 269 nabar
517 217 617 270 xxrv.
654 217 847 281 (nouem.)
890 228 893 234 ¹
1070 226 1125 279 179

104 409 174 477 dax,
196 414 262 463 eum
283 403 448 479 legerimus,
470 411 567 458 tamen
589 410 708 475 repente
729 401 835 470 lectus,
866 402 895 458 in
924 421 1030 460 annum
1054 415 1168 462 oreatus

105 512 245 569 adversus
276 518 403 565 veterem
441 525 475 563 ao
505 513 676 581 perpetuum
709 506 912 580 imperatorem
943 510 1168 583 comparabitur,

103 615 193 674 nullis
233 632 328 688 neque
367 611 506 688 temporis
548 629 601 668 nec
640 611 710 667 iuris
743 611 883 669 inclusum
920 613 1077 687 angustiis,
1111 633 1168 689 quo

105 722 201 780 minus
223 721 265 776 ita
287 718 385 776 omnia
406 725 488 792 gerat
504 715 750 789 administretque,
774 695 807 772 ut
827 725 960 791 tempora
981 719 1170 793 postulabunt

106 827 190 895 belli;
221 824 305 882 nobis
333 832 429 881 autem
452 822 482 878 in
504 830 648 896 apparatu
677 821 741 895 ipso
764 841 799 878 ac
827 831 938 879 tantum
967 819 1199 881 inchoantibus8
1302 873 1305 877 .

107 951 156 990 res
180 935 271 987 annus
299 928 514 1002 circumagitur.
571 925 726 997 Quoniam,
754 928 854 1001 quales
882 928 961 985 viros
990 947 1089 986 creare
1116 925 1199 985 vos9

107 1037 240 1097 consules
273 1035 390 1102 deceat,
422 1031 492 1088 satis
522 1040 566 1087 est
593 1031 709 1101 dictum,
738 1041 843 1102 restat,
876 1043 907 1090 ut
934 1053 1028 1108 pauca
1060 1033 1095 1090 de
1120 1034 1170 1103 eis,

88 1144 137 1200 -in
170 1159 244 1216 quos
276 1135 478 1214 praerogativae
510 1133 596 1193 favor
617 1137 780 1208 inclinavit,
814 1138 917 1195 dicam.
960 1140 1002 1198 M.
1032 1139 1170 1196 AEmilius
1186 1137 1221 1190 10

106 1247 236 1324 Regillus
281 1245 387 1301 flamen
429 1247 473 1296 est
507 1240 679 1312 Quirinalis,
727 1262 811 1317 quem
860 1263 953 1318 neque
999 1244 1111 1300 mittere
1153 1263 1171 1298 a

107 1353 200 1412 sacris
221 1367 315 1424 neque
343 1346 467 1403 retinere
499 1363 668 1420 possumus,
709 1357 742 1404 ut
762 1367 821 1404 uon
844 1350 928 1406 deum
951 1359 1001 1406 aut
1030 1349 1097 1406 belli
1121 1349 1170 1406 de·

107 1474 240 1518 seramus
273 1469 383 1510 curam.
447 1449 588 1507 Otacilius
620 1453 728 1510 sororis
756 1473 827 1511 meae
855 1455 945 1512 filiam
971 1474 1092 1512 uxorem
1126 1462 1169 1510 at·
1186 1450 1218 1506 ll

108 1583 166 1640 que
185 1561 240 1619 'ex
283 1577 318 1615 ea
348 1557 457 1613 liberos
483 1556 585 1625 habet3
618 1566 743 1616 ceterum
776 1578 834 1616 non
868 1579 903 1616 ea
930 1570 1028 1618 vestra
1062 1561 1091 1616 in
1125 1579 1171 1616 me

109 1670 293 1741 maioresque
314 1682 395 1721 meos
417 1661 520 1720 merita
541 1672 615 1734 sunt,
638 1674 669 1721 ut
690 1683 747 1721 non
765 1668 907 1741 potiorem
930 1667 1051 1742 privatis
1072 1684 1170 1722 neces·

107 1774 281 1833 situdinibus
301 1788 362 1827 rem
385 1769 530 1844 publicam
552 1771 685 1827 habeam.
738 1771 866 1844 Quilibet
897 1780 1051 1828 nautarum
1073 1764 1222 1827 vecto-12

108 1897 233 1953 rumque
253 1875 409 1948 tranquillo
433 1874 506 1931 mari
527 1877 689 1949 gubernare
710 1885 820 1951 potest3
842 1876 892 1932 ubi
913 1895 991 1933 saeva
1013 1886 1077 1932 orta
1099 1883 1171 1931 tem·

108 1995 209 2064 pestas
231 1991 275 2040 est
296 1999 330 2038 ac
351 1982 469 2038 turbato
492 1980 564 2036 mari
595 1981 707 2055 rapitur
730 1991 817 2037 vento
839 1983 936 2051 navis,
968 1990 1029 2038 tum
1058 1981 1121 2037 viro
1144 1990 1171 2035 et

85 2077 304 2168 ‘gubernatore
333 2104 407 2161 opus
438 2095 490 2145 est.
538 2086 608 2142 Non
629 2086 786 2159 tranquillo
816 2087 1003 2160 navigamus,
1032 2087 1083 2143 sed
1111 2086 1168 2142 iam
1187 2081 1222 2134 13

109 2197 223 2271 aliquot
242 2192 377 2269 procellis
392 2191 544 2248 summersi
565 2210 646 2266 paene
661 2209 773 2260 sumus3
794 2192 902 2265 itaque,
920 2192 984 2265 quis
1007 2194 1044 2249 ad
1066 2193 1170 2267 guber·

109 2299 216 2360 nacula
251 2299 364 2364 sedeat,
397 2316 511 2353 summa
544 2316 613 2354 cura
642 2297 850 2373 providendum
883 2317 917 2354 ac
949 2297 1169 2373 praecavendum

110 2407 196 2465 vobis
218 2412 270 2462 est.
312 2404 348 2458 Iu
371 2402 481 2458 minore
504 2412 533 2458 te
555 2402 680 2477 experti,
709 2403 744 2458 T.
768 2401 884 2474 Otacili,
906 2423 938 2460 re
959 2422 1072 2471 sumus;
1093 2402 1172 2457 haud

111 2531 192 2582 sane,
214 2528 266 2568 cur
287 2507 325 2563 ad
339 2507 452 2563 maiora
472 2505 525 2563 tibi
541 2507 673 2577 fidamus,
696 2508 861 2564 documenti
883 2508 1037 2582 quiequam
1060 2506 1172 2565 dedisti.

60 2620 63 2625 ’
111 2617 244 2677 Classem
265 2615 321 2670 hoo
343 2630 434 2681 anno,
456 2610 502 2667 cui
523 2620 554 2668 tu
576 2611 728 2686 praefuisti,
751 2613 838 2669 trium
859 2633 955 2670 rerum
978 2631 1066 2671 causa
1086 2603 1225 2686 para-14

112 2724 217 2790 vimus,
239 2728 272 2776 ut
295 2716 405 2774 Africae
421 2735 502 2786 oram
518 2718 716 2791 popularetur,
737 2727 769 2774 ut
785 2727 848 2775 tuta
869 2719 952 2775 nobis
974 2718 1066 2775 Italiae
1088 2717 1175 2772 litora

113 2835 219 2895 essent,
252 2832 319 2879 ante
344 2822 441 2877 omnia
465 2841 501 2878 ne
524 2821 752 2896 supplementum
776 2842 840 2880 cum
863 2821 1005 2897 stipendio
1023 2838 1174 2877 commea-

112 2945 203 3006 tuque
225 2929 262 2986 ab
275 2926 463 3000 Carthagine
484 2926 644 2983 Hannibali
671 2936 925 3003 transportaretur.
975 2923 1079 2982 Create
1107 2944 1175 2982 con·
1191 2918 1226 2971 ¹5

113 3036 204 3094 sulem
234 3034 271 3090 T.
294 3031 465 3099 Otacilium,
487 3049 545 3087 nou
569 3032 643 3101 dico,
665 3032 689 3088 si
712 3032 809 3088 omnia
830 3033 904 3100 haec,
936 3030 986 3086 sed
1014 3030 1039 3084 ai
1066 3029 1175 3102 aliquid

112 3136 216 3198 aarum
236 3139 279 3195 rei
300 3137 422 3212 publicae
444 3135 584 3209 praestitit.
628 3135 680 3193 Sia
704 3143 800 3191 autem
830 3143 859 3190 te
881 3133 1001 3190 classem
1030 3135 1176 3192 obtinente

114 3246 202 3303 etiam
233 3243 312 3300 velut
334 3250 441 3316 pacato
463 3239 536 3296 mari
552 3240 661 3312 quaevis
681 3238 839 3296 Hannibali
866 3245 929 3294 tuta
955 3247 1043 3312 atque
1064 3239 1176 3313 integra
1224 3230 1226 3233 ⁵

114 3352 153 3408 ab
178 3349 266 3406 domo
295 3354 451 3414 venerunt,
482 3344 507 3399 si
537 3363 590 3400 ora
618 3344 712 3400 Italiae
741 3340 872 3399 infestior
899 3344 956 3399 hoc
983 3363 1058 3400 anno
1088 3363 1174 3419 quam
1192 3343 1227 3396 16

114 3454 226 3512 Africae
246 3452 310 3519 fuit,
332 3450 400 3524 quid
422 3448 517 3505 dicere
538 3458 631 3522 potes,
652 3467 703 3505 cur
724 3457 752 3503 te
773 3446 954 3521 potissimum
977 3449 1077 3504 ducem
1094 3449 1177 3505 Han·

108 3556 206 3615 nibali
227 3556 305 3613 hosti
327 3551 529 3629 opponamus?
549 3553 580 3610 Si
603 3552 703 3609 consul
724 3569 812 3622 esses,
834 3552 1005 3609 dictatorem
1025 3553 1176 3610 dicendum
1193 3558 1227 3610 17

71 3688 81 3699 ‘
115 3659 251 3736 exemplo
280 3661 421 3717 maiorum
444 3667 608 3714 nostrorum
632 3673 828 3724 censeremus,
849 3674 903 3712 nec
925 3664 957 3712 tu
982 3657 1012 3712 id
1033 3657 1177 3731 indignari

116 3783 234 3844 posses,
267 3765 391 3839 aliquem
424 3764 453 3819 in
487 3761 603 3818 civitate
630 3763 766 3818 Romana
795 3761 942 3818 meliorem
977 3761 1053 3841 bello
1077 3763 1177 3818 haberi

110 3860 206 3946 quam
227 3877 265 3926 te.
291 3869 409 3943 ,Magis
430 3866 675 3933 nulliusinterest
696 3883 783 3938 quam
813 3875 878 3935 tua,
909 3867 946 3922 Τ.
970 3863 1091 3935 Otacili,
1120 3885 1176 3922 non

115 3969 227 4050 imponi
246 3973 407 4051 cervicibus
429 3973 485 4029 tuis
509 3990 590 4040 onus,
619 3972 673 4028 sub
693 3988 751 4044 quo
773 3970 918 4030 concidas.
966 3971 1032 4045 Ego
1055 3989 1176 4047 magno·
1194 3970 1228 4024 18

932 4073 978 4126 l‘l*
