2700 4426
414 147 492 197 nisse
509 145 624 196 xxva.
663 146 709 210 (n.
725 145 861 209 charo.)
1092 151 1129 206 si
1188 201 1189 204 ,

107 337 185 401 tum,
224 330 261 404 Q.
283 331 404 390 Fulvius
426 331 550 389 Flaccus
579 337 723 405 quartum.
766 331 911 388 Praetcrss
938 329 1006 387 inde
1026 329 1117 387 oleati
1138 331 1172 391 L.
1190 329 1226 387 12

107 435 246 493 Veturius
267 438 368 508 Philo,
390 439 428 498 T.
451 437 602 510 Quinctius
623 434 789 510 Crispinus,
812 433 846 493 0.
866 434 1009 493 Hostilius
1030 435 1173 507 Tubulus,

109 539 143 601 O.
157 542 380 603 Aurunculeius.
429 543 648 619 Magistratibus
674 543 704 598 in
726 559 833 598 annum
855 539 969 609 creatis,
991 539 1029 613 Q.
1051 540 1173 598 Fulvius

108 646 252 704 dictatura
273 666 305 704 se
325 647 480 708 abdicavit.

198 753 338 810 Extremo
363 752 470 810 aestatis
491 732 576 810 huius
591 752 692 810 classis
711 751 825 810 Punica
838 750 956 808 naviam
977 751 1173 831 quadraginta
1187 750 1223 807 13

108 874 172 914 cum
206 856 343 931 praefecto
376 857 543 915 Hamilcare
580 856 610 912 in
642 856 807 915 Sardiniam
847 857 969 913 traiecta
1004 855 1179 915 Olbiensem

109 959 221 1033 primo,
256 960 336 1032 dein,
373 972 529 1038 postquam
566 963 607 1020 ibi
634 963 672 1023 P.
694 962 821 1019 Manlius
841 962 935 1020 Vulso
968 971 1075 1036 praetor
1107 980 1172 1020 cum
1188 963 1224 1018 14

108 1066 235 1124 exercitu
266 1068 416 1142 apparuit,
452 1069 627 1126 circumacta
654 1069 731 1126 inde·
747 1068 785 1125 ad
817 1067 939 1124 alterum
967 1067 1068 1124 insulae
1096 1067 1172 1124 latus

108 1169 305 1229 Caralitanum
336 1191 437 1247 agrurn
459 1175 600 1246 vastavit,
637 1183 665 1232 et
686 1192 752 1231 cum
773 1172 872 1248 praeda
894 1171 987 1229 omnis
1007 1174 1121 1247 generis
1143 1174 1173 1230 in

106 1276 239 1336 Africam
261 1277 355 1335 rediit.

114 1392 116 1396 ⁴
199 1381 372 1440 Sacerdotes
398 1385 525 1442 Romani
553 1403 588 1442 eo
618 1401 694 1440 anno
722 1383 827 1439 mortui
857 1383 968 1457 aliquot
989 1381 1171 1458 suffectique.
1187 1381 1223 1437 15
1308 1448 1316 1459 „

107 1486 141 1546 0.
166 1488 307 1546 Servilius
328 1489 461 1564 pontifex
481 1489 576 1547 factus
600 1489 746 1546 inlocum
769 1490 807 1546 Τ.
831 1487 948 1546 Otacilii
971 1487 1085 1560 Crassi3
1122 1491 1170 1555 Τί.

107 1592 295 1668 Sempronius
320 1595 368 1652 Ti.
389 1595 464 1652 filius
478 1596 601 1671 ’Longus
628 1613 721 1669 augur
747 1591 856 1670 [factus
879 1592 1024 1651 inlocum
1046 1596 1083 1653 T.
1098 1595 1172 1654 Ota·

107 1699 164 1756 cilii
183 1697 306 1776 Crassi]⁸
340 1700 497 1757 Decemvir
514 1700 582 1757 item
603 1700 694 1757 sacris
708 1697 849 1755 faciendis
868 1697 898 1754 in
912 1697 1008 1756 locum
1023 1696 1224 1760 Ti.Sem-16

105 1804 200 1879 pronii
217 1803 251 1864 O.
272 1806 323 1862 filii
345 1806 440 1880 Longi
463 1806 510 1863 Ti.
526 1805 714 1880 Sempronius
733 1803 781 1862 Ti.
794 1803 869 1860 filius
881 1804 1001 1879 Longus
1023 1802 1171 1866 suffectus.

106 1910 148 1966 M.
172 1911 300 1968 Marcius
321 1931 374 1969 rex
396 1931 546 1968 sacrorum
569 1920 700 1969 mortuus
723 1918 767 1966 est
797 1917 825 1965 et
846 1909 887 1967 M.
910 1910 1048 1966 AEmilins
1069 1911 1171 1985 Papus

107 2015 251 2072 maximus
280 2017 375 2086 curi03
409 2035 504 2091 neque
530 2016 560 2073 iu
589 2035 688 2073 eorum
718 2015 814 2072 locum
843 2015 1009 2071 sacerdotes
1038 2033 1072 2072 eo
1095 2034 1171 2088 anno

106 2119 227 2181 suffecti.

195 2227 236 2283 Et
263 2245 396 2285 censores
426 2228 473 2285 hic
497 2245 590 2284 annus
611 2225 714 2282 habuit
734 2226 769 2283 L.
791 2225 945 2282 Veturium
967 2224 1121 2283 Philonem
1144 2234 1172 2284 et
1188 2231 1223 2287 17

105 2332 140 2391 P.
158 2332 299 2389 Licinium
321 2332 470 2405 Crassum,
493 2333 653 2391 maximum
675 2331 851 2406 pontificem.
896 2329 1020 2388 Crassus
1043 2330 1172 2388 Licinius
1204 2344 1206 2348 '

106 2454 160 2494 nec
189 2438 289 2494 consul
320 2457 373 2496 nec
402 2449 509 2514 prator
538 2447 605 2494 ante
626 2437 731 2508 fuerat,
759 2455 846 2510 quam
869 2453 972 2493 censor
994 2445 1037 2493 est
1059 2435 1171 2507 factns3

108 2561 145 2599 ex
178 2542 313 2599 aedilitate
346 2543 469 2616 gradum
505 2544 543 2601 ad
576 2561 727 2600 censuram
760 2541 838 2600 fecit.
883 2541 942 2600 Sed
972 2542 1004 2599 hi
1037 2560 1172 2601 censores
1188 2544 1225 2602 18
1293 2613 1295 2617 7

107 2665 201 2720 neque
222 2655 354 2704 senatum
376 2649 507 2722 legerunt
529 2668 623 2724 neque
650 2648 805 2723 quicquam
827 2646 949 2721 publicat
973 2647 1015 2704 rei
1037 2658 1173 2722 egerant3

107 2771 186 2810 mors
208 2753 322 2811 diremit
336 2754 370 2810 L.
387 2754 516 2824 Veturii;
537 2756 604 2812 inde
625 2764 654 2813 et
669 2753 797 2812 Licinius
820 2769 943 2809 censura
961 2772 993 2809 se
1015 2754 1171 2815 abdicavit.

107 2858 222 2916 AEdiles
249 2859 362 2916 curules
388 2859 425 2916 L.
447 2860 586 2917 Veturius
615 2869 644 2917 et
673 2861 708 2918 P.
738 2857 866 2916 Licinius
888 2857 987 2914 Varus
1007 2858 1092 2914 ludos
1113 2859 1172 2916 Ro·
1189 2859 1224 2916 19

107 2983 210 3022 manos
240 2964 316 3021 diem
349 2983 436 3021 unum
462 2965 674 3035 instaurarunt3
704 2964 801 3022 aediles
832 2962 938 3038 plebeii
959 2962 996 3036 Q.
1020 2961 1121 3020 Catius
1145 2973 1173 3022 et

106 3070 142 3130 L.
174 3070 296 3128 Porcius
318 3053 451 3128 'Licinus
488 3090 526 3130 ex
560 3071 720 3129 multaticio
752 3078 873 3144 argento
906 3067 990 3142 signa
1012 3087 1103 3126 aenea
1135 3069 1174 3126 ad

107 3175 221 3234 Cereris
252 3176 372 3246 dedere,
408 3185 437 3234 et
464 3177 549 3234 ludos
577 3196 631 3252 pro
662 3175 801 3251 temporis
832 3173 893 3231 eius
920 3173 1007 3249 copia
1028 3174 1174 3249 magnifici

108 3290 267 3356 apparatus
288 3280 428 3340 fecerunt.

198 3385 287 3442 Exitu
310 3388 482 3450 annihuius
506 3387 535 3446 O.
551 3387 657 3445 Loelc'ae
680 3385 726 3443 die
749 3393 853 3460 quarto
872 3392 901 3442 et
914 3383 1069 3455 tricesimo,
1085 3401 1172 3456 quam
1227 3381 1249 3450 '1

108 3509 127 3546 a
158 3491 327 3550 Tarracone
356 3492 503 3568 profectus
529 3503 600 3562 erat,
621 3495 746 3551 Romam
760 3491 857 3560 venit3
878 3490 961 3564 isque
980 3506 1045 3545 cum
1059 3489 1175 3564 agmine

108 3597 289 3672 captivorum
328 3599 474 3674 ingressus
515 3601 615 3656 urbem
648 3616 784 3673 magnum
817 3613 988 3653 concursum
1024 3595 1174 3653 hominum

107 3703 184 3760 fecit.
216 3705 341 3761 Postero
364 3704 410 3761 die
430 3705 460 3760 in
475 3713 606 3761 senatum
621 3703 801 3760 introductus
821 3678 936 3776 captam
956 3697 1205 3774 Carthaginem

108 3817 196 3883 capnt
216 3808 376 3882 Hispania,
398 3827 456 3866 uno
479 3809 534 3880 die,
555 3818 744 3884 receptasque
766 3808 878 3882 eliqnot
893 3807 990 3877 urbes,
1013 3824 1077 3880 qum
1095 3803 1175 3862 dafe-

107 3913 222 3984 cissent,
245 3932 396 3990 novasque
419 3915 449 3972 in
471 3913 787 3983 societatemfadseitas
807 3911 949 3988 exposuit.
982 3911 1030 3968 Ex
1053 3909 1207 3985 captivis3

702 4031 704 4035 .
943 4011 973 4064 ὁ.
