2678 4560
345 230 423 282 Liber
439 231 552 284 XXVII.
593 233 642 296 (Δ.
657 231 704 284 Ch.
719 235 794 298 209.)
1024 241 1059 296 71

18 407 114 480 bere3
161 414 244 472 adeo
273 434 310 472 ex
331 407 431 491 pariis
455 435 532 492 saepe
553 435 724 493 magnarum
747 427 894 476 momente
917 439 1012 478 rerum
1035 440 1106 496 pen·

14 514 91 574 lent.
135 517 296 578 Fremitus
320 521 395 578 euim
417 521 492 580 inter
515 522 638 582 Latinos
655 523 809 599 sociosque
828 525 857 582 in
875 525 1003 583 conciliis
1015 529 1135 586 omues

10 618 183 680 lecimum
221 643 328 683 anuum
365 625 537 698 dilectibus,
572 629 721 704 stipendiis
770 648 802 686 se
841 631 999 688 exhaustos
1029 649 1105 699 esse;

9 730 195 799 quotannis
221 731 314 789 ferme
345 731 428 788 clade
456 751 563 808 magna
589 753 735 810 pugnare3
766 733 839 791 alios
866 735 896 792 in
916 737 979 794 acie
1003 737 1135 807 occidi,3

6 833 87 890 alios
120 838 240 893 morbo
262 835 393 906 absumi3
415 839 508 914 magis
529 838 624 913 perire
647 839 701 896 sibi
724 839 826 910 civem,
849 840 898 915 qui
914 843 951 898 ab
969 844 1104 900 Romano
1177 911 1188 926 ,

6 939 99 996 miles
128 941 234 998 lectus
255 943 302 1012 sit,
326 960 412 1016 quam
435 943 485 1018 qui
506 945 544 1000 ab
570 946 663 1003 Poeno
684 954 800 1018 captus:
832 946 940 1022 quippe
963 948 1000 1004 ab
1022 947 1124 1004 hoste*

4 1045 114 1118 gratis
144 1047 261 1104 remitti
281 1047 311 1104 in
332 1049 474 1123 patriam,
504 1048 541 1104 ab
566 1048 707 1106 Romanis
729 1059 813 1108 extra
827 1051 953 1116 „Italiam
976 1051 1004 1108 in
1028 1054 1106 1110 exei-

4 1147 86 1206 lium
129 1153 236 1209 verine
264 1172 352 1228 quam
382 1154 412 1210 iu
441 1152 573 1211 militiam
606 1154 745 1228 ablegari.
792 1154 936 1214 Octavum
972 1158 1030 1214 iam
1066 1155 1136 1216 ibit

4 1273 140 1314 annum
178 1275 329 1316 senescere
351 1257 532 1317 Cannensem
555 1259 691 1331 militem,
718 1260 888 1318 moriturum
911 1271 995 1334 ante,
1018 1281 1105 1338 quam

4 1360 114 1418 Italia
154 1363 264 1436 hostis,
299 1365 406 1441 quippe
447 1381 523 1422 nunc
559 1383 646 1439 quum
687 1366 814 1424 maxime
845 1368 951 1424 florens
987 1367 1106 1427 viribus,

8 1469 170 1526 excedat.
226 1469 259 1528 Si
286 1477 400 1526 veteres
431 1468 536 1527 milites
564 1489 624 1527 nou
652 1471 773 1529 redeant
799 1472 829 1528 iu
859 1471 1002 1548 patriam,
1037 1471 1136 1531 novib

9 1571 185 1647 legantur,
207 1573 289 1632 brevi
311 1575 454 1632 neminem
477 1573 702 1649 superfuturum.
746 1578 868 1652 Itaque,
898 1576 977 1653 quod
998 1595 1106 1651 prope·

12 1676 104 1735 diem
133 1698 182 1736 res
204 1679 270 1754 ipsa
289 1688 431 1753 negetura
452 1679 499 1749 sit,
523 1679 691 1755 priusquam
714 1682 752 1738 ad
768 1682 899 1740 ultimam
922 1682 1104 1740 solitudinem

14 1791 122 1854 atque
145 1791 306 1858 egestatem
333 1785 519 1860 perveniant,
554 1787 718 1861 negandum
741 1788 850 1862 populo
873 1790 1008 1846 Romano
1031 1807 1104 1851 esse.

16 1883 52 1942 Si
88 1889 310 1946 consentientes
336 1889 366 1946 in
393 1891 450 1947 hoo
478 1890 573 1948 socios
595 1891 714 1948 videant
741 1893 882 1962 Romani,
912 1891 1043 1966 profecto
1068 1893 1135 1951 deb

17 2009 103 2063 paee
128 2011 196 2050 oum
219 1992 507 2069 Carthaginiensibus
536 1997 682 2072 iungenda
703 1997 897 2072 cogitaturum
927 1997 1011 2054 aliter
1031 2013 1104 2052 nun-

21 2113 121 2168 quam
152 2099 224 2156 vivo
251 2099 420 2158 Hannibale
444 2102 506 2158 sine
537 2103 613 2160 bello
635 2103 751 2161 Italiam
774 2101 847 2162 iore.
894 2103 966 2160 Haeo
987 2111 1054 2159 acta
1074 2102 1104 2158 in

22 2203 175 2261 conciliis.
224 2205 360 2280 Triginta
386 2216 447 2264 tum
468 2207 589 2264 coloniae
610 2207 711 2282 populi
730 2209 857 2266 Romani
880 2215 977 2278 erant;
1011 2226 1047 2264 ex
1068 2208 1133 2266 iisl

22 2304 206 2379 duodecim,
229 2328 316 2384 quum
339 2311 466 2369 omnium
492 2311 652 2386 legationes
673 2314 776 2371 Romae
799 2323 903 2384 essent,
925 2323 1104 2388 negaverunt

25 2414 217 2484 oonsulibus,
241 2435 313 2488 esec,
336 2418 413 2475 unde
437 2417 541 2474 milites
562 2417 772 2493 pecuniamque
794 2419 903 2478 tierent,
950 2419 1002 2476 Eae
1023 2418 1104 2476 fuere

25 2519 147 2590 Ardea,
169 2521 295 2597 Nepete,
318 2520 457 2592 Sutrium,
478 2523 568 2594 Alba,
591 2521 731 2595 Carseoli,
752 2524 837 2597 Sora,
858 2525 975 2594 Suessa,
990 2522 1103 2591 Circeii,

29 2620 126 2694 Setia,
149 2623 246 2698 Cales,
267 2629 390 2700 Narnia,
410 2630 588 2686 Interamna.
620 2629 710 2686 Nova
731 2649 763 2687 re
783 2630 916 2687 consules
933 2629 991 2698 icti,
1015 2630 1135 2702 quum8

30 2729 199 2788 absterrere
226 2751 277 2790 eos
305 2752 323 2789 a
351 2743 411 2790 tam
442 2734 605 2792 detestabili
634 2733 754 2791 consilio
782 2733 903 2804 vellent,
934 2733 1103 2808 castigando

30 2832 272 2912 increpandoque
293 2838 358 2913 plus
380 2857 468 2914 quam
489 2839 592 2896 leniter
613 2839 727 2913 agendo
749 2838 932 2914 profecturos
953 2839 1025 2908 rati,
1053 2855 1103 2894 eos

32 2933 123 2996 ausos
148 2959 212 2999 esse
235 2943 400 3000 consulibus
423 2943 518 3001 dicere
542 2943 668 3014 aiebant,
691 2944 769 3018 quod
792 2944 935 3014 consules,
955 2942 986 2998 in
1001 2946 1133 3001 senatull

34 3055 65 3100 ut
89 3047 322 3120 pronuntiarent,
348 3047 378 3105 in
401 3048 527 3112 animum
548 3049 686 3107 inducere
707 3067 767 3105 non
779 3058 911 3124 possent3
943 3067 1002 3105 non
1026 3048 1101 3106 enim

34 3150 276 3210 detrectationem
298 3170 362 3209 eam
384 3171 535 3212 munerum
556 3153 673 3224 militia,
695 3152 746 3210 sad
763 3161 894 3228 apertam
911 3153 1100 3212 defectionem

36 3275 55 3311 a
76 3259 186 3334 populo
208 3260 344 3316 Romano
365 3275 437 3316 esse.
479 3259 619 3316 Redirent
645 3258 744 3332 itaque
771 3276 895 3333 propere
920 3261 950 3316 in
973 3261 1102 3318 colonias
1118 3261 1153 3315 to

38 3373 74 3432 et,
95 3371 238 3437 tanquam
264 3363 432 3438 integrare,
452 3362 543 3422 locuti
563 3363 657 3439 inagis
679 3381 767 3436 quem
791 3363 855 3421 ausi
875 3373 987 3422 tantum
1009 3364 1102 3434 nefas,

38 3485 101 3524 cum
132 3469 193 3526 suis
229 3468 419 3527 consulerent
467 3469 684 3539 Admonerent,
720 3487 779 3526 uon
809 3467 977 3543 Campanos
1008 3488 1103 3543 neque

40 3573 213 3648 Tarentinos
240 3591 304 3631 esse
333 3591 401 3654 eos,
435 3573 486 3630 sed
514 3575 678 3644 Romanum
713 3573 780 3630 inde
802 3574 956 3643 oriundos,
986 3574 1053 3631 inde
1074 3578 1102 3632 in
1117 3581 1148 3635 il

41 3679 166 3738 coloniae
196 3687 284 3753 atque
312 3679 342 3735 in
371 3696 472 3753 agrum
494 3678 571 3737 bello
593 3687 711 3753 captum
732 3679 830 3753 stirpis
852 3680 991 3754 augenda
1013 3698 1103 3737 causa
1196 3659 1199 3666 V

42 3784 149 3844 missos.
200 3783 274 3856 Quae
307 3783 390 3841 liberi
416 3783 586 3858 parentibus
616 3785 772 3854 deberent,
808 3801 844 3840 ea
869 3783 934 3840 illos
960 3785 1101 3844 Romanis

43 3887 151 3959 debere,
172 3889 197 3945 si
221 3889 281 3946 ulla
301 3889 406 3964 pietas,
429 3889 454 3946 si
476 3889 617 3946 memoria
637 3889 763 3961 antiquae
781 3890 883 3962 patriae
905 3899 988 3947 esset.
1023 3889 1152 3949 Con-12

45 3993 163 4050 solerent
197 3993 287 4067 igitur
319 3993 354 4050 de
389 3993 517 4068 integrm
551 4011 619 4050 uam
652 4002 713 4050 tum
746 3993 861 4067 quidem
895 4013 959 4068 quae
994 4002 1101 4053 temere
