2748 4556
296 249 354 306 ²42
569 247 647 296 Liber
664 246 752 300 XXX.
790 247 838 308 (Δ.
853 261 879 298 ιι.
896 236 1008 310 ostiti.)

205 431 331 488 illst-ss
352 431 480 490 futurum
503 449 576 492 esse.
623 431 673 490 Ad
695 449 732 490 eo
753 448 923 506 responsum
948 430 1072 506 legetis,
1109 449 1211 488 rernm
1233 439 1320 504 geste·

253 555 316 594 rum
338 555 479 612 prospers
492 538 522 596 iu
536 537 642 596 Africo
661 555 843 594 communem
859 537 914 595 sibi
929 555 994 596 oum
1010 555 1081 612 rege
1099 537 1319 611 gratulationem
1372 580 1373 607 ,

254 659 331 712 esse;
364 641 530 718 Scipionem
552 651 630 702 recte
652 651 740 717 etque
762 643 863 700 ordine
884 642 977 700 videri
1001 641 1127 711 iecisse,
1160 641 1244 716 quod
1263 659 1319 696 een
1372 624 1373 651 ¹

255 765 352 823 regem
375 749 575 824 appellaverit,
597 758 627 806 et
650 747 787 823 quicquid
810 747 889 804 uliud
910 747 1020 818 fecerit,
1044 748 1127 822 quod
1149 747 1234 803 cordi
1254 744 1320 802 foret

207 845 242 903 13
255 853 435 924 Masinissae,
462 854 492 912 id
518 863 616 930 potres
642 855 835 929 comprobare
857 872 892 910 sc
912 853 1045 912 laudere.
1092 853 1243 920 Munera,
1263 867 1320 924 que

254 959 343 1034 legati
372 957 481 1017 ferrent
506 959 582 1034 regi,
614 959 803 1016 decreverunt
836 958 938 1034 sagula
976 977 1128 1034 purpurea
1162 958 1224 1014 duo
1261 974 1319 1012 cum

254 1063 350 1120 fibulis
387 1067 480 1120 aurem
521 1063 642 1138 singulis
680 1073 710 1120 et
749 1064 809 1120 leto
845 1063 930 1122 clsvo
972 1063 1095 1133 tunicis,
1139 1079 1233 1136 equos
1266 1062 1318 1119 dno

255 1167 439 1243 phaleratos,
472 1169 541 1227 bine
564 1168 711 1244 equestria
744 1187 827 1226 erma
850 1187 915 1226 cum
934 1169 1049 1238 loricis,
1084 1179 1114 1225 et
1137 1166 1319 1226 tobsrnocnle

255 1274 466 1349 militaremque
486 1273 708 1350 supellectilem,
731 1275 846 1348 qualem
869 1274 991 1350 proeberi
1013 1273 1128 1330 consuli
1152 1291 1218 1331 mos
1240 1281 1318 1330 esset

208 1375 242 1428 ¹4
257 1381 328 1438 Hsec
359 1381 421 1456 regi
449 1390 556 1456 pretor
585 1381 698 1438 mittere
729 1379 833 1436 iussus
882 1379 1000 1454 Legatis
1032 1380 1062 1435 in
1095 1379 1229 1454 singulos
1248 1377 1319 1434 done

256 1505 292 1544 ne
313 1486 407 1543 minus
430 1486 548 1560 quinum
574 1486 709 1554 millium,
738 1483 890 1542 comitibus
914 1504 1013 1541 eorum
1039 1485 1162 1542 millium
1184 1484 1263 1550 aeris,
1294 1493 1318 1537 et

256 1591 429 1647 vestimento
459 1590 527 1646 bine
554 1591 673 1666 legetis,
708 1589 822 1664 singule
850 1590 1001 1646 comit-ibus
1024 1590 1239 1664 Numidisque,
1274 1589 1317 1661 qni

256 1715 294 1752 ex
321 1694 453 1751 custodio
485 1695 582 1752 emissi
608 1697 797 1752 redderentur
827 1695 905 1768 regi,
942 1695 979 1750 ad
1014 1696 1071 1752 hoo
1108 1697 1185 1752 aedes
1220 1696 1318 1758 liberm

257 1801 331 1869 loco,
352 1800 443 1857 leutio
464 1800 568 1876 legetis
591 1802 715 1858 decreto.

161 1892 203 1961 18
340 1905 453 1963 Eodem
486 1913 601 1976 aestate,
640 1925 698 1979 que
733 1907 795 1962 haeo
828 1905 945 1962 decreta
971 1908 1074 1964 Romae
1108 1914 1137 1963 et
1168 1905 1197 1962 in
1223 1905 1318 1962 Adios

257 2021 341 2086 gesto
361 2020 442 2082 sunt,
467 2013 503 2068 P.
525 2010 698 2083 Quinctilius
717 2011 816 2068 Verus
838 2019 945 2086 praetor
965 2019 994 2066 et
1015 2011 1057 2066 M.
1080 2009 1238 2068 Cornelios
1260 2029 1318 2084 pro·

258 2117 358 2174 consul
377 2117 406 2174 in
429 2134 501 2190 egro
523 2117 678 2174 Insubrum
701 2117 855 2174 Gallorum
884 2133 948 2172 cum
972 2116 1103 2190 Magone
1124 2119 1221 2174 Poeno
1238 2115 1318 2190 signis

226 2220 370 2279 lcolletis
391 2230 566 2296 pugnarunt.
615 2221 754 2278 Praetoris
785 2221 915 2296 legiones
936 2220 965 2276 in
990 2220 1086 2294 primo
1108 2222 1174 2278 eois
1195 2220 1317 2282 fueruntt

257 2326 408 2383 Cornelius
436 2345 504 2384 sues
532 2326 563 2384 iu
584 2326 722 2384 subsidiis
743 2327 847 2398 tenuit,
878 2327 942 2401 ipse
963 2325 1001 2382 ad
1023 2326 1120 2401 prime
1141 2326 1230 2401 signe
1251 2343 1316 2399 equo

257 2431 409 2500 advectus3
431 2449 544 2506 proque
568 2431 681 2488 duobus
703 2432 838 2490 cornibus
860 2441 967 2507 proetor
989 2446 1025 2488 sc
1046 2432 1208 2506 proconsul
1223 2431 1317 2488 milites

225 2535 295 2594 dod
315 2535 466 2596 inferenda
494 2537 525 2592 in
552 2537 651 2594 hostes
682 2536 766 2611 signo
794 2555 909 2594 summo
930 2537 959 2593 vi
986 2537 1194 2593 hortabuntur.
1241 2538 1317 2593 Post·

255 2659 343 2714 quom
365 2643 435 2700 nihil
457 2642 696 2710 commovebant,
717 2649 778 2698 tum
802 2642 974 2714 Quinctilius
996 2640 1151 2699 Cornelio:
1178 2640 1316 2710 „Lentim

256 2753 287 2802 ut
313 2745 411 2817 vides,
445 2748 477 2802 fit
508 2765 620 2822 pugne,
664 2756 693 2803 et
724 2747 874 2806 induratus
907 2756 1013 2822 praeter
1048 2766 1130 2822 spem
1163 2745 1315 2805 resistendo

254 2852 381 2909 hostium
414 2847 534 2940 timor[;
573 2849 622 2928 ac]
646 2871 682 2908 ne
704 2861 800 2910 vertat
820 2853 849 2910 in
872 2854 1043 2923 audaciam,
1079 2853 1243 2926 periculum
1272 2859 1315 2906 eet.

224 2957 433 3031 tEquestrem·
458 2955 616 3030 procellam
651 2957 808 3014 excitemus
837 2967 969 3033 oportet,
1005 2960 1029 3015 si
1052 2959 1173 3015 turbere
1192 2976 1228 3016 uo
1248 2965 1315 3014 stetu

256 3079 374 3119 movero
402 3061 547 3120 volumus.
608 3063 713 3136 ltaque
740 3063 787 3119 vel
821 3075 852 3121 tu
880 3064 919 3120 od
952 3064 1047 3139 primo
1076 3065 1164 3138 signo
1192 3063 1315 3139 proelium

255 3166 379 3236 sustine,
415 3185 469 3242 ego
501 3166 637 3226 inducam
664 3168 694 3224 in
725 3187 852 3244 pugnem
883 3168 1011 3243 equites;
1048 3170 1096 3228 vol
1135 3187 1191 3245 ego
1222 3169 1268 3226 hic
1292 3166 1315 3222 in

255 3271 350 3346 prime
385 3273 447 3328 acie
485 3291 547 3330 rem
579 3291 697 3348 geram,
734 3283 764 3330 tu
800 3282 938 3348 quattuor
970 3274 1119 3349 legionum
1157 3273 1314 3349 equitesin

227 3377 368 3434 bhostem
392 3377 518 3434 emitte.“
571 3380 677 3438 Utrem
699 3379 786 3436 vellet
807 3389 923 3455 praetor,
953 3380 1080 3438 muneris
1110 3391 1227 3456 portem
1255 3397 1315 3455 pro·

257 3482 374 3538 consule
392 3482 560 3558 accipiente,
583 3484 755 3557 Quinctilius
771 3493 879 3559 praetor
896 3503 960 3542 cum
979 3486 1049 3555 lilio,
1071 3486 1118 3542 cui
1131 3487 1237 3544 Marco
1253 3503 1314 3561 pre

256 3605 362 3644 nomeu
393 3597 473 3660 eret,
509 3589 634 3664 impigro
663 3589 784 3659 iuvene,
817 3591 855 3646 ed
890 3590 1001 3664 equites
1042 3591 1141 3666 pergit
1174 3593 1314 3664 iussosque

226 3691 410 3748 descendere
436 3693 465 3749 in
497 3713 587 3769 equos
618 3705 737 3770 repente
769 3696 798 3752 in
834 3697 947 3752 hostem
981 3695 1095 3756 emittit.
1156 3697 1314 3754 'romulum

256 3805 418 3869 equestrem
451 3799 533 3855 suxit
562 3800 674 3858 clamor
702 3800 740 3856 eb
769 3798 931 3873 legionibus
958 3801 1089 3873 additus,
1123 3821 1178 3860 neo
1203 3803 1315 3860 stetisset

256 3903 382 3959 hostium
404 3903 496 3972 ecies,
527 3905 558 3960 ni
587 3905 678 3979 Mago
709 3905 746 3961 od
770 3904 894 3978 primum
922 3907 1050 3981 equitum
1073 3917 1189 3966 motum
1209 3919 1315 3984 peretot

228 4005 426 4080 telephantos
456 4009 601 4082 extemplo
634 4009 664 4064 in
685 4009 818 4082 proelium
840 4009 1017 4078 induxissem
1052 4011 1091 4068 ed
1113 4029 1240 4084 quorum
1260 4013 1314 4070 stu'·
