2700 4426
421 131 501 182 Libsr
516 130 618 183 XXIX.
655 129 703 194 (A.
712 128 847 194 Gh.2os.)
1070 133 1125 191 187

106 331 223 373 oreoses
244 313 433 372 circumventi
453 313 635 388 Regiumque
656 313 796 371 abstracti
814 311 939 371 fumant.
983 313 1020 369 In
1042 331 1077 370 eo
1101 331 1170 389 cap·

105 419 233 477 tiresum
271 437 392 476 numero
420 417 498 476 febri
525 419 643 493 quidam
675 417 774 489 fuere,
808 417 916 475 assueti
948 418 1026 492 apud
1061 419 1170 477 Poenos

106 524 240 583 mercede
267 541 341 598 opus
370 523 401 580 in
427 540 496 580 aree
522 524 683 581 Locrorum
704 522 810 580 facere.
859 521 1030 596 Hi'coguiti
1051 523 1088 579 ab
1109 523 1199 580 Lo=5

96 629 249 688 'crensium
280 628 476 704 principibus,
508 628 558 701 qui
592 627 670 703 pulsi
703 628 740 685 ab
776 627 900 685 adversa
925 625 1068 697 factione,
1105 645 1169 701 quae

105 733 268 791 Hannibali
298 734 409 791 Locros
436 733 610 803 tradiderat,
643 733 767 807 Regium
795 749 829 788 se
852 731 1047 800 contulerant,
1080 737 1200 805 quumd

107 846 204 896 cetera
225 837 480 912 percontantibus,
500 845 534 895 ut
553 854 618 895 moa
635 844 695 905 est,
718 837 768 910 qni
789 835 839 893 din
861 837 980 904 absunt,
1003 853 1068 909 qaae
1089 834 1169 891 domi

107 951 271 1018 agerentur,
293 943 503 1017 exposuissent,
524 961 606 1016 spem
629 941 768 1012 fecerunt,
793 940 818 997 si
839 940 980 1016 redempti
1001 958 1036 997 ae
1056 939 1170 997 remissi

106 1045 212 1116 forent,
235 1065 330 1103 arcem
351 1065 383 1104 se
404 1047 439 1104 iis
461 1047 631 1115 traditurcs;
664 1045 707 1103 ibi
725 1063 757 1102 se
777 1046 927 1114 babitare,
948 1045 1094 1119 fidemque
1114 1041 1169 1100 sibi

106 1169 204 1208 rerum
238 1151 366 1209 omniunt
398 1152 474 1209 inter
507 1149 761 1226 Carthaginienses
792 1168 865 1209 esse.
914 1137 1035 1224 Itaque,
1066 1158 1099 1206 nt
1120 1147 1198 1222 quil

107 1254 193 1312 simul
219 1255 362 1312 desiderio
389 1256 492 1330 patria
519 1266 711 1330 angerentur,
742 1255 828 1314 simul
855 1254 1013 1330 cupiditate
1037 1252 1169 1310 inimicos

106 1359 263 1417 ulciscendi
284 1360 436 1431 arderent,
457 1361 613 1436 redemptis
637 1361 783 1436 extemplo
804 1360 840 1417 iis
861 1359 1056 1436 remissisque,
1080 1364 1199 1431 quum8

107 1464 237 1522 ordinem
260 1464 380 1539 agenda
401 1465 443 1521 rei
464 1467 695 1541 composuissent
714 1466 865 1541 signaque,
887 1483 949 1540 quoe
969 1463 1071 1539 procul
1092 1462 1169 1519 edita

107 1569 307 1638 observarent,
326 1569 382 1645 ipsi
404 1569 443 1627 ad
465 1569 629 1644 Scipionem
643 1569 805 1646 Syracusas
826 1569 959 1644 profecti,
981 1568 1059 1644 apud
1082 1586 1167 1642 quem

106 1691 176 1748 pars
198 1673 330 1732 exsulum
355 1683 434 1744 erat,
465 1673 623 1733 referentes
644 1673 685 1730 ibi
707 1675 853 1750 promissa
874 1674 1056 1748 captivorum
1080 1690 1168 1746 quum

106 1798 188 1854 spem
216 1780 253 1836 ab
283 1776 387 1836 effectu
415 1779 495 1837 haud
524 1781 725 1837 abhorrentem
746 1780 856 1838 consuli
876 1779 1030 1847 fecissent,
1062 1776 1200 1839 tribunis

106 1882 227 1940 militum
251 1902 316 1940 cum
336 1884 372 1940 iis
393 1883 435 1942 M.
458 1882 578 1958 Sergius
597 1892 626 1940 et
646 1884 682 1941 P.
703 1885 850 1943 Matienus
872 1882 961 1952 missi,
982 1881 1111 1955 iussique
1131 1881 1169 1937 ab

105 1988 199 2062 Regio
222 1988 279 2046 tria
300 1988 391 2045 millia
412 1988 534 2068 militum
555 1988 675 2046 Locros.
688 1988 807 2058 ducere3
829 1995 858 2044 et
879 1987 916 2060 Q.
938 1985 1082 2045 Pleminio
1102 2005 1170 2060 pro-

105 2093 223 2166 praetori
245 2094 400 2167 scriptum,
421 2102 453 2150 ut
473 2093 517 2151 rei
541 2093 661 2168 agendas
683 2092 806 2152 adesset
854 2091 984 2150 Profecti
1005 2092 1043 2147 ab
1064 2089 1168 2164 Regio,
1183 2097 1218 2152 10

106 2197 201 2256 scalas
224 2198 261 2256 ad
283 2198 390 2256 editam
416 2198 595 2256 altitudinem
618 2196 694 2254 arcis
715 2195 873 2255 fabricatas
891 2204 1051 2271 portantes,
1072 2194 1169 2252 media

106 2301 197 2360 ferme
228 2313 314 2361 nocte
348 2323 385 2360 ex
415 2324 449 2362 eo
482 2304 563 2374 loeo,
599 2305 676 2360 nude
705 2310 894 2373 convenerat,
926 2300 1040 2375 signum
1063 2300 1169 2358 dedere

105 2408 303 2482 proditoribus
327 2409 419 2479 arois;
455 2410 504 2483 qui
533 2409 630 2483 parati
656 2407 815 2482 intentique
836 2417 865 2463 et
886 2407 941 2480 ipsi
962 2407 1057 2464 scalas
1079 2407 1117 2463 ad
1138 2407 1168 2464 id
1184 2413 1216 2466 ¹1

105 2512 200 2585 ipsum
225 2511 319 2568 factas
352 2532 439 2587 quum
468 2513 650 2570 demisissent
677 2513 866 2586 pluribusque
888 2511 974 2569 simul
991 2513 1062 2571 locis
1083 2531 1167 2570 scan-

107 2616 207 2672 dentes
229 2617 417 2690 accepissent,
439 2617 607 2692 priusquam
629 2617 739 2673 clamor
761 2624 905 2685 oreretur,
923 2616 953 2673 in
974 2618 1077 2692 vigiles
1100 2617 1167 2675 Poe·

106 2738 228 2790 norum,
262 2729 295 2777 ut
320 2721 349 2777 in
376 2721 455 2778 nullo
484 2721 536 2778 tali
564 2729 642 2777 metu
672 2721 798 2796 sopitos,
832 2721 956 2794 impetus
993 2730 1036 2777 est
1063 2721 1166 2778 factus.

108 2824 239 2897 Quorum
271 2818 396 2900 gemitus
427 2825 521 2900 primo
554 2824 736 2881 morientium
773 2824 943 2893 exauditus,
976 2825 1041 2882 dein
1072 2825 1168 2883 subite
1183 2828 1218 2882 12

107 2930 302 2987 consternatio
325 2950 361 2987 ex
383 2948 485 2988 somno
508 2939 537 2987 et
557 2928 714 2998 tumultus,
746 2947 835 3002 quum
866 2946 955 2987 causa
975 2914 1168 3004 ignoraretur,

106 3042 254 3107 postremo
290 3035 395 3093 certior
420 3053 488 3128 resz
521 3034 586 3092 aliis
613 3034 804 3092 excitantibus
839 3033 920 3092 alios.
972 3034 1095 3108 Iamque
1130 3032 1167 3090 ad
1184 3038 1219 3093 13

108 3156 190 3197 arma
217 3158 272 3214 pro
303 3157 335 3196 se
364 3139 486 3214 quisque
516 3140 654 3196 vocabat:
686 3140 785 3197 hostes
810 3138 840 3194 in
867 3136 945 3195 aroe'
963 3154 1027 3195 esse
1048 3147 1076 3194 et
1098 3137 1168 3195 oaedi

107 3243 226 3319 vigiles3
248 3244 439 3318 oppressique
459 3242 562 3301 forent
578 3243 703 3301 Romani
724 3262 908 3319 nequaquam
931 3260 1050 3300 numero
1072 3260 1168 3315 pares,

107 3347 137 3403 ni
160 3347 270 3405 clamor
291 3350 329 3405 ab
350 3348 403 3417 iis,
436 3347 486 3421 qui
508 3355 592 3410 extra
614 3366 710 3404 arcem
732 3357 831 3418 erant,
866 3348 997 3406 sublatus
1018 3347 1168 3416 incertum,

107 3451 185 3508 unde
206 3453 366 3524 accidisset,
388 3451 486 3510 omnia
500 3458 579 3508 vana
593 3461 717 3527 augente
733 3460 874 3510 nocturno
889 3450 1022 3520 tumultu,
1043 3449 1167 3510 fecisset.

108 3555 223 3629 Itaque,
250 3557 330 3614 velut
352 3557 438 3632 plena
457 3556 514 3613 iam
547 3557 674 3615 hostium
704 3575 780 3627 arce,
809 3557 901 3614 territi
928 3553 1028 3624 Poeni,
1061 3553 1167 3610 omisso
1184 3556 1219 3612 14

109 3659 279 3730 certamine,
300 3661 330 3717 in
352 3662 472 3719 alteram
495 3680 591 3719 arcem
615 3659 692 3737 (dua
712 3669 780 3718 sunt
800 3661 879 3719 haud
900 3660 1020 3717 multum
1043 3658 1117 3716 inter
1137 3676 1169 3715 se

110 3762 274 3848 distantes).
291 3764 468 3840 confugiunt.
512 3765 661 3842 Oppidani
689 3767 789 3824 urbem
818 3765 980 3834 habebant,
1011 3763 1169 3822 victoribus
1185 3770 1220 3825 15

108 3869 259 3943 premium
286 3869 316 3926 iu
344 3871 440 3929 medio
467 3870 607 3946 positam
640 3890 676 3928 ex
698 3847 813 3928 arcibus
835 3869 948 3928 duabus
966 3868 1075 3945 proeliis
1097 3886 1169 3943 quo-
