2748 4556
353 271 429 320 Liber
447 271 531 321 xxx.
568 272 615 333 (A.
630 271 678 323 co.
693 272 854 334 ros-coa.)
1032 274 1087 330 251

38 471 151 526 quern
181 453 289 511 vellent
309 455 338 512 in
359 454 464 514 Africa
485 453 591 512 bellum
613 473 723 530 gerere.
766 453 876 512 Omnes
898 455 989 511 tribus
1014 455 1048 511 P.
1071 453 1163 512 Sci-<l

38 559 184 634 pionem
210 559 362 616 iusserunt.
409 561 509 618 Nihilo
532 561 626 617 minus
648 559 780 617 consulas
804 559 984 635 provinciam
1000 557 1133 616 Africam

42 665 117 736 (ita
162 666 240 722 enim
277 673 394 722 senalus
425 664 605 735 decreverat)
640 665 669 722 in
706 673 812 722 sortem
847 663 1038 721 coniecerunt.
1085 663 1164 724 Tib

42 768 194 827 Claudio
215 769 321 828 Africa
341 771 446 842 evenit,
467 781 499 828 ot
521 770 731 846 quinquaginta
745 770 861 826 navium
880 770 1012 840 classem,
1033 787 1132 826 omnes

46 876 311 950 quinqueremes,
346 877 376 932 in
404 875 539 935 Africam
566 875 727 945 traiiceret,
763 875 884 950 parique
910 874 1033 949 imperio
1067 891 1131 930 cum

48 980 207 1055 Scipione
223 978 410 1058 [imperator]
427 991 517 1051 esset3
539 983 580 1040 M.
596 980 736 1039 Servilius
754 980 901 1037 Etruriam
921 980 1049 1037 sortitus.
1096 980 1131 1036 ln
1146 985 1163 1038 6

49 1085 171 1142 eadem
194 1087 347 1160 provincia
367 1096 397 1143 et
420 1086 454 1147 C.
476 1086 599 1146 Servilio
616 1095 806 1162 prorogatum
832 1084 994 1160 imperium,
1017 1085 1041 1141 si
1064 1102 1131 1142 oon-

47 1191 157 1247 sulem
188 1211 306 1250 manere
335 1194 372 1249 ad
405 1194 506 1250 urbem
534 1199 635 1248 senatu
670 1191 835 1266 placuisset.
895 1192 1056 1258 Praetores,
1089 1190 1161 1248 Μ.7

50 1295 185 1354 Sextius
209 1295 338 1354 Galliam
364 1307 408 1354 est
428 1297 562 1368 sortitus,
597 1307 629 1355 ut
649 1298 723 1354 duas
746 1296 873 1372 legiones
894 1295 1132 1371 provinciamque

50 1401 195 1458 traderet
228 1401 253 1458 ei
286 1404 322 1458 P.
346 1402 517 1476 Quinctilius
546 1404 660 1473 Varus3
702 1402 735 1460 0.
770 1403 871 1459 Livius
903 1401 1033 1460 Bruttios
1066 1418 1130 1456 cum

53 1506 180 1562 duabus
210 1507 390 1582 legionibus,
428 1509 532 1582 quibus
559 1510 593 1568 P.
623 1486 811 1584 Sempronius
848 1506 1004 1583 proconsul
1035 1505 1131 1580 priore

57 1631 144 1668 anno
168 1611 340 1687 prasinorum
362 1612 415 1674 Cn.
438 1613 611 1671 Tremellius
634 1614 772 1685 Siciliam,
794 1625 827 1672 nt
849 1635 866 1672 a
888 1616 921 1672 P.
936 1611 1028 1670 Villio
1050 1612 1162 1685 Tap-8

56 1717 146 1792 pulo,
168 1725 293 1792 praetore
314 1718 419 1792 prioris
441 1719 518 1788 anni,
547 1720 726 1795 provinciam
755 1729 783 1777 et
809 1721 882 1777 duas
906 1718 1034 1794 legiones
1057 1715 1131 1772 acci·

57 1828 162 1896 perct;
201 1822 306 1878 Villius
336 1841 389 1896 pro
418 1833 542 1897 praetore
568 1825 670 1900 viginti
699 1826 822 1881 navibus
852 1824 959 1899 longis,
993 1821 1129 1878 militibus

60 1926 144 1983 mille
171 1945 252 1983 oram
282 1926 387 1984 Siciliae
414 1937 571 1998 tutaretnr3
603 1931 646 1986 M.
674 1928 854 2002 Pomponius
877 1928 977 2003 viginti
1006 1926 1160 1984 navibusll

59 2031 184 2104 reliquis
213 2031 291 2088 mille
320 2041 348 2089 et
378 2033 550 2107 quingentos
580 2033 683 2090 milites
711 2035 836 2091 Romam
868 2033 1042 2108 deportaret.
1095 2028 1128 2087 O.

61 2137 188 2194 Aurelio
211 2137 304 2195 Cottae
324 2138 438 2195 urbana
459 2138 564 2195 evenit.
603 2137 714 2195 Ceteris
736 2137 787 2208 ita,
811 2137 852 2193 uti
875 2138 996 2212 quisque
1018 2135 1129 2194 obtine·

66 2245 139 2299 bant
166 2243 331 2318 provincias
358 2244 571 2317 exercitusque,
610 2253 769 2319 prorogata
807 2243 936 2318 imperia.
996 2240 1128 2300 Sedecim
1147 2245 1182 2298 lll

66 2365 127 2405 non
149 2349 272 2423 amplius
294 2367 329 2406 eo
355 2369 430 2407 anno
458 2349 620 2424 legionibus
644 2347 792 2405 defensum
817 2348 968 2423 imperium
992 2357 1044 2402 est.
1091 2345 1130 2400 Et
1145 2351 1176 2402 ll

68 2465 100 2508 ut
124 2452 245 2526 placatis
266 2453 310 2509 dis
339 2455 437 2510 omnia
467 2453 625 2527 inciperent
646 2463 836 2527 agerentque,
862 2453 961 2520 ludos,
991 2468 1064 2523 quos
1087 2449 1128 2504 M.

68 2557 190 2614 Claudio
213 2555 364 2628 Marcello,
386 2560 422 2614 Τ.
447 2557 582 2630 Quinctio
604 2557 769 2614 consulibus
791 2559 827 2614 T.
849 2557 975 2614 Manlius
996 2555 1129 2620 dictator,

70 2679 200 2735 quasque
221 2661 332 2718 hostias
359 2662 484 2718 maiores
506 2671 643 2731 voverat,
682 2663 706 2717 si
736 2681 789 2737 per
824 2661 1050 2735 quinquennium
1081 2677 1128 2716 res

71 2765 185 2840 publica
213 2767 314 2823 eodem
343 2776 421 2824 statu
451 2765 570 2834 fuisset,
607 2777 638 2822 ut
666 2785 716 2822 eos
743 2767 827 2823 ludos
849 2767 998 2834 consules,
1030 2765 1127 2840 prius-

74 2889 158 2944 quam
187 2870 224 2928 ad
258 2871 361 2928 bellum
391 2871 658 2946 proficiscerentur,
690 2869 827 2928 facerent.
885 2870 959 2926 Ludi
987 2871 1016 2926 in
1051 2869 1127 2924 circo
1144 2873 1179 2928 12

73 2993 124 3049 per
143 2976 325 3049 quatriduum
347 2975 426 3047 facti,
448 2977 616 3049 hostiaque,
640 2975 744 3049 quibus
766 2982 842 3030 votae
864 2985 955 3044 erant,
978 2975 1021 3030 dis
1037 2991 1126 3033 caesae.

153 3080 231 3136 Inter
252 3082 313 3138 haec
339 3081 424 3138 simul
445 3100 521 3157 spes,
542 3081 628 3137 simul
652 3098 722 3136 cura
744 3080 773 3135 in
796 3078 856 3134 dies
879 3080 1044 3148 crescebat,
1075 3096 1127 3135 nec
1178 3077 1225 3144 28

76 3183 142 3240 satis
166 3193 274 3242 certum
302 3194 437 3243 constare
471 3186 548 3265 apud
576 3186 703 3243 animum
733 3193 862 3259 poterat,
898 3195 992 3242 atrurn
1020 3184 1127 3259 gaudio

76 3291 185 3365 dignum
209 3299 303 3360 esset,
336 3291 531 3350 Hannibalem
559 3300 626 3366 post
654 3301 768 3349 sextum
797 3291 938 3348 decimum
962 3308 1066 3346 anuum
1091 3306 1128 3344 ex

79 3396 157 3453 ltalia
177 3396 360 3456 decedentem
383 3415 507 3456 vacuam
529 3396 741 3471 possessionem
764 3397 825 3454 eius
846 3396 997 3470 reliquisse
1018 3395 1126 3470 populo

79 3505 221 3570 Romano,
256 3521 294 3557 an
323 3503 417 3576 magis
448 3502 648 3571 metuendum,
683 3501 761 3575 quod
790 3500 927 3558 incolumi
948 3500 1076 3556 exercitu
1098 3499 1127 3556 in
1181 3525 1189 3534 ·

81 3606 200 3664 Africam
224 3607 389 3664 transisset:
415 3606 511 3663 locum
535 3605 684 3676 nimirum,
708 3625 767 3661 non
788 3605 946 3680 periculum
969 3611 1158 3674 mutatum32

80 3711 151 3768 cuius
180 3720 266 3769 tanta
299 3711 490 3768 dimicationis
523 3722 637 3781 vatem,
671 3711 721 3783 qui
750 3728 842 3785 nuper
869 3711 1053 3782 decessisset,
1090 3712 1127 3784 Q.

82 3817 191 3874 Fabium
213 3816 290 3874 haud
312 3815 421 3874 frustra
442 3835 547 3875 cauere
567 3815 699 3886 solitum,
731 3816 895 3891 graviorem
923 3817 953 3873 in
974 3835 1028 3874 sua
1049 3825 1128 3874 terra

82 3923 194 3980 futurum
231 3923 343 3979 hostem
366 3923 571 3991 Hannibalem,
604 3940 692 3995 quam
719 3921 749 3978 in
780 3920 874 3978 aliena
904 3919 1014 3978 fuisset.
1063 3922 1160 3981 Nec3
