2700 4426
347 40 371 80 0

436 142 513 191 Liber
530 142 630 192 xxm.
668 143 712 206 (a.
727 141 776 194 cu.
790 143 860 206 mo.)
1097 147 1133 200 rt

110 323 200 398 virgis
229 342 319 383 caesos
354 326 454 382 securi'
478 326 637 399 percussit,
678 336 790 383 ceteros
819 326 1007 400 praedamque
1035 327 1176 396 vendidit3

111 447 227 486 omnem
250 430 400 504 pecuniam
417 430 542 487 Romam
558 430 645 491 misit.
688 431 784 488 Fama
805 431 1064 506 Agrigentinorum
1086 431 1176 489 cladis
1194 440 1228 492 14

111 533 240 591 Siciliam
264 554 350 610 quum
373 536 564 610 pervasisset,
594 535 692 591 omnia
718 545 837 609 repente
867 537 905 593 ad
926 537 1076 594 Romanos
1097 537 1177 595 incli-

110 647 262 695 naverunt.
308 642 431 698 Prodita
460 643 542 698 brevi
570 649 637 696 sunt
664 640 766 714 viginti
791 641 916 715 oppida,
945 660 997 697 sex
1025 642 1054 697 vi
1076 652 1176 716 capta3

109 743 276 800 voluntan‘a
290 744 435 801 deditione
449 744 479 800 in
493 746 579 802 fidem
592 756 733 802 venerunt
748 745 785 802 ad
801 745 1004 820 quadraginta.
1046 746 1177 819 Quarum
1193 753 1228 806 15

110 847 270 904 civitatium
293 849 470 924 principibus
493 869 580 926 quum
603 868 656 924 pro
679 849 818 925 cuiusque
838 851 941 908 merito
963 852 1064 908 consul
1084 853 1178 934 pretia

108 971 270 1027 poenasque
284 952 464 1025 exsolvisset,
479 955 678 1030 coegissetque
693 955 814 1024 Siculos,
833 955 935 1030 positis
947 957 1062 1013 tandem
1079 959 1176 1028 armis,

109 1058 147 1115 ad
170 1076 272 1132 agrum
295 1059 446 1116 colendum
469 1061 581 1116 animos
596 1070 774 1129 convertere,
795 1070 827 1116 ut
845 1070 920 1116 esset
942 1079 1001 1117 non
1015 1061 1175 1119 incolarum
1193 1070 1228 1126 16

109 1164 197 1220 modo
220 1163 363 1221 alimentis
388 1164 529 1240 frugifera
543 1166 646 1235 insula,
668 1165 719 1221 sed
741 1165 819 1221 urbis
837 1166 939 1222 Romoe
960 1151 1048 1240 atque
1074 1167 1176 1238 Italiae,

109 1269 139 1325 id
162 1269 241 1344 quod
262 1271 359 1327 multis
381 1289 458 1345 saepe
480 1270 699 1344 tempestatibus
717 1268 842 1341 fecerat,
882 1276 1028 1327 annonam
1056 1271 1176 1340 levaret,

109 1377 147 1432 ab
183 1376 359 1450 Agathyrna
393 1376 570 1432 inconditam
607 1375 816 1433 multitudinem
853 1395 950 1434 secum
993 1376 1022 1432 in
1057 1376 1173 1432 ltaliam

108 1481 278 1538 transvexit.
320 1481 466 1553 Quattuor
496 1481 586 1537 millia
615 1482 762 1538 hominum
786 1491 885 1551 erant,
919 1481 1002 1538 mixti
1031 1501 1067 1538 ex
1097 1482 1175 1539 omni
1192 1483 1226 1536 17

108 1587 280 1658 colluvione,
303 1587 432 1657 exsules,
465 1587 600 1656 obaerati,
625 1586 762 1660 capitalia
784 1587 847 1643 ausi
867 1587 1013 1662 plerique,
1036 1605 1123 1659 quum
1145 1585 1174 1641 in

109 1691 274 1748 civitatibus
293 1692 353 1749 suis
382 1710 416 1748 ac
437 1693 491 1748 sub
513 1691 625 1768 legibus
645 1693 796 1763 vixerant,
824 1703 861 1763 et,
883 1701 1038 1768 postquam
1067 1708 1117 1748 eos
1138 1710 1175 1747 ex

108 1797 197 1852 variis
225 1797 319 1853 causis
348 1795 466 1854 fortuna
492 1797 593 1854 similis
621 1798 849 1872 conglobaverat
871 1798 1092 1873 Agathyrnam,
1122 1815 1175 1870 per

105 1900 259 1958 latrocinia
282 1919 316 1958 ac
338 1901 470 1975 rapinam
492 1903 649 1959 tolerant-es
669 1903 770 1961 vitam.
815 1904 880 1960 Hos
904 1920 998 1976 nsque
1013 1901 1175 1975 relinquere
1193 1902 1226 1958 18
1296 1929 1300 1933 ·

109 2006 245 2062 Laevinus
278 2008 305 2061 ia
326 2007 421 2063 insula
442 2016 503 2064 tum
524 2008 649 2081 primum
669 2026 748 2064 nova
775 2027 848 2082 pace
869 2008 1063 2075 coalescente,
1094 2006 1173 2063 velut

111 2112 262 2168 materiam
289 2112 432 2169 novandis
462 2113 563 2183 rebus,
592 2113 667 2176 sutis¹
690 2122 784 2170 tutum
811 2121 892 2168 ratus
920 2121 977 2183 cst,
1007 2122 1035 2168 61
1055 2112 1174 2186 Reginis

110 2217 174 2272 usui
196 2216 286 2273 futuri
315 2227 411 2288 erant,
434 2218 472 2274 ad
493 2218 692 2293 populandum
721 2217 866 2274 Bruttium
897 2235 998 2292 agrum
1028 2227 1173 2273 assuetam

110 2320 268 2379 latrociniis
290 2324 482 2396 quarentibus
506 2342 632 2380 manum.
685 2324 725 2381 Et
752 2323 831 2396 quod
853 2323 891 2378 ad
913 2323 1042 2380 Siciliam
1064 2322 1174 2392 attinet,

110 2445 145 2482 eo
168 2446 243 2483 anno
267 2428 441 2486 debellatum
464 2437 515 2486 est.

193 2532 229 2587 In
250 2532 396 2606 Hispania
424 2535 567 2608 principio
594 2534 671 2591 veris
692 2534 728 2593 P.
752 2531 866 2606 Scipio,
893 2532 1017 2589 navibus
1045 2533 1174 2589 deductis
1226 2528 1265 2597 41

111 2636 297 2709 evocatisque
333 2637 426 2694 edicto
460 2619 658 2696 Tarraconem
695 2638 839 2695 sociorum
877 2637 1008 2706 auxiliis,
1052 2636 1173 2693 classem

109 2741 316 2814 onerariasque
338 2742 441 2798 ostium
463 2743 530 2800 inde
545 2745 647 2801 Hiberi
665 2743 789 2800 fluminis
810 2752 909 2818 petere
929 2743 1017 2800 iubet.
1062 2741 1205 2800 Eodem2

108 2847 237 2922 legiones
259 2865 296 2903 ex
319 2847 446 2904 hibernis
468 2849 622 2906 convenire
643 2868 731 2922 quum
753 2849 898 2919 iussisset,
920 2849 982 2924 ipse
1004 2866 1068 2903 cum
1092 2847 1174 2920 quin·

110 2972 166 3027 que
194 2952 319 3009 millibus
346 2954 490 3010 sociorum
522 2954 559 3009 ab
586 2953 756 3010 Tarracone
782 2953 930 3028 profectus
957 2953 995 3009 ad
1018 2953 1174 3009 exercitum

109 3068 160 3116 est.
203 3058 271 3131 Quo
292 3077 381 3131 quum
403 3058 543 3128 venisset,
568 3058 758 3132 alloquendos
780 3059 906 3115 maxime
927 3067 1039 3115 veteres
1062 3058 1174 3127 milites,

110 3163 158 3236 qui
179 3164 268 3219 tantis
290 3162 491 3238 superfuerant
517 3163 662 3233 cladibus,
691 3172 786 3232 ratus,
812 3163 947 3220 contione
968 3163 1112 3219 advocata
1132 3163 1175 3219 ita

109 3266 256 3346 disseruit:
312 3270 426 3338 „Nemo
452 3278 520 3326 ante
551 3289 598 3327 me
631 3286 725 3326 novus
752 3267 912 3343 imperator
939 3268 1076 3325 militibus
1105 3268 1204 3337 suiad

109 3373 279 3448 priusquam
308 3393 398 3449 opera
426 3394 526 3432 corum
559 3394 629 3433 usus
661 3384 751 3444 essct,
776 3373 894 3450 >gratias
927 3392 1014 3449 egere
1046 3374 1108 3429 iure
1139 3391 1174 3429 ac

109 3477 211 3534 merito
241 3478 349 3553 potuit3
387 3498 434 3535 me
464 3480 563 3551 vobis,
593 3480 761 3555 priusquam
788 3479 967 3555 provinciam
996 3487 1046 3534 aut
1078 3486 1204 3538 castrat

109 3584 245 3653 viderem,
261 3584 401 3660 obligavit
414 3583 541 3657 fortuna,
558 3587 682 3662 primum
699 3586 777 3661 quod
798 3604 837 3659 ea.
848 3585 956 3659 pietate
977 3601 1047 3656 erga
1061 3590 1172 3657 patrem

107 3699 301 3763 patruumque
337 3708 431 3746 mcum
468 3690 552 3748 vivos
585 3700 774 3764 mortuosque
808 3689 920 3759 fuistis,
956 3687 1059 3746 deinde
1095 3686 1204 3761 quod5
1297 3772 1298 3776 ἵ

108 3796 245 3852 amissam
280 3804 363 3852 tanta
402 3795 484 3852 clade
518 3797 675 3872 provinciae
714 3795 927 3870 possessionem
966 3794 1108 3868 integram
1146 3800 1174 3849 et

106 3900 215 3975 populo
237 3902 372 3958 Romano
401 3909 431 3958 et
460 3901 620 3958 successori
647 3900 716 3958 mihi
743 3900 849 3956 virtute
875 3907 975 3956 vestra
999 3897 1171 3956 obtinuistis.
