2700 4426
412 143 490 192 Liber
506 140 634 190 xxvm.
671 143 717 204 (a.
732 141 778 191 cn.
792 141 864 204 205.)
1065 144 1120 198 173

109 328 154 388 sit.
202 325 461 398 Commemoravit,
499 335 637 401 quantum
659 345 751 384 essem
772 326 890 401 periculi
913 325 1059 394 aditurus,
1088 326 1113 382 si
1134 327 1193 383 ind

110 434 242 490 Africam
265 433 434 504 traiicerem,
456 441 487 488 ut
509 451 602 489 meam
625 452 756 508 quoque,
781 451 838 489 non
860 432 954 488 solum
977 431 1018 487 rei
1040 432 1161 506 publicae

109 550 138 595 et
170 540 311 596 exercitus
341 539 432 595 vicem
460 538 605 595 videretur
632 538 779 595 sollicitus.
826 538 912 598 Unde
947 538 1008 593 haec
1045 547 1162 612 repente
1178 542 1212 596 10

109 663 179 702 cura
201 645 237 702 de
259 665 304 702 me
328 643 450 702 exorta?
499 644 594 716 Quum
616 652 699 719 pater
719 652 896 719 patruusque
919 661 998 699 meus
1012 643 1162 715 interfecti,

109 770 196 825 quum
219 732 284 808 duo.
299 751 440 808 exercitus
459 770 557 808 eorum
573 769 664 826 prope
683 750 829 806 occidione
847 749 934 806 occisi
948 759 1051 818 essent,
1074 770 1161 824 quum

109 857 223 914 amissae
250 857 415 932 Hispaniae,
449 877 536 932 quum
564 866 701 931 quattuor
733 856 874 912 exercitus
896 857 1052 912 Poenorum
1075 864 1160 928 quat-

108 971 231 1038 tuorque
253 964 340 1020 duces
362 964 459 1020 omnia
480 972 557 1020 metu
579 961 724 1036 armisque
745 969 887 1029 tenerent,
917 980 1003 1034 quum
1027 962 1161 1035 quaesitus
1176 965 1208 1021 11

108 1067 194 1124 adid
217 1067 322 1124 bellum
344 1069 502 1143 imperator
525 1087 610 1125 nemo
632 1086 663 1124 se
684 1068 847 1124 ostenderet
867 1075 971 1142 praeter
992 1087 1055 1139 me,
1076 1087 1161 1125 nemo

108 1173 237 1249 profiteri
264 1191 351 1229 ausus
383 1184 473 1244 esset,
510 1194 597 1250 quum
629 1173 698 1230 mihi
726 1182 862 1247 quattuor
889 1183 917 1230 et
937 1166 1038 1248 viginti
1070 1192 1161 1230 annos

108 1289 177 1337 nato
210 1279 356 1368 detulisset
387 1281 537 1356 imperium
572 1281 696 1356 populus
730 1282 895 1352 Romanus,
917 1279 1000 1353 'quid
1032 1279 1073 1336 ita
1100 1288 1161 1337 tum
1176 1281 1211 1338 12

108 1405 192 1444 nemo
214 1395 327 1442 aetatem
350 1405 459 1457 meam,
491 1388 549 1444 vim
572 1387 711 1456 hostium,
740 1383 937 1442 difficultatem
958 1386 1041 1456 belli,
1071 1386 1161 1460 patris

108 1493 261 1568 patruique
295 1501 437 1549 recentem
475 1493 585 1550 cladem
619 1491 885 1550 commemorabat?
933 1494 1038 1553 Utrum
1068 1492 1161 1548 maior

108 1599 207 1673 aliqua
233 1616 309 1655 nunc
337 1599 365 1654 in
388 1598 491 1656 Africa
521 1598 670 1656 calamitas
697 1607 816 1673 accepta
838 1608 895 1669 est,
931 1618 1018 1674 quam
1040 1607 1108 1655 tunc
1130 1598 1160 1655 in

108 1703 253 1778 Hispania
272 1703 352 1760 erat?
384 1707 434 1762 An
455 1706 580 1763 maiores
601 1723 676 1761 nunc
697 1714 763 1761 sunt
785 1705 926 1761 exercitus
947 1705 977 1761 in
1000 1704 1103 1762 Africa
1132 1714 1160 1761 et
1176 1705 1211 1761 13

109 1809 195 1866 duces
223 1809 319 1885 plures
347 1811 553 1885 melioresque,
592 1829 678 1885 quam
709 1820 777 1867 tunc
805 1811 836 1867 in
857 1811 1001 1885 Hispania
1021 1810 1160 1868 fuerunt?

107 1934 145 1971 an
172 1924 241 1972 aetas
271 1935 336 1973 mea
364 1925 431 1973 tunc
459 1917 599 1974 maturior
627 1917 702 1973 bello
725 1917 851 1991 gerendo
872 1915 944 1988 fuit,
977 1935 1063 1990 quam
1085 1935 1161 1973 nunc

109 2020 172 2078 est?
204 2041 241 2078 aa
264 2040 327 2079 cum
351 2020 582 2097 Carthaginiensi
603 2022 686 2079 hoste
706 2022 735 2077 in
750 2022 894 2097 Hispania
911 2040 997 2096 quam
1013 2021 1042 2077 in
1057 2020 1160 2079 Africa
1175 2023 1211 2077 14

107 2128 213 2184 bellurn
248 2129 310 2202 geri
345 2129 439 2203 aptius
476 2126 537 2184 est?
585 2127 684 2184 Facile
711 2137 754 2184 est
779 2137 846 2202 poet
875 2126 955 2185 fusos
988 2126 1162 2202 fugatosque

108 2244 246 2307 quattuor
268 2235 409 2291 exercitus
425 2233 561 2302 Punicos,
584 2241 651 2308 post
671 2242 715 2289 tot
737 2235 822 2290 urbes
837 2233 867 2290 vi
888 2243 988 2309 captas
1010 2244 1060 2289 aut
1083 2243 1159 2291 metu

107 2340 242 2396 subactas
264 2341 293 2397 in
315 2341 473 2410 dicionem,
505 2347 571 2414 post
593 2338 755 2413 perdomita
777 2340 874 2396 omnia
895 2359 986 2414 usque
1008 2339 1045 2396 ad
1067 2337 1161 2396 Ocea·
1177 2341 1212 2395 15

107 2465 193 2515 num,
229 2456 272 2503 tot
305 2448 435 2522 reguloS,
467 2455 510 2502 tot
539 2462 631 2500 saevus
657 2453 773 2518 gentes,
809 2456 875 2520 post
901 2454 1045 2520 receptam
1068 2455 1160 2502 totam

109 2550 279 2624 Hispaniam
301 2553 351 2637 ita,
375 2561 406 2607 ut
426 2550 578 2625 vestigium
600 2549 668 2606 belli
688 2550 797 2607 nullum
816 2551 957 2624 reliquum
976 2551 1022 2621 sit,
1044 2551 1169 2622 elevare·

109 2673 187 2710 meas
218 2674 264 2713 res
292 2667 402 2731 gestas,
434 2666 493 2712 tam
521 2654 653 2724 hercule,
690 2675 793 2729 quam,
830 2657 855 2712 si
876 2657 968 2714 victor
997 2675 1033 2711 ex
1055 2655 1158 2713 Africa
1175 2658 1210 2714 16

107 2760 253 2843 redierim,
284 2781 319 2818 ea
341 2762 406 2837 ipsa
427 2762 555 2831 elevare,
584 2779 648 2834 quae
668 2778 744 2816 nunc
764 2761 904 2817 retinendi
926 2761 982 2818 mei
1003 2779 1105 2832 causa,
1127 2772 1158 2818 ut

106 2867 246 2923 terribilia
266 2868 367 2925 eadem
389 2866 558 2935 videantur,
582 2865 678 2922 verbis
699 2867 884 2924 extolluntur.
930 2869 1028 2941 Negat
1049 2867 1158 2922 aditum
1176 2870 1209 2924 17

107 2991 169 3029 esse
190 2973 220 3029 in
242 2973 383 3043 Africam,
405 2981 492 3048 negat
512 2972 585 3028 ullos
607 2981 707 3047 patere
727 2981 836 3047 portus.
880 2973 921 3031 M.
944 2973 1066 3030 Atilium
1089 2991 1159 3046 cap-

106 3090 166 3135 tum
188 3079 218 3135 in
232 3079 336 3137 Africa
358 3088 573 3149 commemorat,
595 3088 734 3151 tanquam
751 3080 794 3139 M.
809 3080 917 3138 Atilius
934 3080 1027 3155 primo
1043 3096 1159 3136 accessu

107 3185 144 3242 ad
166 3184 297 3242 Africam
324 3184 492 3256 offenderit,
514 3203 609 3261 neque
636 3185 813 3256 recordatur,
834 3186 876 3244 illi
896 3187 951 3262 ipsi
973 3195 1032 3242 tam
1053 3184 1159 3242 infelici

105 3291 273 3366 imperatori
310 3292 439 3367 patuisse
470 3301 567 3348 tantan
598 3299 699 3365 portus
729 3289 853 3362 Africa,
889 3301 918 3347 et
947 3311 993 3349 res
1030 3291 1159 3366 egregias

106 3397 199 3472 primo
230 3417 306 3454 anno
334 3397 458 3472 gessisse
483 3407 527 3467 et,
564 3404 702 3470 quantum
731 3396 769 3453 ad
800 3395 1051 3472 Carthaginienses
1073 3398 1159 3454 duces

107 3502 223 3573 attinet,
259 3504 395 3562 invictum
429 3504 466 3560 ad
495 3503 625 3560 ultimum
651 3504 852 3577 permansisse.
897 3503 978 3560 Nihil
1003 3504 1091 3579 igitur
1115 3523 1160 3562 me
1176 3501 1211 3557 18

106 3609 162 3666 isto
184 3618 215 3665 tu
240 3611 372 3685 exemplo
394 3610 537 3668 terrueris.
587 3607 619 3666 Si
639 3609 694 3665 hoc
716 3609 801 3680 bello,
822 3627 880 3665 non
903 3609 1007 3684 priore,
1029 3608 1053 3666 si
1067 3629 1158 3685 nuper

107 3723 136 3772 et
155 3734 214 3771 non
236 3715 317 3771 annis
339 3724 406 3773 ante
428 3714 621 3792 quadraginta
644 3715 701 3771 ista
723 3714 819 3771 clades
841 3725 960 3789 accepta
980 3714 1071 3785 foret,
1108 3716 1157 3790 qui

106 3841 160 3898 ego
185 3821 279 3877 minus
300 3821 329 3878 in
350 3821 482 3880 Africam
504 3820 616 3896 Regulo
638 3829 723 3896 capto
746 3840 831 3895 quam
854 3819 1035 3895 Scipionibus
1057 3820 1157 3877 occisis

104 3927 134 3984 in
156 3927 328 4003 Hispaniam
349 3925 534 4001 traiicerem?
580 3926 644 3984 Nec
665 3925 775 3984 felicius
796 3926 997 4002 Xanthippum
1020 3926 1156 3983 Laoedae-
1175 3925 1210 3981 19
