2680 4546
303 253 321 312 a
471 231 473 236 ’
570 250 648 302 Liber
665 249 766 302 xm.
804 251 1015 316 (maesta.)
1078 307 1087 314 ,

260 433 369 510 ingenti
397 433 493 494 sonitu
523 453 558 494 ec
591 433 692 511 iugem
725 437 957 512 abrumpentium
987 437 1108 496 munile
1134 439 1311 496 tumentem

212 549 243 604 ll
260 538 403 608 lacerent;
436 537 569 598 fraudem
592 557 710 616 quoque
730 556 817 616 super
837 543 991 600 tumultum
1013 542 1176 613 adiectam,
1197 543 1313 600 immissi

261 645 298 702 ab
313 643 490 714 Hannibale,
513 645 563 719 qni
577 644 679 702 habitu
694 644 807 716 Italico,
831 649 916 721 gnari
930 648 1044 708 Latina
1057 648 1182 723 lingue,
1203 646 1311 704 iuberent

260 748 410 807 consulum
424 749 530 820 verbis,
553 749 690 825 quoniam
706 749 814 808 amissa
828 759 925 810 caetra
939 761 1045 824 essem,
1066 771 1125 828 pro
1139 767 1174 808 se
1190 769 1311 826 quemque

210 859 245 916 12
260 855 381 914 militnm
404 854 433 911 in
457 855 607 931 proximos
622 863 735 913 montes
749 853 865 932 fugem
886 857 938 915 sed
953 875 1017 914 eam
1033 855 1172 914 celeriter
1186 857 1308 932 cognitae

259 957 392 1018 fraudem
418 977 645 1035 oppressamque
667 977 775 1036 magna
796 962 874 1020 caede
896 961 1037 1032 hostium3
1069 961 1244 1036 elephantos
1269 961 1309 1036 igni

259 1083 276 1121 e
297 1064 399 1122 cestrie
421 1073 551 1126 exectos.

211 1173 246 1228 ta
343 1169 411 1228 Hoc
431 1167 574 1239 ultimum,
596 1177 741 1243 utcunque
762 1169 864 1228 initum
887 1170 1057 1244 finitumque
1079 1177 1135 1240 est,
1161 1179 1230 1228 ante
1250 1171 1309 1228 dedi·

259 1273 368 1331 tionem
400 1272 510 1349 Capuae
539 1274 672 1349 praelium
707 1273 771 1332 fuit.
826 1275 929 1333 Medix
956 1274 1082 1345 tuticus,
1117 1275 1169 1350 qui
1201 1291 1308 1344 summu

260 1378 448 1453 magistratus
481 1380 559 1455 apud
587 1378 755 1457 Campanos
789 1388 849 1451 est,
885 1399 921 1438 eo
950 1397 1027 1436 anno
1057 1378 1188 1454 Seppius
1217 1380 1307 1436 Lmsin

211 1488 246 1542 ll
260 1491 332 1551 erat,
354 1483 420 1540 loco
442 1485 567 1542 obscuro
589 1485 726 1559 tenuique
744 1483 863 1542 fortune
883 1493 973 1543 ortus.
1015 1483 1146 1541 Matrem
1161 1484 1223 1541 eine
1237 1501 1307 1558 qnon-

260 1587 326 1644 dam
349 1606 403 1662 pro
433 1589 544 1664 pupillo
573 1607 608 1646 eo
637 1598 840 1664 procurantem
869 1588 1014 1647 familiare
1040 1597 1205 1659 ostentum,
1239 1605 1306 1662 quun

259 1693 455 1768 respondisset
476 1695 640 1769 haruspex,
667 1685 820 1752 summum'
834 1694 913 1768 quod
934 1701 1010 1752 esset
1031 1693 1190 1769 imperium
1211 1692 1305 1767 Capua,

211 1803 463 1873 repercuterem
489 1798 526 1855 ad
548 1817 612 1855 eum
635 1815 775 1874 puerum,
807 1799 878 1856 nihil
900 1799 939 1856 ad
960 1817 1024 1856 eam
1052 1817 1136 1875 spem
1170 1814 1304 1873 agnetem

260 1913 318 1961 tem
340 1904 448 1960 dixisse
470 1899 582 1960 ferunt:
626 1903 692 1971 „Ne
714 1909 745 1958 tn
766 1901 895 1976 perditus
915 1921 962 1960 ree
978 1902 1199 1979 Campanorum
1216 1917 1303 1968 narres,

210 2013 247 2068 16
260 2007 310 2064 ubi
333 2025 462 2064 summus
485 2007 579 2063 honos
602 2006 640 2063 ad
660 2005 751 2064 filium
771 2025 866 2064 meum
888 2008 1065 2083 perveniet-‘⁴
1101 2008 1151 2066 Ea
1171 2006 1303 2064 luditicatio

260 2112 322 2169 veri
343 2119 372 2170 et
392 2103 457 2186 ipsa
478 2111 508 2167 in
529 2129 630 2168 verum
653 2111 753 2181 vertit3
775 2129 842 2168 uam
866 2129 954 2186 quum
976 2111 1056 2170 fame
1077 2111 1217 2189 ferroque
1240 2129 1302 2186 urge

260 2226 358 2276 rentur
379 2234 433 2273 nec
447 2233 513 2291 spes
528 2215 588 2273 ulla
602 2225 774 2291 superesset,
796 2216 859 2273 sisti
880 2235 970 2292 pesae,
993 2219 1036 2288 iia,
1060 2221 1110 2292 qai
1129 2221 1191 2275 aaa
1202 2218 1230 2275 in
1242 2233 1299 2291 spen

211 2323 402 2381 ttionemn
418 2329 509 2391 erant,
529 2322 655 2378 bonores
671 2320 906 2393 detrectantibus,
928 2321 1051 2392 Loesius,
1067 2322 1216 2396 querendo
1229 2321 1298 2377 deser·

260 2436 320 2484 tum
340 2443 375 2484 ec
396 2425 540 2501 proditam
564 2444 581 2482 a
604 2417 777 2500 primoribu's
792 2424 935 2502 Capuam,
957 2446 1104 2486 summum
1125 2427 1296 2502 magistratum

261 2530 377 2588 ultimus
399 2529 528 2586 omnium
554 2527 771 2604 Campanorum
793 2532 878 2607 cepit.

166 2633 187 2700 7
344 2631 479 2693 Ceterum
501 2632 659 2705 Hannibal,
681 2643 714 2692 ut
734 2654 787 2695 nec
807 2638 907 2694 hostes
922 2635 986 2694 elici
1004 2635 1130 2711 amplius
1146 2635 1184 2691 ad
1197 2649 1295 2710 pngnan

230 2738 331 2798 avidir
353 2757 447 2813 neque
467 2756 521 2813 per
542 2747 638 2795 caetra
660 2758 761 2798 eorum
782 2740 929 2816 perrumpi
951 2740 989 2798 ad
1012 2738 1147 2816 Capuam
1171 2755 1255 2815 posse,
1272 2751 1294 2789 ot

260 2860 328 2901 suos
351 2862 468 2918 quoque
489 2851 668 2900 commeatus
682 2844 907 2904 intercluderent
920 2845 989 2900 novi
1004 2844 1148 2912 consules,
1171 2841 1293 2900 abscedere

199 3019 204 3026 .
229 2949 341 3010 dimite
363 2949 477 3024 incepto
501 2956 530 3004 et
551 2965 669 3004 movere
690 2947 827 3025 aCepua
842 2949 942 3008 statuit
958 2955 1065 3005 castra.
1110 2949 1292 3006 Multusecun.

261 3072 388 3131 quonam
417 3052 484 3112 inde
512 3052 554 3110 ire
583 3062 732 3128 pergeret,
770 3055 899 3112 volventi
925 3052 1014 3110 subiit
1045 3053 1175 3110 animum
1200 3052 1291 3124 impetu

260 3166 348 3234 caput
368 3157 463 3232 ipsum
491 3156 560 3214 belli
589 3159 714 3216 Romam
742 3158 872 3235 petendi,
905 3159 984 3215 onius
1012 3156 1056 3214 rei
1083 3174 1197 3233 semper
1218 3153 1291 3227 cupita

260 3261 482 3338 prmtermmeam
520 3262 701 3320 occasionem
738 3272 806 3338 post
839 3260 1021 3319 Cannensem
1055 3278 1182 3336 pugnam
1213 3251 1289 3314 etalii

229 3365 423 3426 tfremebent
451 3375 480 3424 et
506 3367 570 3442 ipse
598 3386 657 3424 non
685 3367 899 3424 dissimulabat:
943 3365 1118 3440 necopinato
1149 3381 1246 3441 pavore
1268 3371 1289 3412 tt

260 3472 383 3530 tumultu
402 3490 460 3528 non
482 3489 546 3528 esse
567 3472 779 3547 desperandum
803 3471 929 3545 aliquam
952 3478 1064 3544 partem
1089 3470 1168 3528 urbia
1187 3460 1288 3539 oocuptri

135 3585 139 3590 ’
229 3581 361 3652 bposse‚
395 3584 438 3646 et,
473 3577 499 3634 ei
526 3578 624 3636 Roma
649 3576 680 3633 in
707 3576 871 3634 discrimine
893 3581 983 3642 esset,
1012 3570 1149 3649 Capuam
1178 3565 1287 3642 extenplo

260 3681 418 3737 omissuros
453 3689 504 3738 aut
534 3680 621 3738 ambo
652 3678 843 3754 imperatores
871 3680 1023 3736 Romanos
1055 3686 1107 3736 aut
1137 3679 1244 3737 altarum
1265 3685 1288 3726 οἱ

258 3785 303 3856 iis,
325 3794 362 3853 et,
384 3785 409 3840 si
430 3781 594 3842 divisissent
616 3783 725 3859 copias,
753 3791 908 3857 utrumque
928 3783 1118 3840 infirmiorem
1139 3781 1236 3840 fectum
1255 3779 1287 3830 sul
1323 3839 1324 3846 χ

258 3889 314 3947 sibi
343 3895 394 3946 aut
420 3887 579 3965 Campanis
607 3891 680 3946 bene
709 3886 844 3962 gerenda
871 3888 914 3944 rei
940 3885 1088 3944 fortunam
1110 3887 1222 3944 daturos
1238 3893 1286 3936 εωθ-
1323 3935 1324 3940 ,

229 3995 328 4052 bUna
342 4011 378 4049 ea
392 4011 462 4048 cura
476 3992 614 4066 angebat,
635 4009 681 4059 ne,
704 3991 753 4047 ubi
768 3991 966 4060 abscessisset,
987 3991 1134 4066 extemplo
1151 3989 1286 4046 dederentur
1323 3981 1324 4006 ¹

1321 2229 1323 2246 l
