2704 4552
303 251 359 305 116
571 245 650 294 Liber
667 242 756 294 xxn.
793 242 841 304 (A.
855 256 880 289 u.
895 257 917 294 o.
931 242 1006 304 588.)

257 429 420 497 exhaurire,
449 445 556 504 magna
580 427 638 484 iam
660 443 775 483 summa
802 434 924 498 erogata
945 424 975 480 iu
1001 441 1103 480 servos
1140 423 1190 478 ad
1218 420 1316 478 mili'

257 531 395 590 emendos
417 531 646 605 armandosque,
668 547 721 587 nec
740 527 947 598 Hannibalem,
977 528 1106 584 maxime
1134 528 1275 585 huiusce
1317 554 1320 571 ι

227 634 289 693 dut
320 634 402 692 fama
423 643 502 705 erat,
534 643 676 710 egentem,
705 631 877 707 locupletari
909 633 1057 690 volebant
1117 633 1237 706 Quum
1310 658 1319 679 1·

257 756 445 814 responsum,
475 756 534 794 non
561 737 664 794 redimi
693 737 841 811 captivos,
874 737 1017 793 redditum
1052 745 1151 806 esset,
1193 752 1320 791 novus

258 863 346 919 super
367 854 495 900 veterem
523 842 618 899 luctus
644 850 688 898 tot
710 842 824 899 iactura
854 840 959 897 civium
983 840 1114 898 adiectus
1150 849 1259 908 esset,
1288 858 1341 898 ru,

258 948 372 1023 magnis
394 947 509 1004 fletibus
532 945 735 1021 questibusque
756 945 869 1020 legatos
892 945 929 1001 ad
951 953 1066 1018 portam
1085 945 1256 1019 prosecuti
1278 962 1324 998 soi

144 1081 149 1092 ·
227 1053 344 1114 ‹lUnus
366 1071 403 1109 ex
427 1051 462 1109 iis
485 1050 601 1107 domum
625 1051 711 1121 abiit,
743 1049 822 1123 quod
845 1048 945 1106 fallaci
965 1049 1060 1106 reditu
1081 1049 1113 1105 in
1146 1059 1264 1108 eastra
1289 1069 1308 1103 ιι
1338 1076 1343 1089 v·

258 1157 382 1215 iurando
414 1174 446 1212 sa
474 1155 654 1212 exsolvisset.
717 1153 804 1227 Quod
833 1155 884 1213 ubi
915 1154 1040 1210 innotuit
1075 1153 1281 1228 relatumque
1308 1149 1339 1209 al

259 1270 391 1320 senatum
414 1273 467 1329 est,
489 1277 588 1316 omnes
604 1267 776 1316 censuerunt
792 1259 1094 1333 comprehendendum
1118 1269 1151 1316 et
1167 1259 1340 1316 custoditis

258 1367 374 1442 publice
393 1365 470 1422 datis
491 1363 689 1421 deducendum
712 1363 749 1419 ad
771 1363 969 1420 Hannibalem
993 1383 1066 1421 esse.

228 1472 245 1523 5
342 1472 397 1528 Est
419 1477 447 1526 et
469 1469 528 1525 alia
550 1469 586 1524 de
608 1467 731 1542 captivis
752 1465 848 1524 fama:
878 1467 977 1524 decem
1000 1469 1112 1542 primos
1136 1471 1281 1538 venisse3
1307 1471 1337 1524 de

259 1577 301 1634 eis
326 1594 415 1650 quum
437 1573 600 1630 dubitatum
623 1574 652 1628 in
684 1582 786 1629 senatu
810 1579 899 1641 esset,
931 1573 1157 1630 admitterentur
1181 1575 1215 1631 in
1242 1575 1334 1630 urbem

229 1678 363 1748 bnecne,
384 1679 427 1735 ita
451 1678 594 1734 admissos
617 1695 695 1746 esse,
718 1696 754 1733 ne
776 1686 874 1733 tamen
895 1677 930 1732 iis
958 1687 1077 1734 senatus
1099 1679 1248 1748 daretur3
1282 1697 1333 1733 mo-

260 1783 391 1840 rantibus
413 1782 517 1839 deinde
537 1783 652 1856 longius
668 1782 798 1838 omnium
819 1799 881 1856 spe,
903 1781 977 1837 alios
992 1790 1051 1838 tres
1073 1782 1201 1857 insuper
1227 1784 1332 1856 legatos

230 1887 383 1957 lvenisse,
405 1888 439 1943 L.
463 1886 646 1946 Scribonium
668 1895 698 1942 et
719 1883 753 1943 C.
775 1882 962 1958 Calpurnium
985 1894 1015 1942 et
1035 1886 1070 1943 L.
1089 1886 1259 1956 Manlium
1281 1897 1331 1942 tum

260 1994 375 2050 demum
411 1993 448 2048 ab
483 1998 608 2065 cognato
639 1989 784 2048 Scribonii
813 1989 928 2046 tribuno
960 1989 1054 2063 plebis
1087 1991 1124 2046 de
1156 1991 1330 2048 redimendis

260 2096 384 2170 captivis
407 2095 532 2152 relatum
557 2111 636 2164 esse,
660 2112 713 2150 nec
733 2095 880 2152 censuisse
909 2093 1095 2151 redimendos
1124 2105 1282 2166 senatum;
1308 2108 1329 2150 et

259 2218 352 2256 novos
374 2199 486 2274 legatos
519 2207 577 2254 tres
610 2198 647 2254 ad
669 2198 864 2255 Hannibalem
887 2198 1057 2267 revertisse,
1094 2199 1200 2258 decern
1224 2211 1327 2259 veteres

229 2304 443 2373 8remansisse,
466 2303 546 2376 quod
560 2321 612 2376 per
628 2321 746 2360 causam
768 2303 995 2378 recognoscendi
1010 2304 1131 2362 nomine
1147 2306 1326 2380 captivorum

259 2408 297 2466 ad
319 2407 514 2466 Hannibalem
545 2425 582 2463 ex
602 2407 703 2464 itinere
725 2407 848 2482 regressi
872 2407 1012 2482 religione
1034 2427 1098 2466 sese
1123 2411 1325 2471 exsolvissent}
1351 2434 1352 2439 ¹

260 2515 296 2570 de
317 2514 353 2571 iis
377 2511 515 2570 dedendis
538 2529 645 2585 magna
664 2511 847 2568 contentione
869 2521 965 2569 actum
987 2514 1017 2570 in
1038 2491 1252 2586 senatuesse,
1272 2516 1324 2572 sic-

229 2620 365 2692 deosque
396 2616 497 2692 paucis
532 2616 694 2684 sententiis,
729 2617 780 2690 qui
811 2616 958 2674 dedendos
991 2620 1171 2689 censuerint;
1207 2630 1323 2678 ceterum
1351 2622 1352 2669 1

260 2722 401 2802 proximis
423 2721 590 2779 censoribus
605 2721 679 2777 adeo
695 2721 828 2778 omnibus
842 2722 919 2778 notis
940 2721 1167 2799 ignominiisque
1182 2723 1321 2781 confectos

260 2843 332 2897 esse,
355 2834 387 2883 ut
409 2826 527 2900 quidam
550 2843 649 2881 eorum
673 2833 796 2882 mortem
811 2826 867 2883 sibi
888 2826 944 2900 ipsi
956 2828 1103 2901 extemplo
1127 2799 1321 2886 cunseiverim.

260 2931 426 2988 caterinen
448 2929 513 2986 foro
541 2927 635 2984 solum
662 2930 742 2985 omni
768 2930 872 2986 deinde
900 2929 976 2998 vita,
1011 2931 1063 2988 sed
1092 2951 1189 3007 prope
1210 2933 1275 2989 luce
1294 2948 1320 2986 uc

210 3032 375 3108 10publico
400 3031 556 3092 caruerint.
601 3031 706 3088 Mirari
722 3033 825 3106 magis,
846 3034 920 3090 adeo
942 3033 1109 3108 discrepare
1130 3037 1209 3093 inter
1231 3045 1320 3094 ancto-

258 3155 314 3209 res,
339 3156 437 3210 quam,
460 3136 528 3210 quid
551 3135 613 3192 veri
636 3136 682 3206 sit,
706 3135 868 3192 discernere
891 3154 991 3208 queas.
1351 3125 1352 3132 ¹

310 3242 460 3314 quanto
497 3248 594 3296 autem
630 3239 725 3296 maior
760 3258 795 3295 ea
828 3239 925 3295 clades
958 3242 1159 3315 superioribus
1197 3244 1317 3301 cladibus

152 3385 155 3392 r
259 3343 355 3414 fuerit,
376 3345 424 3401 vel
445 3364 481 3402 ea
501 3362 548 3400 res
568 3344 675 3401 indicio
698 3353 746 3413 est,
768 3344 843 3418 quod
856 3345 931 3416 fides
945 3348 1092 3416 sociorum,
1115 3366 1181 3422 quae
1202 3351 1242 3406 ad
1263 3368 1316 3405 eam

260 3448 336 3504 diem
357 3450 441 3504 firma
463 3457 597 3516 steterat,
619 3457 680 3504 tum
703 3449 803 3505 labare
824 3449 926 3523 coepit,
953 3450 1033 3506 nulle
1054 3452 1188 3526 profecto
1211 3455 1269 3510 alia
1288 3454 1316 3507 de

210 3555 241 3608 11
259 3570 291 3608 rc
313 3569 400 3626 quam
423 3553 501 3626 quod
523 3553 751 3627 desperaverant
772 3553 808 3608 dc
822 3552 953 3627 imperio.
1002 3555 1147 3614 Defecere
1169 3569 1264 3614 autem
1285 3558 1315 3612 ad

259 3657 368 3712 Poeuos
390 3656 420 3712 hi
439 3655 553 3732 populi,
576 3656 719 3720 Atellani,
742 3655 883 3726 Calatini,
905 3658 1036 3733 Hirpini,
1058 3661 1225 3734 Apulorum
1248 3680 1314 3736 pars.

211 3762 246 3816 12
261 3758 406 3818 Samnites
426 3769 531 3835 praeter
555 3763 695 3828 Pentros,
717 3761 825 3817 Bruttii
847 3780 962 3832 omnes,
987 3764 1111 3834 Lucani,
1145 3773 1250 3839 praeter
1269 3768 1314 3820 hos

259 3863 409 3934 Uzentini,
437 3873 465 3920 et
490 3862 661 3920 Graecorum
690 3865 784 3921 omnis
815 3864 906 3923 ferme
929 3885 996 3936 ora,
1026 3868 1194 3938 Tarentini,
1227 3871 1313 3926 Meta-

211 3965 378 4040 sepontini,
399 3965 603 4024 Crotonienses
618 3966 772 4040 Locrique,
795 3979 824 4026 et
845 3969 984 4044 Cisalpini
1006 3989 1106 4028 omnes
1129 3971 1219 4030 Galli.
1259 3974 1314 4030 Nec
