2700 4426
424 217 503 268 Liber
519 217 621 269 xxm.
657 217 705 282 (A.
721 216 769 271 (lb.
783 218 856 282 216.)
1074 223 1130 282 139

104 399 241 476 prasidio
265 399 382 473 meast,
404 409 503 459 votum
519 400 653 461 solvisse.
701 402 787 458 Idem
806 401 905 458 titulus
921 403 1011 462 tribus
1033 399 1122 478 signis
1143 404 1173 461 in

107 506 172 564 sade
192 507 332 564 Fortunat
351 506 454 582 positis
475 505 530 563 fuit
558 506 713 570 subiectas.
756 501 915 563 Casilinum
938 509 1075 583 oppidum
1107 511 1172 566 red·
1224 503 1269 573 20

109 613 201 670 ditum
220 610 380 685 Campanis
403 619 455 681 est,
476 613 622 669 firmatum
642 610 890 686 septingentorum
920 605 1042 670 militurn
1066 616 1102 672 de
1123 634 1175 672 ex·
1323 605 1326 610 Δ

108 717 199 774 ercitu
222 715 397 774 Hannibalis
418 716 568 791 praesidio,
598 736 648 787 ne,
679 717 728 773 ubi
757 719 866 774 Poenus
892 717 958 774 iude
981 721 1176 791 abscessisset,

109 821 237 880 Romani
256 831 468 896 oppugnarent.
510 821 696 878 Praenestiuis
721 821 858 879 militibus
884 831 1001 879 senatus
1025 825 1205 882 Romanus2

82 958 84 962 ·
108 927 219 1002 duplex
240 925 414 1000 stipendium
437 933 465 982 et
486 925 674 1000 quinquennii
699 927 807 984 militiae
829 927 1012 983 vacationem
1035 928 1175 998 decrevit;

109 1032 228 1090 civitate
251 1050 339 1107 quum
362 1031 539 1088 donarentur
560 1032 597 1088 ob
616 1031 761 1099 virtutem,
784 1051 842 1088 non
857 1040 1050 1115 mutaverunt.
1083 1035 1205 1092 Peru-3

90 1133 239 1195 'sinotum
262 1155 346 1194 casus
370 1138 521 1194 obscurior
542 1134 623 1192 lama
646 1145 703 1207 est,
736 1137 805 1210 quia
834 1154 887 1194 nec
915 1138 1044 1212 ipsorum
1074 1157 1175 1195 monu-
1202 1159 1204 1164 ·

109 1251 207 1300 mento
229 1243 289 1300 ullo
312 1252 356 1300 est
376 1241 535 1299 illustratus
556 1259 609 1298 nec
631 1242 746 1299 decreto
768 1244 977 1301 Romanorum.

195 1348 307 1404 Eodem
330 1355 461 1422 tempore
483 1347 642 1417 Petelinos,
665 1348 714 1422 qui
733 1348 782 1404 uni
805 1367 841 1404 ex
865 1348 988 1404 Bruttiis
1010 1352 1206 1405 mauseraut4
1228 1399 1233 1412 ,

109 1454 139 1510 in
163 1452 291 1510 amicitia
311 1455 455 1522 Romana,
478 1472 536 1510 non
558 1451 811 1528 Carthaginienses
835 1453 933 1523 modo,
958 1455 1007 1527 qui
1028 1454 1174 1528 regionem

110 1558 291 1628 obtinebant,
312 1559 364 1616 sed
385 1556 492 1615 Bruttii
515 1577 631 1632 quoque
658 1559 744 1616 ceteri
774 1559 811 1614 ob
834 1568 971 1633 separata
993 1561 1030 1616 ab
1052 1577 1084 1615 se
1105 1577 1176 1616 con-

109 1665 176 1722 silia
208 1667 426 1740 oppugnabant.
480 1663 592 1736 Quibus
622 1683 710 1737 quum
740 1664 881 1722 obsistere
910 1664 994 1721 malis
1025 1663 1206 1736 nequirent5

110 1769 253 1840 Petelini,
279 1771 392 1846 legatos
420 1773 545 1828 Romam
574 1769 611 1825 ad
641 1768 806 1844 praesidium
839 1770 994 1843 petendum
1029 1769 1177 1827 miserunt.

110 1875 243 1948 Quorum
271 1864 375 1969 predas
408 1875 591 1948 lacrimaeque
624 1871 664 1948 (in
688 1881 806 1947 questus
838 1874 913 1931 enim
934 1874 1060 1942 flebiles,
1090 1892 1177 1947 quum

109 1979 227 2038 sibimet
247 1979 302 2055 ipsi
330 1979 479 2036 consulere
499 1979 571 2035 iussi
592 1987 667 2047 sunt,
690 1996 754 2034 sese
781 1979 810 2034 in
832 1979 976 2035 vestibulo
998 1979 1085 2036 curiae
1110 1996 1178 2052 pro-

109 2084 258 2158 fuderunt)
285 2086 429 2160 ingentem
461 2083 688 2140 misericordiam
718 2085 850 2158 patribus
879 2101 914 2139 ac
940 2084 1050 2159 populo
1080 2102 1179 2140 move·

115 2199 191 2261 runt,
214 2178 394 2264 consultique
414 2189 517 2245 iterum
542 2207 557 2244 a
578 2189 620 2248 M.
643 2187 765 2244 AEmilio
787 2198 911 2263 praetore
928 2197 1035 2263 patres,
1058 2187 1211 2253 circum-,6

89 2278 222 2371 'epactis
249 2296 382 2352 omuibus
410 2292 522 2368 imperii
546 2293 665 2363 viribus,
694 2292 786 2350 fateri
802 2295 911 2363 coacti,
938 2294 1010 2351 nihil
1033 2294 1092 2351 iam
1116 2294 1179 2351 lon-

116 2402 232 2476 ginquis
259 2401 345 2474 sociis
366 2401 396 2456 iu
424 2417 456 2455 se
481 2398 608 2472 praesidii
630 2415 707 2467 esse,
740 2399 834 2456 redire
856 2401 984 2469 domum,
1005 2401 1120 2472 fideque
1142 2398 1179 2455 ad

115 2507 248 2585 ultimum
271 2506 395 2580 expleta,
416 2504 565 2561 consulere
587 2504 700 2560 sibimet
722 2505 802 2580 ipsos
816 2505 847 2561 in
869 2504 1011 2577 reliquum
1028 2523 1084 2578 pro
1106 2477 1187 2578 praes

115 2613 189 2670 senti
223 2610 341 2669 fortuna
376 2612 527 2667 iusserunt.
580 2611 652 2667 Haec
684 2619 839 2684 postquam
875 2611 1039 2666 renuntiata
1073 2609 1209 2684 legatiol

116 2717 254 2775 Petelinis
277 2725 334 2786 est,
361 2725 459 2772 tantus
480 2721 598 2790 repente
626 2733 729 2773 maeror
752 2734 903 2789 pavorque
925 2724 1056 2772 senatum
1081 2733 1180 2771 eorum

116 2824 203 2898 cepit,
224 2831 257 2880 ut
277 2841 346 2898 pars
367 2819 565 2896 profugiendi,
591 2837 649 2891 qua
671 2820 794 2892 quisque
815 2829 928 2895 posset,
957 2839 991 2876 ac
1017 2819 1181 2875 deserendae

116 2930 197 2987 urbis
219 2938 352 2986 auctores
375 2935 485 2994 essent,
513 2941 593 2999 pars,
619 2925 735 2997 quando
757 2925 863 2981 deserti
885 2944 903 2981 a
926 2924 1072 2980 veteribus
1095 2920 1211 2979 sociis8

117 3048 229 3105 essent,
261 3033 435 3109 adiungendi
465 3050 496 3087 se
529 3029 630 3087 ceteris
666 3029 786 3086 Bruttiis
820 3048 854 3087 ac
886 3049 939 3104 per
974 3047 1024 3086 eos
1058 3028 1181 3085 dedendi

117 3138 287 3199 Hannibali.
334 3139 414 3196 Vicit
434 3148 531 3194 tamen
555 3155 590 3192 ea
605 3154 684 3210 pars,
707 3153 771 3208 quae
785 3136 855 3192 nihil
876 3137 982 3210 raptim
1005 3153 1058 3191 nec
1074 3133 1211 3190 temeret}

118 3245 261 3319 agendum
285 3244 550 3316 consulendumque
572 3241 608 3297 dc
630 3242 744 3316 integro
767 3240 887 3298 censuit.
935 3241 1041 3297 Relata
1062 3239 1232 3313 poster010
1314 3294 1318 3305 ,

118 3351 166 3408 die
192 3369 245 3424 per
274 3350 412 3406 minorem
442 3345 663 3420 trepidationem
687 3366 733 3414 re,
763 3353 916 3402 tenuerunt
938 3345 1105 3419 optimates,
1140 3352 1181 3410 ut,

119 3455 266 3513 convectis
288 3455 421 3512 omnibus
447 3471 484 3509 ex
506 3451 594 3526 agris,
617 3452 715 3508 urbem
740 3469 774 3506 ao
794 3469 893 3507 muros
914 3452 1071 3507 firmarent.

203 3560 358 3618 Paridem
380 3558 442 3616 fere
463 3566 576 3631 tempus
600 3556 702 3613 litterae
723 3574 760 3613 ex
783 3554 881 3614 Sicilia
908 3554 1101 3627 Sardiniaque
1123 3553 1182 3610 Ro·
1235 3545 1275 3614 21

68 3641 72 3645 ¹
119 3685 198 3723 mam
228 3665 332 3722 allata.
356 3653 359 3658 ’
383 3663 500 3720 Priores
534 3681 571 3719 ex
600 3661 699 3721 Sicilia
731 3663 768 3718 T.
792 3659 909 3717 Otacilii
941 3659 1127 3734 propraetoris
1154 3659 1183 3714 in

120 3777 223 3834 senatu
253 3769 380 3826 recitatae
409 3776 490 3824 sunt:
509 3769 558 3824 -Ρ,
586 3768 706 3825 Furium
740 3773 892 3841 praetorem
927 3781 990 3820 cum
1023 3764 1115 3819 classe
1146 3763 1213 3819 ex2

120 3873 225 3933 Africa
249 3874 409 3950 Lilybaeum
438 3874 565 3941 venisse;
593 3874 688 3948 ipsum
707 3871 844 3948 ,graviter
870 3868 999 3926 saucium
1028 3869 1058 3925 in
1081 3868 1183 3925 discri-

120 3979 197 4036 mine
225 3979 326 4038 ultimo
358 3981 426 4038 vitae
454 3997 531 4047 esse3
560 3980 643 4037 militi
664 3989 705 4036 ac‘
725 3978 878 4041 navalibus
905 3976 991 4033 sociis
1019 3993 1112 4048 neque
1133 3974 1183 4031 sti·
1308 4041 1310 4045 ,
