2812 4556
737 247 841 296 xxxii·

260 431 323 492 sino
346 431 444 490 omnia
467 432 533 490 inde
548 441 730 508 portantem
753 451 828 490 corr.
853 436 948 492 Weiss.
967 433 1056 488 Drulr.
1074 429 1205 502 Casilini,
1226 429 1352 488 omnia

259 517 326 574 inde
347 515 434 591 port.)
457 518 474 574 8
496 525 554 572 tres
579 525 607 572 et
630 517 771 572 exercitus
794 516 859 589 (My.
878 519 936 573 lim.
964 515 1034 586 297)
1072 519 1101 573 ll
1137 533 1234 572 secum
1258 515 1350 572 inde

259 599 367 658 ferrent
388 601 451 672 (Μ).
474 597 781 658 reconderetur
802 617 829 654 m
845 609 942 655 aarum
964 597 1003 667 iu,
1023 608 1080 654 tum
1094 600 1201 671 lineola
1212 600 1346 654 addila.

260 683 350 741 Dralr.
373 701 468 740 secum
493 682 563 754 aui.)
610 682 733 752 XXIII,
757 684 773 738 3
798 681 837 756 (Ρ
861 680 939 738 fame
960 698 1113 754 umquam;
1136 699 1210 738 corr.
1235 673 1368 739 Gr'bn.‘

260 766 348 825 oras.
370 764 462 834 fame,
485 763 585 839 quam)
620 768 636 822 6
659 764 724 821 dein
749 764 905 839 piscatoria
937 765 1012 836 (edd.
1038 774 1104 820 vett.
1127 767 1225 837 Neque
1250 769 1346 820 emim

261 849 330 907 navi
352 867 415 906 ocem
430 847 671 921 circumvectique
693 851 826 917 conianpi
847 857 897 904 out
919 866 976 921 que
1000 858 1048 902 aar
1071 846 1112 903 ita
1128 851 1207 918 sinit
1229 865 1343 920 neque

261 935 320 990 beo
341 932 628 1002 removeripossunt.)
649 928 654 1006 i
673 941 701 986 et
722 931 797 986 idem
821 931 895 1002 (Μ).1
920 940 947 986 et
962 933 1003 986 sic
1015 930 1089 986 idem
1102 934 1195 1001 accipi
1207 931 1342 986 uolebat

267 1016 372 1087 Weiss.)
398 1017 413 1071 7
437 1031 536 1070 omnes
561 1013 678 1070 cruciati
703 1023 768 1070 sunt
796 1015 872 1087 (Iov.
894 1013 924 1079 2,
948 1017 1048 1082 Gran,
1076 1017 1126 1085 qui
1145 1015 1275 1083 affirmat
1299 1017 1341 1068 irs

261 1104 289 1155 Ρ
316 1115 376 1154 esse
403 1115 467 1152 cum
498 1096 625 1154 cruciati.
668 1099 702 1153 lit
735 1106 810 1152 certe
832 1099 861 1153 M
887 1098 993 1169 aliique
1014 1096 1188 1153 concruciati
1211 1097 1341 1153 babent.

262 1185 354 1253 Loope
376 1181 455 1236 aliud
474 1191 514 1237 est
537 1180 694 1235 cruciatum
717 1198 799 1247 neco,
822 1181 902 1235 aliud
915 1179 1058 1235 cruciatus
1078 1197 1138 1239 uec.
1152 1199 1227 1248 sum,
1243 1181 1341 1236 aliud

264 1267 400 1338 loupeque
420 1266 627 1319 vitiosissimum
648 1273 765 1329 necatus
789 1262 931 1319 cruciatus
947 1280 1019 1330 sum,
1042 1264 1072 1317 id
1094 1272 1146 1332 est,
1166 1272 1234 1334 post
1249 1281 1338 1318 mor-

263 1357 315 1403 tem
338 1349 504 1416 crudatus.)
535 1347 551 1402 9
577 1345 693 1419 (quibus
712 1364 766 1417 pro
788 1345 868 1402 cuius
894 1348 979 1402 Groo.
1002 1346 1091 1408 Droi,
1114 1345 1195 1401 cuius
1217 1346 1336 1419 gentis)

261 1430 386 1500 XXIV,
418 1431 427 1484 i
458 1436 635 1484 armatorum
653 1437 795 1502 ceperant
818 1427 882 1502 (My.
909 1431 1049 1485 Lacunam
1071 1432 1181 1484 notovit
1203 1430 1335 1486 Heusin-

261 1514 335 1585 per.)
360 1514 376 1567 2
401 1529 499 1568 eorum
524 1511 671 1582 inprouiso
694 1529 846 1585 oppressos
869 1531 883 1566 e
906 1515 978 1566 eooi.
1000 1514 1111 1568 Hertzii
1132 1511 1230 1586 (codd.
1255 1514 1333 1584 aliq.

261 1613 334 1652 rece.
356 1601 385 1651 P
407 1613 505 1650 eorum
536 1593 691 1667 inpressos.
748 1599 824 1650 Puto
852 1593 882 1649 in
904 1612 940 1650 eor
967 1613 994 1650 m
1024 1596 1230 1650 ortumssalteri
1251 1613 1335 1666 proe-

260 1681 397 1750 positioni
428 1674 578 1751 offecisse.)
617 1679 633 1732 3
658 1676 774 1751 portula
806 1695 912 1750 magns
945 1677 1020 1748 (edd.
1042 1687 1108 1733 ante
1133 1679 1239 1747 Groa.‚·
1265 1681 1333 1739 Em.

191 1775 199 1794 ·
263 1760 333 1834 297)
358 1755 362 1834 Ι
388 1769 497 1834 eoepta3
534 1768 562 1814 et
594 1759 724 1834 (Interp.)
751 1760 757 1832 )
781 1771 880 1833 aperte
906 1759 1019 1832 (Groo.)
1062 1763 1095 1816 15
1131 1758 1335 1834 (impellerent

271 1845 362 1903 Weiss.
383 1849 412 1899 P
441 1841 588 1916 pellerent.
635 1844 725 1901 Drois.
752 1842 932 1916 perlicerent)
961 1842 1070 1912 XXV,
1109 1844 1125 1898 3
1157 1843 1270 1916 Argius
1311 1848 1330 1897 5

263 1926 393 1998 (nomino
415 1945 450 1981 ee
475 1929 560 1982 Grou.
585 1929 613 1980 P
633 1925 902 1999 nomineapertium,
928 1915 1023 1982 'Drois
1044 1925 1163 1982 nomina
1184 1925 1332 2000 partium)

264 2011 280 2066 8
304 2019 457 2083 castraque
487 2008 569 2066 tectis
591 2007 733 2082 parietum
757 2007 921 2081 (strothius)
949 2008 1075 2077 XXVI,
1113 2013 1128 2064 7
1153 2008 1278 2065 accessit
1301 2018 1333 2065 et

265 2094 301 2149 ab
326 2092 489 2167 pestilentia
511 2095 614 2148 esoni.
637 2092 730 2164 (codd.
746 2093 815 2164 aliq.
832 2108 918 2156 recu,
942 2093 1004 2152 edd.
1027 2101 1096 2152 cett.
1111 2096 1139 2147 P
1153 2091 1277 2147 accessit
1300 2101 1332 2148 et

264 2175 301 2232 ed
323 2175 500 2249 pestilentie3
524 2176 614 2231 coluit
638 2175 772 2231 librarius
794 2175 831 2230 ad
852 2174 1054 2248 pestilentiam,
1089 2192 1187 2230 errore
1209 2184 1328 2231 sentem-

264 2257 331 2330 tioe.)
381 2260 413 2314 12
438 2276 525 2331 quam
547 2259 681 2316 Romana
706 2289 739 2298 —
765 2257 813 2312 diu
842 2275 866 2314 c.
882 2256 911 2314 S.
929 2277 952 2315 c.
977 2277 1005 2315 a.
1029 2276 1055 2316 a.
1090 2257 1182 2331 magis
1204 2289 1245 2298 —
1273 2259 1329 2313 od-

262 2343 380 2412 seoerat.
404 2342 472 2414 (Mp.
487 2343 546 2399 lim.
562 2340 633 2412 297)
661 2343 693 2396 14
711 2349 739 2395 et
754 2345 814 2396 sime
828 2344 907 2420 uncis
923 2341 987 2413 (Μ),
1003 2339 1092 2398 DraIs.
1109 2341 1151 2412 at)
1186 2339 1329 2409 XXVII,

268 2429 276 2480 I
305 2425 458 2496 (Lacunam
484 2433 542 2482 aot.
566 2420 726 2498 Boettcher)
765 2427 794 2478 ll
822 2421 928 2496 (primo
957 2441 1010 2495 pro
1035 2423 1130 2497 primu
1160 2422 1248 2495 oar.)
1291 2425 1328 2480 12

172 2577 176 2585 Ι
263 2515 340 2564 retro
361 2507 428 2564 inde
450 2505 581 2563 Africam
605 2507 681 2579 (los.
703 2507 732 2573 5,
755 2507 788 2562 A.
811 2509 908 2564 Periz.
931 2511 959 2562 P
979 2513 1056 2562 retro
1079 2505 1108 2561 iu
1131 2504 1210 2578 Afr.)
1240 2508 1273 2562 13
1290 2525 1330 2562 ne

264 2592 303 2647 ad
323 2590 415 2646 obsid.
440 2591 537 2660 (codd.
558 2606 630 2648 rece.
653 2593 681 2660 P
700 2607 736 2644 ne
759 2588 917 2644 obsidione.
968 2589 1017 2646 Ad
1032 2587 1211 2645 obsidionem
1231 2589 1330 2646 redire

264 2675 298 2730 de
312 2676 375 2730 solo
391 2673 532 2729 obsidenti
546 2671 731 2744 dicipotest.)
764 2671 922 2738 XXVIII,
962 2674 979 2728 6
1002 2671 1149 2744 (quaeque3
1176 2675 1235 2730 Em.
1253 2673 1329 2744 297)

266 2753 269 2833 )
283 2755 387 2812 occulti
398 2756 493 2828 (codd.
505 2753 590 2826 rece.)
607 2755 623 2810 9
636 2753 767 2829 tyrannis
781 2753 1003 2828 apparuissem*
1018 2756 1121 2810 lacuna
1131 2771 1187 2810 ooo
1201 2757 1327 2826 eupleta.

265 2840 330 2912 (My.
355 2841 412 2899 Em.
433 2837 504 2909 ibd.)
554 2837 682 2904 XXIX,
716 2836 812 2892 liam
835 2836 972 2911 imposita
994 2834 1090 2912 (codd.
1113 2855 1186 2893 rece.
1214 2843 1243 2894 P
1265 2837 1325 2894 iam

263 2921 371 2998 posite)
403 2925 493 2995 bquo
517 2919 646 2993 quisquis
662 2928 748 2988 terra,
770 2919 892 2993 quisque
913 2919 987 2976 mari
1009 2920 1073 2993 (le.
1095 2923 1129 2977 Io
1143 2922 1197 2976 illa
1219 2922 1327 2977 codicis

263 3010 291 3061 P
312 3009 453 3076 scripturo
485 3019 537 3058 nee
569 3001 699 3076 quisquis
731 3012 759 3058 et
781 3002 917 3076 quisque,
948 3006 1007 3059 siue
1034 3003 1097 3076 quis
1127 3005 1218 3072 malis,
1246 3014 1326 3060 recte

264 3090 474 3156 consumamur
504 3095 531 3141 et
558 3089 639 3142 nimis
671 3087 743 3142 dura
769 3087 827 3142 boee
855 3095 898 3142 est
919 3096 1079 3144 sss-uuum:
1109 3105 1166 3160 quo
1195 3085 1325 3160 quisquis

263 3169 383 3238 venerit,
416 3169 564 3236 ostendat,
587 3186 670 3241 qaam
684 3170 833 3237 facillimo
862 3171 996 3226 subesset.
1044 3174 1183 3226 Proximo
1212 3169 1324 3226 incolu-

233 3275 236 3280 Δ
263 3269 438 3324 mesque...
469 3251 568 3307 tradas
590 3255 631 3308 sio
652 3253 744 3308 Livias
766 3254 913 3321 adiano-it,
941 3255 1023 3324 quasi
1042 3245 1129 3323 supra
1148 3261 1215 3324 post
1237 3270 1324 3326 quam
1397 3293 1398 3310 .

265 3334 380 3391 uerbum
410 3335 562 3409 addiderit,
584 3333 662 3390 sinus
685 3335 731 3390 ael
750 3333 873 3406 iubeas.)
908 3334 1107 3392 9interficcre
1129 3334 1323 3404 (eoddmrecn
1397 3321 1398 3338 ¹

264 3420 360 3489 Neque
375 3417 572 3477 discurrunt..
593 3417 787 3476 iuterficere..
808 3416 987 3492 diripuerunt
1009 3427 1084 3473 reete
1107 3421 1323 3490 couiuopaotar,

225 3559 227 3564 ,
264 3503 317 3557 etsi
331 3491 487 3557 siccissime
504 3503 564 3569 VII,
586 3501 635 3570 23,
657 3501 677 3555 9
697 3502 846 3556 scribitur:
869 3501 962 3574 primo
974 3501 1174 3573 [aliquamdiu]
1185 3501 1324 3570 restitere,

271 3625 299 3643 ..
328 3582 428 3643 dein..
456 3601 540 3640 ruere
562 3585 759 3656 [coeperant),
781 3601 887 3655 neque:
915 3601 987 3657 quos
1008 3581 1069 3639 fors
1090 3583 1208 3651 obtulit,
1238 3583 1323 3640 inter·
1397 3629 1398 3638 .

264 3667 350 3723 ficere
373 3685 442 3739 pro:
470 3685 543 3740 quos
562 3665 583 3723 f.
606 3664 745 3739 offerret.)
798 3666 909 3734 XXX,
947 3669 978 3722 ll
1011 3666 1051 3737 (in
1078 3665 1142 3722 ullis
1170 3668 1234 3737 My,
1264 3669 1323 3725 cod.

265 3767 339 3806 uuus
360 3768 416 3806 reo.
434 3749 554 3823 Pullis)
583 3749 588 3826 )
616 3749 644 3820 (e
665 3748 739 3807 med.
766 3749 861 3806 Weiss.
882 3767 935 3819 pro
958 3766 989 3804 se
1011 3747 1099 3825 med.)
1154 3749 1282 3819 XXXI,
1307 3755 1321 3807 5

266 3830 380 3909 (transf.
394 3833 676 3906 alienigenarumque
688 3833 780 3887 Alscb.
798 3836 825 3888 P
847 3829 1136 3906 transfugarumque;
1158 3832 1247 3890 Drair.
1271 3850 1321 3890 om.

266 3917 333 3991 que)
368 3920 383 3972 7
411 3916 570 3992 Syracusas
598 3914 739 3988 potuisset
767 3917 827 3969 siue
860 3915 969 3971 lucanae
991 3925 1061 3970 uota
1084 3913 1148 3988 (Μ).
1172 3917 1231 3974 Em.
1251 3916 1321 3988 298)

267 4000 334 4057 sad
345 3999 457 4056 Nasum
471 4010 499 4054 et
516 3997 606 4072 accip.
631 3995 778 4068 (Moibd.)
797 3995 802 4072 )
822 3997 985 4052 Achradina
1007 3996 1169 4071 diripienda
1187 3994 1192 4070 Ι
1211 3996 1322 4054 fuerunt

267 4079 381 4158 (Grau.)
397 4083 414 4138 9
433 4081 584 4154 (lucanam
598 4090 657 4136 aot.
670 4089 698 4135 et
712 4081 835 4152 ruplevit
855 4081 946 4137 Weiss.
969 4081 1059 4139 orat.
1083 4089 1170 4155 captu
1180 4081 1263 4154 urbs)
1288 4085 1316 4138 ll
