2748 4556
313 221 374 278 aas
585 217 664 266 niues
681 215 769 268 xxx.
808 217 934 278 (aas.
949 216 1021 279 ssu.)

223 405 254 458 tl
270 401 407 476 imponit,
441 409 469 457 et
500 400 558 458 duo
589 399 679 457 millia
709 399 831 456 militum
862 399 901 457 ud
927 398 1120 474 capiendum,
1143 417 1222 473 quem
1242 409 1332 455 antea

272 515 413 575 tenuerat,
435 505 576 564 tumulum
591 523 679 582 super
694 505 812 565 Uticam
834 504 937 572 mittit,
963 503 1050 559 simul
1071 512 1103 559 ut
1127 505 1165 560 ab
1183 522 1232 572 eo,
1249 503 1331 576 quod

271 611 412 687 parabat,
446 609 476 666 in
507 609 625 668 alterius
650 609 692 666 rei
722 627 821 666 curam
852 617 1033 666 converteret
1059 607 1186 665 hostium
1213 607 1335 665 animos.

222 717 258 774 tt
271 715 357 774 simul
378 733 414 772 ne
436 734 504 789 qua,
526 733 614 789 quum
638 715 701 788 ipse
722 714 760 770 ad
782 713 947 788 Syphacem
970 713 1241 786 Hasdrubalemque
1258 732 1333 788 pro-

272 819 364 880 fectus
386 827 480 889 esset,
510 819 622 894 eruptio
645 839 682 876 ex
703 819 775 876 urbe
797 826 825 874 et
846 818 971 892 impetus
990 817 1021 873 in
1042 826 1144 874 cestra
1163 837 1217 875 sua
1235 819 1336 874 relicta

272 944 337 984 cum
362 926 420 984 levi
443 923 577 1001 presidio
599 925 689 982 fieret.

197 1026 219 1092 5
358 1031 413 1088 His
435 1030 606 1106 praeparatis
629 1030 832 1101 advocatoque
851 1027 970 1084 consilio
986 1036 1016 1084 et
1030 1027 1128 1085 dicere
1145 1027 1337 1102 exploratori-

275 1137 329 1193 bus
351 1135 454 1206 iussis,
477 1153 542 1210 ques
563 1141 713 1208 comperta
735 1129 892 1201 afferrent,
915 1133 1153 1207 Masinissaque,
1175 1133 1221 1189 cui
1241 1134 1336 1189 omnia

274 1241 398 1298 hostiurn
419 1249 490 1298 nota
511 1247 602 1309 erant,
623 1247 771 1313 postremo
793 1237 866 1312 ipsc,
887 1237 957 1311 quid
978 1247 1098 1312 peraret
1120 1238 1152 1293 in
1175 1239 1336 1312 proximam

242 1346 396 1416 lnoctem,
427 1344 578 1421 proponit3
610 1343 732 1400 tribunis
765 1343 859 1411 edicit,
893 1351 938 1411 ut,
974 1343 1024 1400 ubi
1058 1344 1197 1416 praetorio
1223 1344 1336 1400 dimism

242 1451 358 1527 ‘daigna
380 1449 606 1518 concinuissent,
634 1449 780 1523 extemplo
803 1449 957 1505 educerent
979 1448 1082 1504 castris
1105 1448 1246 1524 legiones.
1292 1449 1336 1504 lta

273 1568 305 1613 ut
326 1557 535 1630 imperaverat,
569 1554 653 1629 signa
683 1554 737 1611 sub
767 1571 902 1610 occasum
930 1552 1000 1608 solis
1022 1551 1119 1609 efferri
1141 1565 1211 1610 sunt
1232 1564 1339 1628 crepta:

274 1661 312 1718 ad
334 1660 458 1735 primam
480 1658 572 1716 ferme
593 1660 722 1734 vigiliam
746 1677 851 1733 agmen
873 1656 1107 1730 explicaverunt;
1141 1660 1239 1716 media
1259 1667 1336 1714 nocte

274 1765 400 1841 (septem
434 1764 510 1822 enim
541 1765 631 1822 millia
659 1764 768 1822 itineris
797 1761 892 1837 erant)
923 1762 1037 1818 modico
1068 1763 1165 1836 gradu
1187 1764 1226 1818 ad
1248 1771 1338 1820 castra
1369 1771 1370 1784 ¹

244 1874 259 1928 ·l
274 1871 401 1930 hostium
431 1879 602 1947 perventum
631 1877 682 1928 est.
738 1869 785 1926 Ibi
817 1868 916 1943 Scipio
944 1877 1057 1942 partem
1078 1868 1232 1942 copiarum
1255 1867 1337 1924 Laelio

275 1977 522 2050 Masinissamque
561 1991 596 2032 ac
631 1975 776 2032 Numidas
819 1972 964 2040 attribuit,
1000 1981 1029 2028 et
1065 1983 1165 2030 casua
1201 1973 1338 2049 Syphacis
1369 2033 1370 2038 η

245 2082 414 2140 binvadere
436 2081 577 2156 ignesque
599 2080 741 2138 coniicere
761 2081 849 2136 iubet.
897 2077 1033 2152 Singulos
1061 2077 1167 2134 deinde
1187 2079 1335 2154 separatim

277 2188 396 2246 Laelium
422 2205 457 2242 ac
480 2185 666 2242 Masinissam
690 2183 824 2240 seductos
844 2183 1023 2253 obtestatur,
1054 2193 1103 2254 ut,
1123 2193 1266 2257 quantum
1287 2201 1337 2238 nox

246 2292 466 2366 tiprovidentiae
489 2290 616 2359 adimet,
650 2298 762 2344 tantum
791 2287 941 2361 diligentia
973 2290 1111 2364 expleant
1140 2307 1285 2363 curaque;
1313 2307 1338 2343 se

278 2395 493 2452 Hasdrubalem
532 2394 702 2468 Punicaque
734 2403 832 2449 castra
863 2411 1086 2468 aggressurum
1121 2403 1250 2452 ceterum
1290 2411 1337 2448 non

277 2506 344 2555 ante
366 2509 543 2576 coepturum,
577 2518 664 2574 quam
698 2499 793 2572 ignem
827 2498 855 2554 iu
887 2499 975 2574 regiis
1003 2500 1107 2556 castris
1135 2499 1336 2574 conspexisset.

247 2605 383 2679 lNeque
414 2625 449 2662 ea
477 2621 524 2660 res
555 2611 671 2659 morata
692 2603 741 2660 diu
764 2611 823 2673 est;
858 2622 926 2660 nem
951 2614 981 2660 ut
1002 2604 1104 2678 primis
1126 2605 1205 2662 casis
1227 2605 1337 2662 iniectus

277 2709 352 2783 ignis
376 2708 472 2779 haesit,
505 2707 652 2782 extemplo
684 2709 819 2782 proxima
848 2727 969 2784 quaeque
997 2719 1025 2766 et
1047 2710 1187 2786 deinceps
1210 2711 1337 2767 continua

246 2814 428 2890 Samplexus
466 2813 534 2870 totis
566 2830 598 2868 se
629 2812 739 2888 passim
776 2813 928 2888 dissipavit
960 2814 1071 2872 castris.
1118 2815 1160 2872 Et
1190 2811 1335 2890 trepidatio

277 2919 408 2993 quidem,
441 2927 580 2992 quantam
610 2935 727 2974 necesse
754 2925 817 2976 erat
843 2918 873 2974 in
902 2928 1042 2976 nocturno
1065 2918 1160 2977 effuso
1195 2930 1256 2977 tam
1290 2920 1335 2974 lete

276 3023 418 3092 incendio,
445 3032 510 3079 orta
537 3032 596 3093 est;
628 3032 753 3080 ceterum
776 3023 941 3093 fortuitum,
967 3043 1025 3080 non
1046 3025 1183 3082 hostilem
1208 3045 1244 3083 ac
1264 3022 1334 3081 belli-

278 3147 342 3186 cum
364 3129 461 3203 ignem
483 3129 539 3186 rati
561 3145 640 3198 esse,
667 3129 728 3184 sine
751 3128 839 3184 armis
862 3127 899 3184 ed
921 3128 1158 3203 restinguendum
1182 3130 1333 3187 incendium

246 3232 363 3292 lleffusi
384 3233 413 3289 in
436 3242 565 3290 armatos
586 3233 713 3292 incidere
733 3233 842 3303 hostes,
866 3232 992 3290 maxime
1017 3235 1176 3306 Numidas,
1199 3236 1240 3292 ab
1255 3232 1334 3292 Masi·
1368 3237 1369 3300 ξ

279 3339 359 3395 nissa
388 3338 492 3395 notitia
521 3338 666 3414 regiorum
696 3349 858 3394 castrorum
890 3338 928 3394 ad
958 3338 1052 3394 exitus
1074 3339 1214 3396 itinerum
1237 3335 1333 3396 idoneis

231 3445 350 3504 ltllocis
373 3443 537 3519 dispositos.
593 3443 699 3498 Multos
724 3443 753 3500 in
773 3443 844 3517 ipsis
867 3443 1009 3500 cubilibus
1033 3444 1231 3500 semisomnos
1252 3441 1332 3500 hausit

279 3549 413 3618 flamma3
435 3548 525 3616 multi,
539 3547 678 3623 precipiti
691 3547 761 3621 fuga
773 3556 888 3604 ruentes
899 3565 987 3622 super
998 3547 1070 3604 alios
1082 3547 1143 3618 alii,
1158 3549 1190 3605 in
1206 3546 1331 3624 angustiis

202 3647 224 3712 ll
279 3660 428 3726 portarum
459 3653 558 3709 obtriti
586 3663 660 3710 sunt.
712 3651 899 3708 Relucentem
932 3653 1079 3708 flammam
1115 3653 1214 3726 primo
1245 3653 1330 3730 vigile

278 3755 577 3832 Carthaginiensium,
606 3757 709 3814 deinde
730 3756 848 3812 excitati
870 3756 919 3813 alii
942 3765 1082 3813 nocturno
1106 3759 1235 3816 tumultu
1258 3775 1328 3834 quun

277 3861 511 3936 conspexissent,
540 3863 577 3918 ab
607 3862 708 3918 eodem
742 3879 839 3918 errore
871 3861 988 3917 credere
1019 3871 1048 3916 et
1067 3861 1143 3936 ipsi,
1166 3883 1224 3921 sua
1244 3873 1330 3940 sponte

246 3964 441 4022 'lincendium
464 3974 577 4034 ortum;
599 3974 628 4022 et
649 3965 761 4023 clamor
782 3966 856 4022 inter
878 3966 985 4024 caedem
1008 3975 1036 4022 et
1057 3966 1183 4026 vulnere
1205 3971 1329 4028 sublatus.
