2700 4426
419 136 497 187 Liber
513 137 630 192 XXVII.
667 141 716 204 (A.
727 140 776 192 Oh.
791 145 863 207 209.)
1099 153 1136 209 83

114 338 216 390 orare,
248 330 280 378 ut
307 320 440 378 transitio
469 321 525 380 sibi
553 342 607 381 nec
628 323 724 383 fraudi
747 327 825 401 apud
847 347 911 386 eum
933 348 986 386 nec
1008 330 1113 389 honori
1134 333 1179 390 sit.

114 425 222 498 Quales
245 445 282 483 ex
303 428 359 483 hac
379 426 427 483 die
448 427 627 501 experiundo
650 431 797 506 cognorit,
820 431 939 506 perinde
961 453 1057 510 operae
1079 426 1179 494 eorum

113 530 235 605 pretium
267 530 385 589 faceret.
433 532 480 588 Ita
509 551 629 607 prorsus
665 536 825 610 respondet
848 536 990 597 facturum
1020 542 1180 612 Romanus,
1196 551 1231 606 15

113 653 165 692 nec
194 655 248 711 pro
275 635 434 711 transfugis
461 638 644 710 habiturum,
676 641 724 714 qui
759 659 818 698 noa
849 643 984 701 duxerint
1010 646 1178 704 societatem

111 751 225 811 ratam,
262 744 310 799 ubi
338 760 392 798 nec
421 741 511 798 divini
548 743 702 818 quicquam
725 764 779 803 aec
799 747 917 804 humani
939 760 1071 806 sanctum
1094 763 1179 811 esset.

111 848 266 905 Productae
295 847 398 904 deinde
426 846 456 902 in
484 857 669 921 conspectam
696 850 737 910 iis,
767 851 903 926 coniuges
930 853 1070 929 liberique
1094 856 1179 912 lacri-
1195 864 1230 920 16

113 953 256 1020 mantibus
279 951 385 1026 gaudio
414 950 590 1018 redduntur,
622 963 710 1027 atque
740 975 775 1012 eo
805 958 850 1014 die
877 959 906 1015 in
936 959 1092 1033 hospitium
1126 963 1178 1017 ab·

110 1058 202 1127 ducti3
226 1068 344 1132 postero
367 1056 413 1112 die
435 1055 545 1113 foedere
567 1069 687 1133 accepta
708 1060 797 1130 fides,
820 1062 987 1139 dimissique
1016 1066 1053 1121 ad
1075 1067 1176 1141 copias
1194 1073 1228 1127 17

110 1164 306 1222 adducendas.
355 1162 461 1219 lisdem
490 1161 593 1218 deinde
614 1163 716 1220 castris
739 1166 909 1239 tendebant,
942 1169 1034 1226 donec
1056 1171 1177 1228 ducibus

110 1270 145 1327 iis
168 1269 205 1326 ad
227 1269 340 1326 hostem
362 1276 532 1342 perventum
558 1275 610 1322 est.

198 1375 360 1431 Proximus
385 1369 665 1448 Carthaginiensium
697 1375 840 1432 exercitus
863 1375 1056 1433 Hasdrubalis
1084 1396 1176 1453 prope
1230 1377 1270 1447 18

109 1474 209 1530 urbem
233 1475 379 1531 Baeculam
402 1484 473 1531 erat.
519 1475 579 1530 Pro
601 1477 704 1533 castris
719 1479 846 1552 equitum
863 1480 1002 1537 stationes
1019 1483 1174 1540 habebant.

110 1579 144 1635 Ia
179 1596 229 1636 eas
261 1580 361 1636 velites
398 1580 636 1654 antesignanique
669 1591 697 1637 et
729 1584 779 1656 qui
812 1566 898 1659 primi
931 1586 1054 1660 agminis
1084 1593 1205 1659 erantl

109 1685 294 1743 advenientes
316 1705 352 1740 ex
373 1680 484 1764 itinere,
506 1685 674 1759 priusquam
697 1689 799 1745 castris
821 1689 915 1746 locum
932 1704 1077 1765 caperent,
1100 1695 1174 1751 adeo

108 1791 293 1865 contemptim
313 1791 451 1865 impetum
478 1788 616 1858 fecerunt,
638 1799 671 1846 ut
685 1789 771 1848 facile
787 1805 950 1867 appareret,
974 1797 1043 1869 quid
1062 1799 1176 1872 utrique

106 1895 183 1970 parti
202 1895 364 1952 animorum
387 1904 470 1951 esset.
518 1895 553 1950 In
575 1904 670 1950 castra
689 1896 802 1982 trepida
817 1896 887 1972 fuga
907 1899 1047 1974 compulsi
1064 1901 1204 1975 equites3

107 2010 174 2058 sunt
206 2002 347 2076 signaque
376 2002 511 2057 Romana
538 1999 630 2073 portis
661 2018 752 2076 prope
774 2001 844 2075 ipsis
866 2001 955 2063 illata.
1002 2007 1103 2079 Atque
1124 2008 1204 2067 illot

108 2106 223 2180 quidem
247 2106 312 2175 die,
338 2106 458 2162 irritatis
483 2114 593 2161 tantum
618 2105 655 2161 ad
679 2115 824 2162 certamen
847 2107 965 2177 animis,
994 2119 1090 2167 eastra
1112 2114 1173 2170 Ro-

108 2212 185 2269 mani
215 2222 391 2287 posuerunt3
422 2220 506 2267 nocte
535 2209 706 2275 Hasdrubal
733 2211 762 2266 in
785 2212 925 2269 tumulum
949 2214 1049 2288 copias
1071 2217 1204 2291 recipitb

106 2317 195 2391 plano
228 2335 331 2391 campo
360 2317 390 2374 in
420 2334 533 2373 summo
568 2324 729 2389 patentem3
764 2315 869 2372 fluvius
907 2319 945 2373 ab
972 2327 1071 2394 tergo,
1106 2335 1173 2384 ante

106 2423 241 2496 circaque
273 2424 352 2479 velut
387 2423 451 2496 ripa
486 2437 615 2496 praeceps
652 2437 734 2475 oram
774 2421 835 2478 eius
871 2439 985 2487 omnem
1027 2423 1171 2498 cingebat.

107 2526 232 2586 Suberat
244 2538 271 2582 et
284 2527 376 2583 altera
386 2525 506 2581 inferior
517 2524 672 2581 summissa
683 2522 801 2599 fastigio
812 2526 963 2600 planitiem
979 2546 1042 2584 eam
1055 2547 1171 2604 quoque
1185 2531 1202 2586 6

107 2630 199 2686 altera
237 2631 354 2704 crepido
390 2629 468 2685 haud
502 2627 627 2684 faciliori
658 2628 799 2685 adscensu
837 2632 976 2688 ambibat.
1022 2632 1059 2687 In
1095 2633 1200 2690 hunct

105 2734 270 2792 inferiorern
293 2752 426 2808 campum
450 2741 567 2809 postero
587 2732 633 2788 die
657 2732 840 2803 Hasdrubal,
869 2743 1023 2809 postquam
1047 2745 1169 2793 stantem
1233 2764 1238 2770 ·

105 2859 159 2916 pro
188 2841 291 2898 castris
324 2840 450 2896 hostium
477 2837 567 2894 aciem
590 2836 677 2906 vidit,
710 2837 820 2909 equites
841 2837 986 2894 Numidas
1005 2839 1171 2914 leviumque

106 2965 252 3003 armorum
287 2944 420 3001 Baliares
464 2952 492 2999 et
528 2941 618 2999 Afros
654 2940 778 3000 demisit.
827 2940 925 3017 Scipio
963 2942 1200 3001 circumvectus8

106 3051 220 3108 ordines
240 3050 382 3124 signaque
398 3047 571 3105 ostendebat
585 3047 707 3116 hostem,
730 3048 931 3122 praedamnata
946 3066 999 3123 spe
1014 3049 1170 3107 dimicandi

104 3174 187 3230 aquo
219 3173 323 3230 campo
352 3160 517 3228 captantem
550 3151 690 3221 tumulos,
726 3150 783 3210 loci
812 3154 934 3223 fiducia,
970 3172 1027 3210 non
1055 3155 1169 3212 virtutis
1212 3224 1218 3237 .

104 3278 311 3333 armorumque
337 3268 415 3315 stare
445 3258 475 3315 in
497 3266 669 3331 conspectu;
705 3258 756 3314 sed
778 3258 884 3315 altiora
905 3259 1012 3316 moenia
1033 3259 1169 3316 habuisse

104 3361 327 3438 Carthaginem,
352 3382 416 3436 cquae
439 3363 660 3420 transcendisset
681 3363 763 3418 miles
784 3365 950 3430 Romanum
972 3379 1024 3417 nec
1042 3360 1199 3418 tumulostl

104 3486 156 3524 nec
178 3486 283 3538 arcem,
305 3486 341 3522 ne
363 3485 443 3523 mare
468 3466 584 3540 quidem
600 3465 689 3523 armis
706 3468 852 3524 obstitisse
868 3468 936 3526 suis.
982 3466 1033 3523 Ad
1054 3465 1083 3522 id
1104 3465 1169 3523 fore

104 3573 277 3641 altitudines,
300 3591 372 3647 quas
394 3571 536 3646 cepissent
557 3571 664 3641 hostes,
687 3581 718 3627 ut
732 3589 785 3645 per
799 3570 958 3645 praecipitia
976 3580 1005 3626 et
1021 3582 1168 3646 praerupta

103 3678 238 3735 salientes
274 3677 423 3752 fugerent3
459 3695 523 3733 cam
561 3694 678 3754 quoque
709 3694 740 3732 se
772 3675 827 3730 illis
859 3674 958 3748 fugam
992 3675 1165 3732 clausurum.

104 3782 305 3857 Cohortesque
336 3783 408 3839 duas
441 3782 562 3837 alteram
596 3791 693 3838 tenere
731 3778 830 3836 fauces
865 3779 968 3849 vallis,
1004 3799 1056 3856 per
1069 3763 1218 3853 ¹quam‘tt)

102 3886 264 3944 deferretur
285 3888 395 3958 amnis,
422 3887 517 3956 iubet,
540 3886 662 3942 alteram
684 3885 762 3940 viam
785 3883 927 3954 insidere,
950 3902 1014 3958 quaa
1036 3886 1073 3940 ab
1096 3885 1167 3940 urbe

938 3986 968 4035 6*
