2674 4542
300 189 360 246 232
571 187 652 238 Liber
668 187 755 238 xxv.
792 188 878 250 (Am.
893 204 916 243 ο.
932 191 1003 252 aaa.)

223 369 350 446 espatio
373 378 471 428 castra
492 371 529 428 ab
544 371 676 429 Tarento
695 371 806 447 posuit;
828 380 857 430 et
877 391 914 429 ne
936 371 977 428 ibi
997 371 1118 446 quidem
1145 371 1260 427 'denen'
1280 400 1281 405 κ

254 493 314 552 quo
337 484 503 551 pergerent,
531 483 642 532 tantum
672 476 975 543 convocatos'milites
997 476 1128 545 monuit,
1157 461 1208 532 vi'a
1226 494 1275 532 eu»

163 649 168 662 ,
255 580 331 638 irent
362 599 415 638 nec
444 580 554 638 deverti
585 599 760 655 quemquam
794 591 845 638 aut
874 581 1014 638 excedere
1039 581 1178 638 ordinem
1211 606 1280 647 qo·

252 683 424 761 ¹paterentur
450 685 529 742 etin
555 685 656 760 primis
686 686 788 744 intenti
814 688 852 744 ad
873 686 996 760 imperia
1017 685 1196 760 accipienda
1228 710 1282 733 m

256 790 404 865 neuquid
431 791 486 847 nisi
507 790 612 848 ducum
634 791 714 848 iussu
736 790 879 866 facerent;
907 809 939 848 se
959 792 989 848 in
1011 801 1150 866 tempore
1177 791 1285 846 editura

137 961 140 970 Ι
227 895 321 970 bqua
341 895 429 952 vellet
451 894 508 970 agi.
551 895 664 952 Eadem
686 895 777 953 ferme
798 897 873 954 hora
887 898 1047 954 Tarentum
1069 895 1159 954 fama
1180 914 1290 970 mave

254 1010 309 1072 rat,
331 1001 475 1058 Numidas
499 999 610 1074 equites
632 1018 743 1075 paucos
772 1002 908 1076 populari
929 1019 1016 1076 agros
1039 1012 1245 1074 terroremque
1263 999 1291 1054 1»

226 1104 418 1180 bagrestibus
449 1104 590 1163 iniecisse.
650 1105 700 1162 Ad
729 1123 814 1178 quem
846 1107 977 1163 nuntium
1010 1107 1082 1164 nihil
1120 1106 1202 1162 ultra
1231 1123 1286 1159 mo

254 1209 407 1284 praeiactus
439 1211 603 1277 Romanus,
636 1227 722 1282 quam
756 1220 788 1268 ut
819 1221 931 1286 partam
961 1212 1091 1286 equitum
1127 1219 1246 1286 postero
1275 1205 1304 1255 ·=''

215 1347 222 1368 0
254 1313 318 1372 luce
339 1315 433 1390 prima
458 1315 570 1371 iuberet
583 1316 671 1372 exire
692 1315 730 1371 ad
753 1317 907 1373 arcendum
930 1316 1177 1392 populationibus
1199 1317 1292 1372 booten

225 1420 283 1476 7in
316 1429 412 1476 cetera
448 1421 522 1477 adeo
554 1420 624 1477 nihil
656 1421 693 1476 ab
732 1438 766 1475 eo
799 1421 910 1478 intenta
944 1440 1015 1478 cura
1047 1431 1109 1493 est,
1150 1430 1186 1478 ut
1225 1439 1270 1476 con

255 1543 308 1601 pro
331 1534 501 1600 argumento
523 1524 610 1607 fuerit
623 1524 674 1580 illa
695 1525 876 1600 procursatio
891 1526 1098 1596 Numidarum,
1125 1525 1305 1582 Hannibal

224 1627 470 1702 8exercitumque
506 1649 520 1686 e
554 1630 656 1686 castris
698 1649 757 1686 non
793 1631 929 1689 movisse.
989 1631 1148 1688 Hannibal
1185 1627 1287 1688 concub

253 1742 339 1790 nocte
361 1734 460 1790 movit.
508 1735 578 1792 Dux
605 1735 791 1794 Philemenus
819 1744 882 1792 erat
909 1753 974 1791 cnm
995 1735 1082 1792 solito
1110 1747 1211 1810 eaptae
1233 1751 1290 1790 vena

253 1839 339 1896 tionis
362 1857 462 1908 onere3
495 1840 582 1896 ceteri
604 1840 765 1914 proditores
787 1858 836 1909 ea,
869 1858 933 1912 quae
962 1836 1130 1914 composita
1161 1849 1249 1906 erant,
1267 1856 1292 1894 ex

223 1920 433 2019 aspectabant..
482 1943 667 2020 Convenerat
681 1953 786 2010 autem,
808 1952 840 2000 ut
861 1943 1047 2000 Philemenus
1071 1945 1196 2018 portula
1211 1951 1304 2001 assnea

253 2049 436 2106 venationem
458 2049 583 2106 inferens
605 2058 734 2106 armatos
758 2049 913 2117 induceret,
934 2056 1020 2123 parto
1041 2048 1101 2104 alia
1125 2059 1241 2124 portam
1259 2049 1302 2103 Te·

206 2153 241 2208 10
255 2155 393 2211 menitida
414 2155 507 2210 adiret
531 2153 694 2222 Hanniba13
717 2171 752 2210 ee
767 2153 978 2210 mediterranea
999 2153 1080 2226 regio
1103 2163 1161 2222 est,
1187 2154 1302 2211 orientem

254 2267 402 2333 spectans;
436 2260 522 2315 busta
551 2257 729 2330 aliquantum
763 2258 839 2314 int-ra
872 2257 978 2314 moenia
1003 2257 1168 2319 includunt.
1228 2259 1304 2328 Quen

154 2377 161 2388 ·
253 2373 344 2438 portae
366 2362 621 2438 appropinquaret,
644 2361 736 2418 editus
759 2381 796 2419 ex
817 2360 979 2436 composito
1000 2361 1077 2436 ignis
1100 2365 1140 2420 ab
1158 2359 1300 2421 Hannibale

253 2469 310 2538 cst,
343 2468 513 2541 refulsitque
541 2467 616 2522 idem
643 2467 786 2524 redditum
809 2468 846 2523 ab
876 2467 989 2523 Nicone
1011 2466 1143 2540 signum3
1175 2467 1300 2524 exstincte

155 2601 158 2608 Δ
253 2573 357 2628 deindo
378 2573 511 2646 utrinque
531 2572 656 2628 flammea
676 2559 751 2646 stant..
797 2571 949 2629 Hannibal
981 2571 1097 2627 silentio
1124 2567 1297 2648 ducebatal

203 2673 236 2729 ll
251 2686 376 2752 portam.
424 2678 499 2734 Nico
522 2696 558 2732 ex
580 2676 739 2750 improviso
761 2677 880 2734 adortus
902 2677 1013 2751 sopitos
1040 2676 1148 2750 vigiles
1169 2676 1199 2732 in
1221 2672 1298 2730 cubili·

251 2782 305 2836 bus
327 2781 386 2836 suis
408 2781 562 2836 obtruncat
582 2790 755 2855 portamque
779 2780 880 2854 aperit.
923 2779 1074 2836 Hannibal
1101 2799 1169 2836 cum
1192 2779 1296 2854 peditum

203 2882 238 2938 12
250 2886 365 2960 agmine
386 2885 554 2960 ingreditur,
576 2883 686 2956 equites
702 2885 858 2942 subsistere
869 2885 957 2955 iubet,
978 2895 1019 2954 ut,
1039 2903 1098 2958 quo
1114 2903 1162 2940 res
1185 2882 1297 2959 postulet,

202 2987 236 3042 13
250 3009 401 3048 occurrere
421 2990 512 3046 libero
534 3008 637 3064 campo
652 3001 781 3064 pensent.
824 2989 864 3046 Et
879 2988 1065 3044 Philemenus
1086 2988 1214 3062 portulae
1234 2995 1295 3061 parte

250 3096 323 3165 alia,
354 3085 412 3168 qna
443 3112 605 3153 commeare
639 3104 785 3165 assuerat,
820 3093 1086 3169 appropinquabat.
1144 3095 1228 3150 Nota
1253 3107 1296 3146 vor

249 3199 311 3256 eius
335 3207 364 3254 et
381 3197 524 3254 familiare
545 3198 604 3254 iam
625 3197 737 3272 signnm
762 3219 850 3273 quum
873 3196 1029 3254 excitasset
1051 3196 1189 3273 vigilem,
1211 3193 1294 3253 dicenti

200 3299 236 3354 14
249 3304 300 3360 vix
321 3304 461 3360 sustinere
481 3304 599 3377 grandis
620 3303 719 3359 bestiae
734 3320 807 3359 onus
828 3302 946 3400 portula
968 3301 1107 3376 aperitur.
1151 3303 1294 3359 Inferentce

249 3428 351 3484 aprum
386 3410 459 3465 duos
493 3407 611 3465 iuvenes
647 3417 762 3464 secutus
793 3407 856 3481 ipse
891 3424 957 3462 cum
997 3406 1135 3481 expedito
1173 3417 1292 3464 venatore

248 3495 374 3588 vigilem,
396 3511 539 3570 incautius
562 3510 702 3568 miraculo
724 3510 930 3584 magnitudinis
951 3510 981 3566 in
1004 3528 1069 3580 eos,
1098 3512 1147 3584 qui
1171 3512 1291 3572 ferebant,

199 3613 235 3668 ¹5
247 3637 373 3688 versum,
394 3616 538 3673 venabulo
559 3616 673 3676 traiicit.
716 3613 844 3690 Ingressi
859 3615 962 3700 deinde
982 3615 1102 3689 triginta
1123 3615 1188 3673 fere
1208 3609 1291 3672 armati

247 3732 358 3781 ceteros
379 3721 480 3796 vigiles
505 3720 687 3790 obtruncant,
708 3719 927 3794 refringuntque
948 3729 1062 3795 portam
1086 3719 1254 3794 proximam,
1270 3725 1289 3770 et

247 3847 352 3904 agmen
382 3829 436 3884 sub
468 3824 557 3900 signis
587 3823 740 3883 confestim
771 3824 883 3899 irrupit.
934 3826 1007 3882 Inde
1034 3843 1100 3882 oum
1134 3825 1244 3882 silentio
1269 3821 1289 3876 in

198 3925 342 3989 ltforum
371 3931 449 3987 ducti
476 3928 636 3988 Hannibali
664 3947 728 3986 sese
755 3930 974 3988 coniunxerunt.
1025 3931 1103 3988 Tum
1131 3930 1190 3986 duo
1219 3924 1287 3984 millis

247 4034 399 4092 Gallorum
430 4034 553 4104 Poenus,
582 4034 612 4090 in
641 4042 699 4090 tres
728 4033 822 4088 divisa
843 4041 957 4108 partes,
987 4053 1040 4109 per
1062 4034 1163 4090 urbem
1193 4029 1289 4090 dimittit
