<?xml version="1.0" encoding="UTF-8"?>
<!DOCTYPE html PUBLIC "-//W3C//DTD XHTML 1.0 Transitional//EN"
    "http://www.w3.org/TR/xhtml1/DTD/xhtml1-transitional.dtd">
<html xmlns="http://www.w3.org/1999/xhtml" xml:lang="en" lang="en">
 <head>
  <title>
</title>
<meta http-equiv="Content-Type" content="text/html;charset=utf-8" />
  <meta name='ocr-system' content='tesseract 3.04.00' />
  <meta name='ocr-capabilities' content='ocr_page ocr_carea ocr_par ocr_line ocrx_word'/>
</head>
<body>
  <div class='ocr_page' id='page_1' title='image "./titiliviihistor01ussigoog/titiliviihistor01ussigoog_0188.png"; bbox 0 0 2700 4426; ppageno 0'>
   <div class='ocr_carea' id='block_1_1' title="bbox 429 218 1132 305">
    <p class='ocr_par' dir='ltr' id='par_1_1' title="bbox 429 218 1132 305">
     <span class='ocr_line' id='line_1_1' title="bbox 429 218 1132 305; baseline 0.009 -34"><span class='ocrx_word' id='word_1_1' title='bbox 429 221 508 272; x_wconf 71' lang='lat' dir='ltr'>Inter</span> <span class='ocrx_word' id='word_1_2' title='bbox 524 220 625 275; x_wconf 62' lang='lat' dir='ltr'>xxm,</span> <span class='ocrx_word' id='word_1_3' title='bbox 661 218 709 282; x_wconf 79' lang='grc' dir='ltr'>(Α.</span> <span class='ocrx_word' id='word_1_4' title='bbox 722 219 770 305; x_wconf 68' lang='lat' dir='ltr'>cla</span> <span class='ocrx_word' id='word_1_5' title='bbox 783 219 855 282; x_wconf 79' lang='lat' dir='ltr'>ato.)</span> <span class='ocrx_word' id='word_1_6' title='bbox 1077 225 1132 280; x_wconf 79' lang='lat'>147</span> 
     </span>
    </p>
   </div>
   <div class='ocr_carea' id='block_1_2' title="bbox 71 403 1268 3505">
    <p class='ocr_par' dir='ltr' id='par_1_2' title="bbox 108 403 1207 690">
     <span class='ocr_line' id='line_1_2' title="bbox 110 403 1207 479; baseline -0.004 -15"><span class='ocrx_word' id='word_1_7' title='bbox 110 405 229 464; x_wconf 84' lang='lat' dir='ltr'>Gallica</span> <span class='ocrx_word' id='word_1_8' title='bbox 258 405 342 461; x_wconf 89' lang='lat' dir='ltr'>aliter</span> <span class='ocrx_word' id='word_1_9' title='bbox 373 423 460 479; x_wconf 90' lang='lat' dir='ltr'>quam</span> <span class='ocrx_word' id='word_1_10' title='bbox 491 404 634 462; x_wconf 89' lang='lat' dir='ltr'>conducta</span> <span class='ocrx_word' id='word_1_11' title='bbox 654 404 804 474; x_wconf 82' lang='lat' dir='ltr'>habuisse3</span> <span class='ocrx_word' id='word_1_12' title='bbox 828 403 953 478; x_wconf 85' lang='lat' dir='ltr'>inopem</span> <span class='ocrx_word' id='word_1_13' title='bbox 983 411 1095 460; x_wconf 87' lang='lat' dir='ltr'>tantum</span> <span class='ocrx_word' id='word_1_14' title='bbox 1122 404 1207 461; x_wconf 79' lang='lat' dir='ltr'>iterb</span> 
     </span>
     <span class='ocr_line' id='line_1_3' title="bbox 108 504 1176 586; baseline -0.004 -18"><span class='ocrx_word' id='word_1_15' title='bbox 108 512 272 586; x_wconf 87' lang='lat' dir='ltr'>ingressum</span> <span class='ocrx_word' id='word_1_16' title='bbox 294 509 346 565; x_wconf 81' lang='lat' dir='ltr'>vix</span> <span class='ocrx_word' id='word_1_17' title='bbox 366 516 583 583; x_wconf 81' lang='lat' dir='ltr'>penetraturum</span> <span class='ocrx_word' id='word_1_18' title='bbox 607 508 645 564; x_wconf 91' lang='lat' dir='ltr'>ad</span> <span class='ocrx_word' id='word_1_19' title='bbox 670 504 881 582; x_wconf 82' lang='lat' dir='ltr'>Alpesfuisse.</span> <span class='ocrx_word' id='word_1_20' title='bbox 930 507 1065 565; x_wconf 88' lang='lat' dir='ltr'>Pecuniis</span> <span class='ocrx_word' id='word_1_21' title='bbox 1087 507 1176 582; x_wconf 88' lang='lat' dir='ltr'>igitur</span> 
     </span>
     <span class='ocr_line' id='line_1_4' title="bbox 108 611 759 690; baseline -0.003 -18"><span class='ocrx_word' id='word_1_22' title='bbox 108 615 216 690; x_wconf 88' lang='lat' dir='ltr'>raptim</span> <span class='ocrx_word' id='word_1_23' title='bbox 238 612 358 682; x_wconf 87' lang='lat' dir='ltr'>exactis,</span> <span class='ocrx_word' id='word_1_24' title='bbox 380 613 418 668; x_wconf 92' lang='lat' dir='ltr'>ad</span> <span class='ocrx_word' id='word_1_25' title='bbox 437 613 581 670; x_wconf 86' lang='lat' dir='ltr'>Hiberum</span> <span class='ocrx_word' id='word_1_26' title='bbox 604 611 759 670; x_wconf 88' lang='lat' dir='ltr'>descendit.</span> 
     </span>
    </p>

    <p class='ocr_par' dir='ltr' id='par_1_3' title="bbox 71 701 1268 3505">
     <span class='ocr_line' id='line_1_5' title="bbox 107 701 1218 791; baseline 0.001 -15"><span class='ocrx_word' id='word_1_27' title='bbox 107 711 115 717; x_wconf 61' lang='grc'><strong>’</strong></span> <span class='ocrx_word' id='word_1_28' title='bbox 194 701 321 776; x_wconf 76' lang='lat' dir='ltr'>Decreta</span> <span class='ocrx_word' id='word_1_29' title='bbox 360 714 642 791; x_wconf 79' lang='lat' dir='ltr'>Carthaginiensium</span> <span class='ocrx_word' id='word_1_30' title='bbox 682 726 711 772; x_wconf 89' lang='lat' dir='ltr'>et</span> <span class='ocrx_word' id='word_1_31' title='bbox 741 714 935 772; x_wconf 84' lang='lat' dir='ltr'>Hasdrubalis</span> <span class='ocrx_word' id='word_1_32' title='bbox 967 716 1022 772; x_wconf 92' lang='lat' dir='ltr'>iter</span> <span class='ocrx_word' id='word_1_33' title='bbox 1055 717 1106 774; x_wconf 90' lang='lat' dir='ltr'>ubi</span> <span class='ocrx_word' id='word_1_34' title='bbox 1138 716 1176 773; x_wconf 93' lang='lat' dir='ltr'>ad</span> <span class='ocrx_word' id='word_1_35' title='bbox 1190 721 1218 778; x_wconf 85' lang='lat'>7.</span> 
     </span>
     <span class='ocr_line' id='line_1_6' title="bbox 115 819 1175 907; baseline -0.002 -28"><span class='ocrx_word' id='word_1_36' title='bbox 115 825 266 880; x_wconf 87' lang='lat' dir='ltr'>Romanos</span> <span class='ocrx_word' id='word_1_37' title='bbox 293 829 359 878; x_wconf 90' lang='lat' dir='ltr'>sunt</span> <span class='ocrx_word' id='word_1_38' title='bbox 381 820 508 895; x_wconf 86' lang='lat' dir='ltr'>perlata,</span> <span class='ocrx_word' id='word_1_39' title='bbox 536 822 668 878; x_wconf 90' lang='lat' dir='ltr'>omnibus</span> <span class='ocrx_word' id='word_1_40' title='bbox 697 819 812 907; x_wconf 84' lang='lat' dir='ltr'>omissis</span> <span class='ocrx_word' id='word_1_41' title='bbox 841 821 937 890; x_wconf 89' lang='lat' dir='ltr'>rebus,</span> <span class='ocrx_word' id='word_1_42' title='bbox 960 821 1058 876; x_wconf 83' lang='lat' dir='ltr'>ambo</span> <span class='ocrx_word' id='word_1_43' title='bbox 1088 821 1175 878; x_wconf 90' lang='lat' dir='ltr'>duces</span> 
     </span>
     <span class='ocr_line' id='line_1_7' title="bbox 111 925 1206 1002; baseline 0 -18"><span class='ocrx_word' id='word_1_44' title='bbox 111 928 217 984; x_wconf 87' lang='lat' dir='ltr'>iunctis</span> <span class='ocrx_word' id='word_1_45' title='bbox 238 927 329 1002; x_wconf 87' lang='lat' dir='ltr'>copiis</span> <span class='ocrx_word' id='word_1_46' title='bbox 354 926 396 982; x_wconf 88' lang='lat' dir='ltr'>ire</span> <span class='ocrx_word' id='word_1_47' title='bbox 423 925 541 993; x_wconf 87' lang='lat' dir='ltr'>obviam</span> <span class='ocrx_word' id='word_1_48' title='bbox 571 927 671 1000; x_wconf 86' lang='lat' dir='ltr'>coeptis</span> <span class='ocrx_word' id='word_1_49' title='bbox 701 930 790 999; x_wconf 88' lang='lat' dir='ltr'>atque</span> <span class='ocrx_word' id='word_1_50' title='bbox 811 925 951 981; x_wconf 89' lang='lat' dir='ltr'>obsistere</span> <span class='ocrx_word' id='word_1_51' title='bbox 972 935 1086 999; x_wconf 88' lang='lat' dir='ltr'>parant,</span> <span class='ocrx_word' id='word_1_52' title='bbox 1109 926 1206 994; x_wconf 87' lang='lat' dir='ltr'>rati,8</span> 
     </span>
     <span class='ocr_line' id='line_1_8' title="bbox 109 1027 1177 1105; baseline 0 -17"><span class='ocrx_word' id='word_1_53' title='bbox 109 1032 135 1088; x_wconf 87' lang='lat' dir='ltr'>si</span> <span class='ocrx_word' id='word_1_54' title='bbox 157 1031 326 1100; x_wconf 80' lang='lat' dir='ltr'>Hannibali,</span> <span class='ocrx_word' id='word_1_55' title='bbox 346 1031 398 1087; x_wconf 86' lang='lat' dir='ltr'>vix</span> <span class='ocrx_word' id='word_1_56' title='bbox 419 1049 471 1105; x_wconf 89' lang='lat' dir='ltr'>per</span> <span class='ocrx_word' id='word_1_57' title='bbox 492 1049 524 1087; x_wconf 90' lang='lat' dir='ltr'>se</span> <span class='ocrx_word' id='word_1_58' title='bbox 544 1029 601 1104; x_wconf 90' lang='lat' dir='ltr'>ipsi</span> <span class='ocrx_word' id='word_1_59' title='bbox 621 1027 773 1085; x_wconf 91' lang='lat' dir='ltr'>tolerando</span> <span class='ocrx_word' id='word_1_60' title='bbox 788 1028 882 1086; x_wconf 85' lang='lat' dir='ltr'>Italiae</span> <span class='ocrx_word' id='word_1_61' title='bbox 899 1028 986 1099; x_wconf 88' lang='lat' dir='ltr'>hosti,</span> <span class='ocrx_word' id='word_1_62' title='bbox 1007 1029 1177 1088; x_wconf 84' lang='lat' dir='ltr'>Hasdrubal</span> 
     </span>
     <span class='ocr_line' id='line_1_9' title="bbox 110 1132 1175 1210; baseline 0 -18"><span class='ocrx_word' id='word_1_63' title='bbox 110 1136 174 1193; x_wconf 89' lang='lat' dir='ltr'>dux</span> <span class='ocrx_word' id='word_1_64' title='bbox 202 1143 290 1210; x_wconf 88' lang='lat' dir='ltr'>atque</span> <span class='ocrx_word' id='word_1_65' title='bbox 318 1135 521 1210; x_wconf 86' lang='lat' dir='ltr'>Hispaniensis</span> <span class='ocrx_word' id='word_1_66' title='bbox 552 1135 695 1192; x_wconf 85' lang='lat' dir='ltr'>exercitus</span> <span class='ocrx_word' id='word_1_67' title='bbox 722 1141 797 1190; x_wconf 89' lang='lat' dir='ltr'>esset</span> <span class='ocrx_word' id='word_1_68' title='bbox 823 1135 952 1203; x_wconf 90' lang='lat' dir='ltr'>iunctus,</span> <span class='ocrx_word' id='word_1_69' title='bbox 976 1132 1057 1190; x_wconf 92' lang='lat' dir='ltr'>illum</span> <span class='ocrx_word' id='word_1_70' title='bbox 1072 1141 1074 1148; x_wconf 84' lang='lat'>&#39;</span> <span class='ocrx_word' id='word_1_71' title='bbox 1088 1134 1175 1192; x_wconf 90' lang='lat' dir='ltr'>finem</span> 
     </span>
     <span class='ocr_line' id='line_1_10' title="bbox 108 1225 1204 1315; baseline -0.001 -17"><span class='ocrx_word' id='word_1_72' title='bbox 108 1241 238 1299; x_wconf 82' lang='lat' dir='ltr'>Romani</span> <span class='ocrx_word' id='word_1_73' title='bbox 257 1240 371 1315; x_wconf 87' lang='lat' dir='ltr'>imperii</span> <span class='ocrx_word' id='word_1_74' title='bbox 392 1239 465 1296; x_wconf 84' lang='lat' dir='ltr'>fore.</span> <span class='ocrx_word' id='word_1_75' title='bbox 509 1239 566 1296; x_wconf 89' lang='lat' dir='ltr'>His</span> <span class='ocrx_word' id='word_1_76' title='bbox 588 1238 667 1295; x_wconf 81' lang='lat' dir='ltr'>anxii</span> <span class='ocrx_word' id='word_1_77' title='bbox 688 1238 763 1294; x_wconf 87' lang='lat' dir='ltr'>curis</span> <span class='ocrx_word' id='word_1_78' title='bbox 786 1239 823 1296; x_wconf 86' lang='lat' dir='ltr'>ad</span> <span class='ocrx_word' id='word_1_79' title='bbox 837 1238 978 1295; x_wconf 89' lang='lat' dir='ltr'>Hiberum</span> <span class='ocrx_word' id='word_1_80' title='bbox 1002 1225 1204 1302; x_wconf 74' lang='lat' dir='ltr'>contrahuntt)</span> 
     </span>
     <span class='ocr_line' id='line_1_11' title="bbox 110 1342 1175 1418; baseline 0.002 -18"><span class='ocrx_word' id='word_1_81' title='bbox 110 1344 227 1418; x_wconf 88' lang='lat' dir='ltr'>copias,</span> <span class='ocrx_word' id='word_1_82' title='bbox 249 1352 278 1400; x_wconf 94' lang='lat' dir='ltr'>et</span> <span class='ocrx_word' id='word_1_83' title='bbox 298 1344 420 1400; x_wconf 88' lang='lat' dir='ltr'>transito</span> <span class='ocrx_word' id='word_1_84' title='bbox 435 1362 529 1414; x_wconf 87' lang='lat' dir='ltr'>amne,</span> <span class='ocrx_word' id='word_1_85' title='bbox 551 1362 640 1417; x_wconf 90' lang='lat' dir='ltr'>quum</span> <span class='ocrx_word' id='word_1_86' title='bbox 656 1343 705 1398; x_wconf 90' lang='lat' dir='ltr'>diu</span> <span class='ocrx_word' id='word_1_87' title='bbox 720 1342 939 1412; x_wconf 78' lang='lat' dir='ltr'>consultassent,</span> <span class='ocrx_word' id='word_1_88' title='bbox 962 1350 1057 1398; x_wconf 91' lang='lat' dir='ltr'>utrum</span> <span class='ocrx_word' id='word_1_89' title='bbox 1078 1355 1175 1402; x_wconf 88' lang='lat' dir='ltr'>castra</span> 
     </span>
     <span class='ocr_line' id='line_1_12' title="bbox 110 1443 1174 1522; baseline 0.002 -17"><span class='ocrx_word' id='word_1_90' title='bbox 110 1447 215 1505; x_wconf 86' lang='lat' dir='ltr'>castris</span> <span class='ocrx_word' id='word_1_91' title='bbox 243 1445 407 1504; x_wconf 87' lang='lat' dir='ltr'>conferrent</span> <span class='ocrx_word' id='word_1_92' title='bbox 437 1468 474 1505; x_wconf 91' lang='lat' dir='ltr'>an</span> <span class='ocrx_word' id='word_1_93' title='bbox 506 1447 577 1504; x_wconf 88' lang='lat' dir='ltr'>satis</span> <span class='ocrx_word' id='word_1_94' title='bbox 608 1447 749 1505; x_wconf 86' lang='lat' dir='ltr'>haberent</span> <span class='ocrx_word' id='word_1_95' title='bbox 779 1446 865 1504; x_wconf 89' lang='lat' dir='ltr'>sociis</span> <span class='ocrx_word' id='word_1_96' title='bbox 893 1443 1174 1522; x_wconf 84' lang='lat' dir='ltr'>Carthaginiensium</span> 
     </span>
     <span class='ocr_line' id='line_1_13' title="bbox 112 1550 1225 1626; baseline 0.004 -18"><span class='ocrx_word' id='word_1_97' title='bbox 112 1551 315 1626; x_wconf 85' lang='lat' dir='ltr'>oppugnandis</span> <span class='ocrx_word' id='word_1_98' title='bbox 342 1553 452 1609; x_wconf 91' lang='lat' dir='ltr'>morari</span> <span class='ocrx_word' id='word_1_99' title='bbox 478 1554 515 1609; x_wconf 88' lang='lat' dir='ltr'>ab</span> <span class='ocrx_word' id='word_1_100' title='bbox 547 1552 649 1618; x_wconf 86' lang='lat' dir='ltr'>itinere</span> <span class='ocrx_word' id='word_1_101' title='bbox 678 1550 829 1626; x_wconf 88' lang='lat' dir='ltr'>proposito</span> <span class='ocrx_word' id='word_1_102' title='bbox 859 1550 988 1620; x_wconf 88' lang='lat' dir='ltr'>hostem,</span> <span class='ocrx_word' id='word_1_103' title='bbox 1024 1555 1124 1611; x_wconf 90' lang='lat' dir='ltr'>urbem</span> <span class='ocrx_word' id='word_1_104' title='bbox 1156 1562 1225 1617; x_wconf 85' lang='lat' dir='ltr'>ato</span> 
     </span>
     <span class='ocr_line' id='line_1_14' title="bbox 110 1654 1175 1731; baseline 0.003 -18"><span class='ocrx_word' id='word_1_105' title='bbox 110 1656 280 1731; x_wconf 81' lang='lat' dir='ltr'>propinquo</span> <span class='ocrx_word' id='word_1_106' title='bbox 307 1656 425 1712; x_wconf 86' lang='lat' dir='ltr'>flumine</span> <span class='ocrx_word' id='word_1_107' title='bbox 458 1658 601 1715; x_wconf 90' lang='lat' dir='ltr'>Hiberam</span> <span class='ocrx_word' id='word_1_108' title='bbox 636 1656 829 1731; x_wconf 80' lang='lat' dir='ltr'>appellatam,</span> <span class='ocrx_word' id='word_1_109' title='bbox 862 1654 1108 1729; x_wconf 89' lang='lat' dir='ltr'>opulentissimam</span> <span class='ocrx_word' id='word_1_110' title='bbox 1140 1679 1175 1716; x_wconf 91' lang='lat' dir='ltr'>ea</span> 
     </span>
     <span class='ocr_line' id='line_1_15' title="bbox 112 1759 1223 1836; baseline 0.004 -18"><span class='ocrx_word' id='word_1_111' title='bbox 112 1765 284 1835; x_wconf 83' lang='lat' dir='ltr'>tempestate</span> <span class='ocrx_word' id='word_1_112' title='bbox 305 1761 432 1836; x_wconf 81' lang='lat' dir='ltr'>regionis</span> <span class='ocrx_word' id='word_1_113' title='bbox 454 1762 525 1832; x_wconf 87' lang='lat' dir='ltr'>eius,</span> <span class='ocrx_word' id='word_1_114' title='bbox 546 1779 717 1835; x_wconf 88' lang='lat' dir='ltr'>oppugnare</span> <span class='ocrx_word' id='word_1_115' title='bbox 745 1767 860 1834; x_wconf 87' lang='lat' dir='ltr'>parant.</span> <span class='ocrx_word' id='word_1_116' title='bbox 908 1759 994 1832; x_wconf 80' lang='lat' dir='ltr'>Quod</span> <span class='ocrx_word' id='word_1_117' title='bbox 1016 1763 1066 1819; x_wconf 91' lang='lat' dir='ltr'>ubi</span> <span class='ocrx_word' id='word_1_118' title='bbox 1087 1766 1176 1822; x_wconf 90' lang='lat' dir='ltr'>sensit</span> <span class='ocrx_word' id='word_1_119' title='bbox 1191 1775 1223 1828; x_wconf 79' lang='grc' dir='ltr'>ιι</span> 
     </span>
     <span class='ocr_line' id='line_1_16' title="bbox 71 1858 1181 1940; baseline 0.004 -18"><span class='ocrx_word' id='word_1_120' title='bbox 71 1858 73 1864; x_wconf 60' lang='grc'>’</span> <span class='ocrx_word' id='word_1_121' title='bbox 111 1864 291 1937; x_wconf 87' lang='lat' dir='ltr'>Hasdrubal,</span> <span class='ocrx_word' id='word_1_122' title='bbox 312 1883 366 1940; x_wconf 90' lang='lat' dir='ltr'>pro</span> <span class='ocrx_word' id='word_1_123' title='bbox 390 1883 446 1939; x_wconf 89' lang='lat' dir='ltr'>ope</span> <span class='ocrx_word' id='word_1_124' title='bbox 467 1864 588 1922; x_wconf 86' lang='lat' dir='ltr'>ferenda</span> <span class='ocrx_word' id='word_1_125' title='bbox 613 1865 699 1922; x_wconf 86' lang='lat' dir='ltr'>sociis</span> <span class='ocrx_word' id='word_1_126' title='bbox 728 1864 823 1939; x_wconf 79' lang='lat' dir='ltr'>per&#39;git</span> <span class='ocrx_word' id='word_1_127' title='bbox 847 1863 890 1919; x_wconf 90' lang='lat' dir='ltr'>ire</span> <span class='ocrx_word' id='word_1_128' title='bbox 917 1864 980 1938; x_wconf 90' lang='lat' dir='ltr'>ipse</span> <span class='ocrx_word' id='word_1_129' title='bbox 1008 1867 1046 1922; x_wconf 88' lang='lat' dir='ltr'>ad</span> <span class='ocrx_word' id='word_1_130' title='bbox 1075 1870 1181 1926; x_wconf 66' lang='lat' dir='ltr'>urbem*</span> 
     </span>
     <span class='ocr_line' id='line_1_17' title="bbox 110 1968 1228 2044; baseline 0.002 -18"><span class='ocrx_word' id='word_1_131' title='bbox 110 1969 239 2026; x_wconf 86' lang='lat' dir='ltr'>deditam</span> <span class='ocrx_word' id='word_1_132' title='bbox 261 1987 353 2042; x_wconf 92' lang='lat' dir='ltr'>nuper</span> <span class='ocrx_word' id='word_1_133' title='bbox 379 1969 409 2025; x_wconf 93' lang='lat' dir='ltr'>in</span> <span class='ocrx_word' id='word_1_134' title='bbox 430 1969 516 2026; x_wconf 90' lang='lat' dir='ltr'>fidem</span> <span class='ocrx_word' id='word_1_135' title='bbox 538 1971 737 2027; x_wconf 87' lang='lat' dir='ltr'>Romanorum</span> <span class='ocrx_word' id='word_1_136' title='bbox 767 1968 1001 2044; x_wconf 88' lang='lat' dir='ltr'>oppugnandam.</span> <span class='ocrx_word' id='word_1_137' title='bbox 1049 1973 1096 2027; x_wconf 89' lang='lat' dir='ltr'>Ita</span> <span class='ocrx_word' id='word_1_138' title='bbox 1117 1973 1176 2028; x_wconf 88' lang='lat' dir='ltr'>iam</span> <span class='ocrx_word' id='word_1_139' title='bbox 1194 1983 1228 2038; x_wconf 83' lang='lat'>12</span> 
     </span>
     <span class='ocr_line' id='line_1_18' title="bbox 111 2071 1175 2154; baseline 0 -21"><span class='ocrx_word' id='word_1_140' title='bbox 111 2082 209 2150; x_wconf 85' lang='lat' dir='ltr'>coepta</span> <span class='ocrx_word' id='word_1_141' title='bbox 237 2072 350 2130; x_wconf 88' lang='lat' dir='ltr'>obsidio</span> <span class='ocrx_word' id='word_1_142' title='bbox 376 2071 485 2128; x_wconf 87' lang='lat' dir='ltr'>omissa</span> <span class='ocrx_word' id='word_1_143' title='bbox 514 2075 551 2130; x_wconf 91' lang='lat' dir='ltr'>ab</span> <span class='ocrx_word' id='word_1_144' title='bbox 573 2074 715 2131; x_wconf 90' lang='lat' dir='ltr'>Romanis</span> <span class='ocrx_word' id='word_1_145' title='bbox 745 2082 789 2129; x_wconf 86' lang='lat' dir='ltr'>est</span> <span class='ocrx_word' id='word_1_146' title='bbox 819 2082 848 2129; x_wconf 91' lang='lat' dir='ltr'>et</span> <span class='ocrx_word' id='word_1_147' title='bbox 874 2073 905 2154; x_wconf 84' lang='lat' dir='ltr'>in</span> <span class='ocrx_word' id='word_1_148' title='bbox 925 2072 1020 2147; x_wconf 89' lang='lat' dir='ltr'>ipsum</span> <span class='ocrx_word' id='word_1_149' title='bbox 1044 2075 1175 2133; x_wconf 86' lang='lat' dir='ltr'>Hasdru-</span> 
     </span>
     <span class='ocr_line' id='line_1_19' title="bbox 110 2176 1268 2257; baseline 0.003 -21"><span class='ocrx_word' id='word_1_150' title='bbox 110 2179 207 2239; x_wconf 88' lang='lat' dir='ltr'>balem</span> <span class='ocrx_word' id='word_1_151' title='bbox 231 2195 355 2236; x_wconf 71' lang='lat' dir='ltr'>vversum</span> <span class='ocrx_word' id='word_1_152' title='bbox 395 2176 511 2233; x_wconf 90' lang='lat' dir='ltr'>bellum.</span> <span class='ocrx_word' id='word_1_153' title='bbox 572 2178 707 2253; x_wconf 84' lang='lat' dir='ltr'>Quinque</span> <span class='ocrx_word' id='word_1_154' title='bbox 740 2178 859 2235; x_wconf 91' lang='lat' dir='ltr'>millium</span> <span class='ocrx_word' id='word_1_155' title='bbox 893 2178 1046 2238; x_wconf 87' lang='lat' dir='ltr'>intervallo</span> <span class='ocrx_word' id='word_1_156' title='bbox 1080 2191 1177 2239; x_wconf 86' lang='lat' dir='ltr'>castra</span> <span class='ocrx_word' id='word_1_157' title='bbox 1223 2188 1268 2257; x_wconf 77' lang='lat'>29</span> 
     </span>
     <span class='ocr_line' id='line_1_20' title="bbox 112 2283 1252 2367; baseline 0.001 -25"><span class='ocrx_word' id='word_1_158' title='bbox 112 2284 250 2342; x_wconf 86' lang='lat' dir='ltr'>distantia</span> <span class='ocrx_word' id='word_1_159' title='bbox 268 2283 397 2338; x_wconf 89' lang='lat' dir='ltr'>habuere</span> <span class='ocrx_word' id='word_1_160' title='bbox 419 2299 529 2355; x_wconf 85' lang='lat' dir='ltr'>paucos</span> <span class='ocrx_word' id='word_1_161' title='bbox 551 2283 627 2355; x_wconf 90' lang='lat' dir='ltr'>dies,</span> <span class='ocrx_word' id='word_1_162' title='bbox 650 2302 703 2341; x_wconf 89' lang='lat' dir='ltr'>nec</span> <span class='ocrx_word' id='word_1_163' title='bbox 725 2284 786 2340; x_wconf 90' lang='lat' dir='ltr'>siue</span> <span class='ocrx_word' id='word_1_164' title='bbox 806 2284 1048 2357; x_wconf 63' lang='lat' dir='ltr'>levibusproeliis</span> <span class='ocrx_word' id='word_1_165' title='bbox 1073 2303 1126 2343; x_wconf 90' lang='lat' dir='ltr'>nec</span> <span class='ocrx_word' id='word_1_166' title='bbox 1147 2297 1178 2343; x_wconf 91' lang='lat' dir='ltr'>ut</span> <span class='ocrx_word' id='word_1_167' title='bbox 1249 2360 1252 2367; x_wconf 27' lang='grc' dir='ltr'>Ι</span> 
     </span>
     <span class='ocr_line' id='line_1_21' title="bbox 109 2385 1205 2467; baseline 0.001 -20"><span class='ocrx_word' id='word_1_168' title='bbox 109 2391 139 2447; x_wconf 91' lang='lat' dir='ltr'>in</span> <span class='ocrx_word' id='word_1_169' title='bbox 163 2389 257 2447; x_wconf 88' lang='lat' dir='ltr'>aciem</span> <span class='ocrx_word' id='word_1_170' title='bbox 279 2387 403 2453; x_wconf 83' lang='lat' dir='ltr'>exirent3</span> <span class='ocrx_word' id='word_1_171' title='bbox 422 2385 539 2442; x_wconf 90' lang='lat' dir='ltr'>tandem</span> <span class='ocrx_word' id='word_1_172' title='bbox 562 2406 620 2446; x_wconf 90' lang='lat' dir='ltr'>uno</span> <span class='ocrx_word' id='word_1_173' title='bbox 644 2390 804 2462; x_wconf 90' lang='lat' dir='ltr'>eodemque</span> <span class='ocrx_word' id='word_1_174' title='bbox 825 2387 871 2444; x_wconf 93' lang='lat' dir='ltr'>die</span> <span class='ocrx_word' id='word_1_175' title='bbox 898 2387 978 2445; x_wconf 91' lang='lat' dir='ltr'>velut</span> <span class='ocrx_word' id='word_1_176' title='bbox 1000 2407 1038 2445; x_wconf 87' lang='lat' dir='ltr'>ex</span> <span class='ocrx_word' id='word_1_177' title='bbox 1059 2402 1205 2467; x_wconf 85' lang='lat' dir='ltr'>compo-2</span> 
     </span>
     <span class='ocr_line' id='line_1_22' title="bbox 109 2489 1177 2569; baseline 0.003 -19"><span class='ocrx_word' id='word_1_178' title='bbox 109 2493 168 2551; x_wconf 90' lang='lat' dir='ltr'>sito</span> <span class='ocrx_word' id='word_1_179' title='bbox 193 2494 327 2568; x_wconf 85' lang='lat' dir='ltr'>utrinque</span> <span class='ocrx_word' id='word_1_180' title='bbox 348 2489 463 2564; x_wconf 88' lang='lat' dir='ltr'>signum</span> <span class='ocrx_word' id='word_1_181' title='bbox 484 2509 589 2565; x_wconf 75' lang='lat' dir='ltr'>pugnae</span> <span class='ocrx_word' id='word_1_182' title='bbox 612 2493 793 2569; x_wconf 86' lang='lat' dir='ltr'>propositum</span> <span class='ocrx_word' id='word_1_183' title='bbox 823 2489 895 2569; x_wconf 89' lang='lat' dir='ltr'>[est]</span> <span class='ocrx_word' id='word_1_184' title='bbox 928 2502 1016 2568; x_wconf 91' lang='lat' dir='ltr'>atque</span> <span class='ocrx_word' id='word_1_185' title='bbox 1045 2498 1177 2553; x_wconf 92' lang='lat' dir='ltr'>omnibus</span> 
     </span>
     <span class='ocr_line' id='line_1_23' title="bbox 110 2595 1206 2673; baseline 0.004 -18"><span class='ocrx_word' id='word_1_186' title='bbox 110 2597 203 2672; x_wconf 90' lang='lat' dir='ltr'>copiis</span> <span class='ocrx_word' id='word_1_187' title='bbox 233 2597 265 2653; x_wconf 93' lang='lat' dir='ltr'>in</span> <span class='ocrx_word' id='word_1_188' title='bbox 295 2613 429 2668; x_wconf 89' lang='lat' dir='ltr'>campum</span> <span class='ocrx_word' id='word_1_189' title='bbox 462 2595 631 2654; x_wconf 88' lang='lat' dir='ltr'>descensum</span> <span class='ocrx_word' id='word_1_190' title='bbox 666 2608 718 2656; x_wconf 92' lang='lat' dir='ltr'>est.</span> <span class='ocrx_word' id='word_1_191' title='bbox 776 2597 897 2673; x_wconf 86' lang='lat' dir='ltr'>Triplex</span> <span class='ocrx_word' id='word_1_192' title='bbox 931 2601 1011 2657; x_wconf 89' lang='lat' dir='ltr'>stetit</span> <span class='ocrx_word' id='word_1_193' title='bbox 1042 2603 1206 2669; x_wconf 85' lang='lat' dir='ltr'>Romana3</span> 
     </span>
     <span class='ocr_line' id='line_1_24' title="bbox 112 2699 1178 2779; baseline 0.001 -19"><span class='ocrx_word' id='word_1_194' title='bbox 112 2702 209 2772; x_wconf 72' lang='lat' dir='ltr'>acies,</span> <span class='ocrx_word' id='word_1_195' title='bbox 230 2701 348 2758; x_wconf 85' lang='lat' dir='ltr'>velitum</span> <span class='ocrx_word' id='word_1_196' title='bbox 370 2717 439 2773; x_wconf 85' lang='lat' dir='ltr'>pars</span> <span class='ocrx_word' id='word_1_197' title='bbox 462 2699 538 2757; x_wconf 90' lang='lat' dir='ltr'>inter</span> <span class='ocrx_word' id='word_1_198' title='bbox 559 2703 766 2778; x_wconf 84' lang='lat' dir='ltr'>antesignanos</span> <span class='ocrx_word' id='word_1_199' title='bbox 787 2703 894 2772; x_wconf 89' lang='lat' dir='ltr'>locata,</span> <span class='ocrx_word' id='word_1_200' title='bbox 914 2720 984 2776; x_wconf 90' lang='lat' dir='ltr'>pars</span> <span class='ocrx_word' id='word_1_201' title='bbox 1006 2714 1073 2778; x_wconf 91' lang='lat' dir='ltr'>post</span> <span class='ocrx_word' id='word_1_202' title='bbox 1094 2705 1178 2779; x_wconf 89' lang='lat' dir='ltr'>signa</span> 
     </span>
     <span class='ocr_line' id='line_1_25' title="bbox 107 2805 1207 2880; baseline 0.001 -16"><span class='ocrx_word' id='word_1_203' title='bbox 107 2814 240 2880; x_wconf 83' lang='lat' dir='ltr'>recepta3</span> <span class='ocrx_word' id='word_1_204' title='bbox 273 2805 383 2878; x_wconf 90' lang='lat' dir='ltr'>equites</span> <span class='ocrx_word' id='word_1_205' title='bbox 414 2822 524 2860; x_wconf 87' lang='lat' dir='ltr'>cornua</span> <span class='ocrx_word' id='word_1_206' title='bbox 553 2807 678 2866; x_wconf 87' lang='lat' dir='ltr'>cinxere.</span> <span class='ocrx_word' id='word_1_207' title='bbox 735 2807 906 2864; x_wconf 89' lang='lat' dir='ltr'>Hasdrubal</span> <span class='ocrx_word' id='word_1_208' title='bbox 928 2807 1053 2864; x_wconf 90' lang='lat' dir='ltr'>mediam</span> <span class='ocrx_word' id='word_1_209' title='bbox 1085 2808 1207 2871; x_wconf 67' lang='lat' dir='ltr'>aciemn</span> 
     </span>
     <span class='ocr_line' id='line_1_26' title="bbox 107 2901 1176 2986; baseline 0 -17"><span class='ocrx_word' id='word_1_210' title='bbox 107 2911 249 2986; x_wconf 88' lang='lat' dir='ltr'>Hispanis</span> <span class='ocrx_word' id='word_1_211' title='bbox 269 2911 378 2976; x_wconf 73' lang='lat' dir='ltr'>firmat,</span> <span class='ocrx_word' id='word_1_212' title='bbox 400 2909 430 2964; x_wconf 92' lang='lat' dir='ltr'>in</span> <span class='ocrx_word' id='word_1_213' title='bbox 453 2909 598 2979; x_wconf 88' lang='lat' dir='ltr'>cornibus,</span> <span class='ocrx_word' id='word_1_214' title='bbox 622 2911 724 2968; x_wconf 81' lang='lat' dir='ltr'>dextro</span> <span class='ocrx_word' id='word_1_215' title='bbox 746 2913 856 2968; x_wconf 89' lang='lat' dir='ltr'>Poenos</span> <span class='ocrx_word' id='word_1_216' title='bbox 877 2901 964 2979; x_wconf 81' lang='lat' dir='ltr'>locat,</span> <span class='ocrx_word' id='word_1_217' title='bbox 985 2910 1060 2968; x_wconf 86' lang='lat' dir='ltr'>laevo</span> <span class='ocrx_word' id='word_1_218' title='bbox 1084 2911 1176 2969; x_wconf 78' lang='lat' dir='ltr'>Afros</span> 
     </span>
     <span class='ocr_line' id='line_1_27' title="bbox 107 3013 1176 3090; baseline -0.001 -17"><span class='ocrx_word' id='word_1_219' title='bbox 107 3014 410 3087; x_wconf 87' lang='lat' dir='ltr'>mercenariorumque</span> <span class='ocrx_word' id='word_1_220' title='bbox 438 3013 563 3082; x_wconf 82' lang='lat' dir='ltr'>auxilia3</span> <span class='ocrx_word' id='word_1_221' title='bbox 593 3015 721 3088; x_wconf 91' lang='lat' dir='ltr'>equitum</span> <span class='ocrx_word' id='word_1_222' title='bbox 743 3013 888 3072; x_wconf 90' lang='lat' dir='ltr'>Numidas</span> <span class='ocrx_word' id='word_1_223' title='bbox 909 3016 1070 3071; x_wconf 89' lang='lat' dir='ltr'>Poenorum</span> <span class='ocrx_word' id='word_1_224' title='bbox 1095 3016 1176 3090; x_wconf 92' lang='lat' dir='ltr'>pedi·</span> 
     </span>
     <span class='ocr_line' id='line_1_28' title="bbox 112 3116 1207 3195; baseline 0.003 -19"><span class='ocrx_word' id='word_1_225' title='bbox 112 3119 197 3191; x_wconf 90' lang='lat' dir='ltr'>tibus,</span> <span class='ocrx_word' id='word_1_226' title='bbox 219 3129 329 3177; x_wconf 88' lang='lat' dir='ltr'>ceteros</span> <span class='ocrx_word' id='word_1_227' title='bbox 350 3116 509 3191; x_wconf 56' lang='lat' dir='ltr'>Ahisepro</span> <span class='ocrx_word' id='word_1_228' title='bbox 533 3119 668 3175; x_wconf 88' lang='lat' dir='ltr'>cornibus</span> <span class='ocrx_word' id='word_1_229' title='bbox 690 3119 818 3195; x_wconf 86' lang='lat' dir='ltr'>apponit.</span> <span class='ocrx_word' id='word_1_230' title='bbox 861 3119 926 3176; x_wconf 90' lang='lat' dir='ltr'>Nec</span> <span class='ocrx_word' id='word_1_231' title='bbox 948 3139 1048 3177; x_wconf 89' lang='lat' dir='ltr'>omnes</span> <span class='ocrx_word' id='word_1_232' title='bbox 1070 3122 1207 3190; x_wconf 84' lang='lat' dir='ltr'>Numi-5</span> 
     </span>
     <span class='ocr_line' id='line_1_29' title="bbox 108 3221 1175 3298; baseline 0.004 -18"><span class='ocrx_word' id='word_1_233' title='bbox 108 3224 153 3281; x_wconf 78' lang='lat' dir='ltr'>de</span> <span class='ocrx_word' id='word_1_234' title='bbox 174 3224 204 3280; x_wconf 92' lang='lat' dir='ltr'>in</span> <span class='ocrx_word' id='word_1_235' title='bbox 226 3225 328 3281; x_wconf 84' lang='lat' dir='ltr'>dextro</span> <span class='ocrx_word' id='word_1_236' title='bbox 349 3221 437 3280; x_wconf 88' lang='lat' dir='ltr'>locati</span> <span class='ocrx_word' id='word_1_237' title='bbox 459 3240 564 3293; x_wconf 90' lang='lat' dir='ltr'>cornu,</span> <span class='ocrx_word' id='word_1_238' title='bbox 586 3225 638 3280; x_wconf 93' lang='lat' dir='ltr'>sed</span> <span class='ocrx_word' id='word_1_239' title='bbox 661 3225 765 3298; x_wconf 88' lang='lat' dir='ltr'>quibus</span> <span class='ocrx_word' id='word_1_240' title='bbox 793 3224 970 3282; x_wconf 90' lang='lat' dir='ltr'>desultorum</span> <span class='ocrx_word' id='word_1_241' title='bbox 996 3225 1026 3281; x_wconf 91' lang='lat' dir='ltr'>in</span> <span class='ocrx_word' id='word_1_242' title='bbox 1057 3229 1175 3284; x_wconf 89' lang='lat' dir='ltr'>modum</span> 
     </span>
     <span class='ocr_line' id='line_1_30' title="bbox 108 3327 1176 3406; baseline 0.004 -20"><span class='ocrx_word' id='word_1_243' title='bbox 108 3328 193 3386; x_wconf 86' lang='lat' dir='ltr'>binos</span> <span class='ocrx_word' id='word_1_244' title='bbox 225 3329 404 3385; x_wconf 84' lang='lat' dir='ltr'>trahentibus</span> <span class='ocrx_word' id='word_1_245' title='bbox 433 3345 524 3400; x_wconf 89' lang='lat' dir='ltr'>equos</span> <span class='ocrx_word' id='word_1_246' title='bbox 555 3327 644 3406; x_wconf 48' lang='lat' dir='ltr'>inter¹</span> <span class='ocrx_word' id='word_1_247' title='bbox 667 3330 839 3388; x_wconf 81' lang='lat' dir='ltr'>acerrimam</span> <span class='ocrx_word' id='word_1_248' title='bbox 868 3347 946 3404; x_wconf 85' lang='lat' dir='ltr'>saepe</span> <span class='ocrx_word' id='word_1_249' title='bbox 982 3349 1112 3405; x_wconf 88' lang='lat' dir='ltr'>pugnam</span> <span class='ocrx_word' id='word_1_250' title='bbox 1146 3334 1176 3389; x_wconf 91' lang='lat' dir='ltr'>in</span> 
     </span>
     <span class='ocr_line' id='line_1_31' title="bbox 106 3429 1176 3505; baseline 0.003 -16"><span class='ocrx_word' id='word_1_251' title='bbox 106 3440 251 3490; x_wconf 87' lang='lat' dir='ltr'>recentem</span> <span class='ocrx_word' id='word_1_252' title='bbox 274 3450 380 3505; x_wconf 92' lang='lat' dir='ltr'>equum</span> <span class='ocrx_word' id='word_1_253' title='bbox 402 3449 439 3487; x_wconf 84' lang='lat' dir='ltr'>ex</span> <span class='ocrx_word' id='word_1_254' title='bbox 460 3429 541 3487; x_wconf 83' lang='lat' dir='ltr'>fesso</span> <span class='ocrx_word' id='word_1_255' title='bbox 567 3434 687 3490; x_wconf 85' lang='lat' dir='ltr'>armatis</span> <span class='ocrx_word' id='word_1_256' title='bbox 711 3435 885 3491; x_wconf 88' lang='lat' dir='ltr'>transultare</span> <span class='ocrx_word' id='word_1_257' title='bbox 907 3451 972 3490; x_wconf 91' lang='lat' dir='ltr'>mos</span> <span class='ocrx_word' id='word_1_258' title='bbox 996 3446 1074 3505; x_wconf 88' lang='lat' dir='ltr'>erat;</span> <span class='ocrx_word' id='word_1_259' title='bbox 1094 3445 1176 3493; x_wconf 86' lang='lat' dir='ltr'>tanta</span> 
     </span>
    </p>
   </div>
   <div class='ocr_carea' id='block_1_3' title="bbox 108 3514 1282 3613">
    <p class='ocr_par' dir='ltr' id='par_1_4' title="bbox 108 3514 1282 3613">
     <span class='ocr_line' id='line_1_32' title="bbox 108 3514 1282 3613; baseline 0.003 -19"><span class='ocrx_word' id='word_1_260' title='bbox 108 3536 249 3596; x_wconf 87' lang='lat' dir='ltr'>velocitas</span> <span class='ocrx_word' id='word_1_261' title='bbox 268 3537 339 3611; x_wconf 90' lang='lat' dir='ltr'>ipsis</span> <span class='ocrx_word' id='word_1_262' title='bbox 361 3544 480 3609; x_wconf 88' lang='lat' dir='ltr'>tamque</span> <span class='ocrx_word' id='word_1_263' title='bbox 502 3514 595 3593; x_wconf 88' lang='lat' dir='ltr'>docile</span> <span class='ocrx_word' id='word_1_264' title='bbox 619 3547 758 3613; x_wconf 88' lang='lat' dir='ltr'>equorum</span> <span class='ocrx_word' id='word_1_265' title='bbox 780 3555 872 3612; x_wconf 86' lang='lat' dir='ltr'>genus</span> <span class='ocrx_word' id='word_1_266' title='bbox 901 3547 960 3595; x_wconf 82' lang='lat' dir='ltr'>est·</span> <span class='ocrx_word' id='word_1_267' title='bbox 999 3539 1095 3612; x_wconf 80' lang='lat' dir='ltr'>Quum</span> <span class='ocrx_word' id='word_1_268' title='bbox 1119 3542 1207 3608; x_wconf 71' lang='lat' dir='ltr'>hocs</span> <span class='ocrx_word' id='word_1_269' title='bbox 1280 3538 1282 3542; x_wconf 73' lang='grc'><strong>’</strong></span> 
     </span>
    </p>
   </div>
   <div class='ocr_carea' id='block_1_4' title="bbox 105 3640 1175 3930">
    <p class='ocr_par' dir='ltr' id='par_1_5' title="bbox 105 3640 1175 3930">
     <span class='ocr_line' id='line_1_33' title="bbox 106 3640 1175 3717; baseline 0.004 -19"><span class='ocrx_word' id='word_1_270' title='bbox 106 3641 196 3699; x_wconf 90' lang='lat' dir='ltr'>modo</span> <span class='ocrx_word' id='word_1_271' title='bbox 227 3640 358 3698; x_wconf 87' lang='lat' dir='ltr'>instructi</span> <span class='ocrx_word' id='word_1_272' title='bbox 390 3650 515 3711; x_wconf 89' lang='lat' dir='ltr'>starent,</span> <span class='ocrx_word' id='word_1_273' title='bbox 550 3641 759 3717; x_wconf 90' lang='lat' dir='ltr'>imperatorum</span> <span class='ocrx_word' id='word_1_274' title='bbox 791 3643 940 3716; x_wconf 88' lang='lat' dir='ltr'>utriusque</span> <span class='ocrx_word' id='word_1_275' title='bbox 973 3646 1066 3717; x_wconf 87' lang='lat' dir='ltr'>partis</span> <span class='ocrx_word' id='word_1_276' title='bbox 1095 3646 1175 3702; x_wconf 91' lang='lat' dir='ltr'>haud</span> 
     </span>
     <span class='ocr_line' id='line_1_34' title="bbox 105 3745 1174 3821; baseline 0.005 -19"><span class='ocrx_word' id='word_1_277' title='bbox 105 3747 197 3802; x_wconf 83' lang='lat' dir='ltr'>ferme</span> <span class='ocrx_word' id='word_1_278' title='bbox 212 3745 343 3821; x_wconf 85' lang='lat' dir='ltr'>dispares</span> <span class='ocrx_word' id='word_1_279' title='bbox 365 3764 432 3820; x_wconf 84' lang='lat' dir='ltr'>spes</span> <span class='ocrx_word' id='word_1_280' title='bbox 453 3755 553 3816; x_wconf 88' lang='lat' dir='ltr'>erant;</span> <span class='ocrx_word' id='word_1_281' title='bbox 574 3765 641 3803; x_wconf 88' lang='lat' dir='ltr'>nam</span> <span class='ocrx_word' id='word_1_282' title='bbox 657 3766 694 3804; x_wconf 88' lang='lat' dir='ltr'>ue</span> <span class='ocrx_word' id='word_1_283' title='bbox 708 3748 828 3805; x_wconf 91' lang='lat' dir='ltr'>multum</span> <span class='ocrx_word' id='word_1_284' title='bbox 844 3747 961 3821; x_wconf 90' lang='lat' dir='ltr'>quidem</span> <span class='ocrx_word' id='word_1_285' title='bbox 986 3760 1036 3805; x_wconf 89' lang='lat' dir='ltr'>aut</span> <span class='ocrx_word' id='word_1_286' title='bbox 1055 3768 1174 3807; x_wconf 88' lang='lat' dir='ltr'>numero</span> 
     </span>
     <span class='ocr_line' id='line_1_35' title="bbox 106 3850 1175 3930; baseline 0.004 -22"><span class='ocrx_word' id='word_1_287' title='bbox 106 3859 158 3908; x_wconf 86' lang='lat' dir='ltr'>ant</span> <span class='ocrx_word' id='word_1_288' title='bbox 177 3870 288 3927; x_wconf 85' lang='lat' dir='ltr'>genere</span> <span class='ocrx_word' id='word_1_289' title='bbox 318 3851 440 3907; x_wconf 89' lang='lat' dir='ltr'>militum</span> <span class='ocrx_word' id='word_1_290' title='bbox 471 3850 501 3906; x_wconf 94' lang='lat' dir='ltr'>hi</span> <span class='ocrx_word' id='word_1_291' title='bbox 534 3859 585 3907; x_wconf 90' lang='lat' dir='ltr'>aut</span> <span class='ocrx_word' id='word_1_292' title='bbox 616 3852 658 3908; x_wconf 92' lang='lat' dir='ltr'>illi</span> <span class='ocrx_word' id='word_1_293' title='bbox 690 3853 884 3928; x_wconf 83' lang='lat' dir='ltr'>praestabant3</span> <span class='ocrx_word' id='word_1_294' title='bbox 918 3850 1056 3910; x_wconf 90' lang='lat' dir='ltr'>militibus</span> <span class='ocrx_word' id='word_1_295' title='bbox 1090 3855 1175 3930; x_wconf 90' lang='lat' dir='ltr'>longe</span> 
     </span>
    </p>
   </div>
   <div class='ocr_carea' id='block_1_5' title="bbox 92 3944 1204 4108">
    <p class='ocr_par' dir='ltr' id='par_1_6' title="bbox 92 3944 1204 4108">
     <span class='ocr_line' id='line_1_36' title="bbox 92 3944 1204 4035; baseline 0.004 -22"><span class='ocrx_word' id='word_1_296' title='bbox 92 3944 207 4030; x_wconf 60' lang='lat' dir='ltr'>&#39;dispar</span> <span class='ocrx_word' id='word_1_297' title='bbox 228 3957 341 4015; x_wconf 89' lang='lat' dir='ltr'>animus</span> <span class='ocrx_word' id='word_1_298' title='bbox 356 3964 429 4015; x_wconf 83' lang='lat' dir='ltr'>erat.</span> <span class='ocrx_word' id='word_1_299' title='bbox 472 3955 615 4013; x_wconf 86' lang='lat' dir='ltr'>Romanis</span> <span class='ocrx_word' id='word_1_300' title='bbox 631 3958 718 4029; x_wconf 90' lang='lat' dir='ltr'>enim,</span> <span class='ocrx_word' id='word_1_301' title='bbox 742 3975 908 4033; x_wconf 87' lang='lat' dir='ltr'>quanquam</span> <span class='ocrx_word' id='word_1_302' title='bbox 923 3959 1026 4031; x_wconf 86' lang='lat' dir='ltr'>procul</span> <span class='ocrx_word' id='word_1_303' title='bbox 1047 3979 1066 4016; x_wconf 91' lang='lat' dir='ltr'>a</span> <span class='ocrx_word' id='word_1_304' title='bbox 1080 3960 1204 4035; x_wconf 82' lang='lat' dir='ltr'>patria7</span> 
     </span>
     <span class='ocr_line' id='line_1_37' title="bbox 416 4060 973 4108; baseline 0.004 -2"><span class='ocrx_word' id='word_1_305' title='bbox 416 4067 420 4071; x_wconf 66' lang='grc'><strong><em>’</em></strong></span> <span class='ocrx_word' id='word_1_306' title='bbox 924 4060 973 4108; x_wconf 73' lang='lat'>10*</span> 
     </span>
    </p>
   </div>
   <div class='ocr_carea' id='block_1_6' title="bbox 0 0 1354 4426">
    <p class='ocr_par' dir='ltr' id='par_1_7' title="bbox 0 0 1354 4426">
     <span class='ocr_line' id='line_1_38' title="bbox 0 0 1354 4426; baseline 0 0"><span class='ocrx_word' id='word_1_307' title='bbox 0 0 1354 4426; x_wconf 95' lang='lat' dir='ltr'> </span> 
     </span>
    </p>
   </div>
  </div>
 </body>
</html>
