2678 4560
310 187 347 244 88
571 183 649 232 Liber
667 181 781 231 XXVII.
819 181 865 246 (A.
878 197 903 230 n.
918 197 941 234 c.
957 181 1032 242 sta.)

265 367 427 426 instaurati.
476 365 591 424 AEdiles
621 365 734 422 curules
767 363 849 421 fuere
880 364 917 422 L.
952 359 1105 420 Cornelius
1135 361 1277 420 Caudinus
1293 374 1315 418 et

216 476 252 530 tu
266 471 329 531 Ser.
365 470 509 547 Sulpicius
531 470 644 540 Galba,
681 469 786 545 plebeii
818 466 850 526 Ο.
885 466 1025 526 Servilius
1058 462 1136 527 ct**.
1186 467 1315 526 Servilium

265 577 412 651 negabant
442 575 504 632 iure
541 584 591 632 aut
619 575 765 632 tribunum
793 573 886 648 plebis
917 570 1008 629 fuisse
1042 579 1094 628 aut
1127 573 1239 630 aedilem
1263 589 1316 633 esse.

267 681 345 758 quod
363 680 561 756 peneresius,
584 699 669 754 quotu
685 678 869 735 triumvirum
886 678 1034 752 agrarium
1057 679 1190 734 occisum
1220 698 1238 734 a
1256 675 1317 732 Bniir

265 785 344 844 circa
367 787 508 844 Mutinam
541 801 605 840 esee
638 782 736 859 opinio
764 801 817 858 per
845 782 944 839 decern
974 801 1067 840 annos
1088 782 1209 852 fuerat,
1243 783 1317 836 vivan

266 900 355 964 atque
375 889 405 946 in
427 889 552 946 bostium
576 897 720 963 potestate
742 906 806 944 esse
827 887 898 944 satis
921 889 1085 945 constabat.

171 983 216 1054 22
350 994 512 1054 Undecimo
549 1012 626 1050 anno
662 993 767 1050 Punici
803 992 872 1050 belli
908 992 1092 1050 consulatum
1132 991 1257 1048 inierunt
1289 989 1317 1044 u

83 1069 254 1194 &¹¹63ss
267 1099 424 1157 Marcellus
445 1100 594 1173 quintum,
619 1108 650 1154 ut
670 1109 837 1156 numeretur
858 1098 1042 1166 consulatus,
1076 1113 1166 1170 quem
1189 1096 1258 1153 vitio
1275 1113 1317 1150 crs·

236 1209 332 1265 tutus
354 1221 412 1260 non
437 1204 543 1278 gessit.
576 1214 604 1260 et
630 1203 661 1263 Τ.
686 1204 837 1277 Quinctius
857 1202 1016 1278 Crispinus.
1063 1201 1213 1275 Utrisque
1238 1217 1317 1256 consu·

266 1309 341 1367 libus
373 1308 460 1365 Italia
489 1308 605 1365 decreta
635 1309 786 1384 provincia
815 1317 859 1364 est
887 1317 916 1363 et
943 1306 1002 1362 duo
1034 1306 1210 1364 consulares
1237 1303 1317 1380 prioris

268 1413 336 1470 anni
377 1413 519 1470 exercitus
561 1414 674 1488 (tertius
710 1412 847 1470 Venusiae
880 1421 940 1470 tum
982 1422 1059 1480 erat,
1098 1411 1148 1468 cui
1185 1409 1317 1474 Marcella

268 1515 448 1592 praefuerat),
469 1518 510 1575 ita
532 1530 564 1575 ut
586 1537 621 1576 ex
644 1520 736 1577 tribus
758 1517 980 1592 digerendus,
1003 1535 1078 1590 quos
1098 1517 1220 1588 vellent,
1242 1517 1317 1572 tertia

267 1623 294 1680 ci
316 1623 492 1692 traderetur,
525 1624 570 1680 cui
593 1625 754 1681 Tarentum
786 1634 815 1679 et
836 1622 987 1693 Sallentini
1009 1622 1169 1697 provincia
1190 1623 1317 1688 evenisset

236 1727 378 1786 3Ceterae
408 1728 565 1803 provinciae
595 1730 636 1786 ita
674 1729 787 1786 divisa:
821 1727 1008 1803 praetoribus,
1041 1728 1079 1783 P.
1112 1728 1230 1785 Licinio
1266 1726 1317 1786 Vm

266 1836 387 1902 urbano,
409 1833 443 1894 P.
466 1834 573 1890 Licinio
595 1832 713 1905 Crasso,
734 1833 864 1910 pontifici
885 1833 1024 1900 maximo,
1045 1833 1208 1908 peregrina
1233 1842 1260 1889 et
1278 1845 1317 1918 quq

266 1949 385 1996 senatus
406 1939 572 2006 censuisset,
595 1937 663 1996 Sex.
685 1939 760 1995 Iulio
784 1936 894 1995 Caesari
922 1935 1037 2006 Sicilia,
1059 1935 1097 2009 Q.
1123 1935 1296 2005 Claudio‚fl

236 2043 346 2112 tinini,
382 2045 552 2101 Tarentum.
595 2043 791 2118 Prorogatum
823 2041 975 2117 imperium
1007 2041 1038 2096 in
1071 2059 1187 2099 annum
1225 2052 1266 2098 est
1283 1919 1317 2228 E

267 2146 373 2204 Fulvio
398 2145 515 2216 Flacco.
538 2155 569 2203 ut
590 2147 770 2221 provinciam
794 2147 942 2230 Capuam,
966 2165 1031 2220 quse
1052 2147 1090 2204 T.
1116 2147 1248 2219 Quinctii
1267 2165 1281 2220 p

267 2353 394 2410 Hostilio
426 2355 543 2412 Tubulo
576 2365 638 2427 est,
673 2367 704 2412 ut
729 2376 783 2432 pro
814 2369 937 2432 praetore
964 2356 993 2412 in
1024 2355 1181 2413 Etruriam
1211 2355 1281 2412 add

236 2458 395 2532 blegiones
417 2460 583 2517 succederet
605 2459 638 2520 C.
663 2460 832 2536 Calpurnio.
880 2462 1077 2534 Prorogatum
1103 2467 1133 2515 et
1158 2461 1195 2517 L.
1218 2457 1312 2515 Vetuit

266 2250 337 2307 toris
365 2249 476 2321 fuerat,
512 2269 577 2307 cum
605 2271 663 2307 una
689 2251 803 2327 legione
832 2252 983 2309 obtineret.
1026 2253 1230 2326 Prorogatum
1257 2247 1316 2594 aq

266 2563 383 2619 Philoni
402 2572 461 2633 est,
494 2573 525 2621 ut
547 2583 601 2639 pro
623 2574 747 2640 praetore
769 2565 898 2624 Galliam
921 2564 1043 2620 eandem
1065 2564 1252 2638 provinciam
1272 2579 1315 2624 eun

266 2667 368 2725 iisdem
392 2669 504 2726 duabus
526 2669 688 2744 legionibus
710 2669 868 2740 obtineret,
901 2669 1006 2743 quibus
1028 2678 1138 2744 praetor
1163 2669 1311 2727 obtinuisset

238 2771 356 2844 bQuod
384 2773 415 2830 in
447 2776 480 2832 L.
510 2774 648 2844 Veturio,
681 2773 757 2830 idem
785 2774 815 2831 in
843 2772 875 2833 0.
901 2773 1101 2831 Aurunculeio
1133 2771 1311 2832 decretumst

271 2887 374 2934 senatu
394 2878 543 2952 latumque
565 2879 601 2936 de
622 2878 808 2954 prorogando
830 2878 952 2951 imperio
974 2878 1012 2934 ad
1034 2879 1181 2952 populum
1206 2889 1260 2948 est,
1282 2873 1310 2948 qui

269 2993 377 3054 praetor
396 2981 561 3040 Sardiniam
589 2983 770 3057 provinciam
796 3001 862 3038 cum
884 2982 997 3039 duabus
1018 2982 1190 3057 legionibus
1212 2985 1314 3064 obtinus}

268 3095 323 3144 rat.
368 3086 509 3142 Additum
522 3095 550 3143 et
562 3087 640 3143 aliud
652 3087 816 3161 presidium
830 3085 995 3160 provincia,
1009 3087 1228 3163 quinquaginta
1238 3101 1309 3144 nara

237 3196 342 3264 'lquas
365 3191 399 3246 P.
423 3189 521 3266 Scipio
555 3211 591 3248 ex
620 3192 766 3267 Hispanis
788 3191 922 3249 misisset.
967 3193 1007 3248 Et
1028 3193 1065 3250 P.
1088 3191 1225 3268 Scipioni
1244 3203 1267 3248 et
1283 3189 1307 3245 ll.

267 3295 368 3352 Silano
409 3312 468 3350 suae
505 3296 656 3372 Hispaniae
696 3296 799 3369 suique
831 3295 973 3352 exercitus
1008 3295 1038 3351 in
1077 3315 1190 3356 annum
1224 3293 1307 3353 dcent

267 3399 365 3475 Scipio
388 3417 424 3455 ex
447 3399 596 3474 octoginta
616 3401 750 3468 navibus,
772 3417 846 3474 quas
866 3408 917 3456 aut
936 3418 1032 3458 secum
1045 3419 1083 3458 ex
1094 3402 1186 3460 ltalia
1199 3405 1313 3460 adduces

267 3513 318 3559 aut
344 3513 445 3578 captas
476 3503 654 3579 Carthagine
688 3505 832 3572 habebat,
867 3504 1079 3580 quinquaginta
1111 3507 1142 3564 in
1172 3505 1305 3566 Sardiniae

235 3591 460 3668 Stransmittere
481 3609 591 3678 iussus,
623 3609 692 3683 quia
712 3608 793 3666 fama
815 3616 894 3678 erat,
924 3625 1059 3684 maguum
1084 3613 1221 3670 navalem
1242 3627 1303 3686 appt-

266 3720 360 3768 ratum
396 3731 431 3770 eo
467 3732 543 3770 anno
571 3713 750 3788 Cartbagine
785 3731 861 3769 esse:
896 3714 1026 3772 ducentis
1058 3717 1187 3774 navibus
1220 3729 1303 3773 omnen

235 3822 348 3877 doram
372 3817 479 3887 ltalia,
516 3818 621 3877 Sicilie
648 3817 848 3892 Sardiniaque
876 3820 1054 3894 impleturos.
1102 3822 1143 3879 Et
1174 3823 1204 3879 in
1234 3817 1312 3880 Sicilie

265 3919 307 3975 ita
329 3920 423 3977 divisa
446 3937 493 3977 res
514 3931 570 3978 est:
594 3921 662 3981 Sex.
689 3919 799 3979 Caesari
823 3925 966 3982 exercitus
989 3923 1152 3983 Cannensis
1173 3927 1252 3984 datus
1268 3937 1301 3979 cs:
