2680 4546
761 214 791 255 IV

249 393 311 452 eeie
332 413 389 452 non
411 393 530 464 stetisse,
555 395 657 469 quum)
682 395 740 462 III,
771 397 787 450 3
811 395 869 468 Qui
890 405 986 452 eutem
1012 394 1106 469 (codd.
1132 408 1199 448 rece.
1238 388 1281 460 Qui

249 477 331 554 potui
351 495 468 536 servare
488 479 610 536 obsolute
631 481 815 550 interroqolur
835 478 869 534 de
890 479 1025 535 seruando
1045 497 1102 534 non
1124 473 1280 536 seruondout

249 570 343 620 eontra
370 561 403 618 de
424 562 540 618 ulilitate
560 564 757 634 interroputur,
783 561 851 635 quid
871 570 1055 636 quaestumque
1070 558 1206 635 prodesse
1223 563 1284 630 pott-

250 642 336 721 em'm.)
369 649 384 701 4
408 662 464 700 000
485 647 542 701 sine
563 647 639 700 uncis
661 644 733 720 (Μ9.
755 644 819 702 Em.
842 643 914 718 303)
948 647 1107 719 llpraetore
1129 640 1209 697 urbis
1227 636 1285 712 (119.

249 727 278 784 P
295 746 338 802 pr.
360 725 436 802 urb.)
460 728 514 797 lV,
537 730 554 784 3
578 727 685 803 (pedite
709 725 793 783 Gron.
817 728 989 796 dubitanter,
1020 729 1080 800 1109.
1105 725 1174 781 Em.
1194 719 1292 778 tot?

249 810 341 868 Drole.
363 809 487 886 pedites)
521 815 593 868 9-10
618 810 695 886 (Uss.
719 809 781 879 fuit,
803 820 831 866 et
851 811 1024 882 institutum)
1047 812 1086 880 V,
1111 811 1130 866 3
1156 805 1290 881 aptissimis

251 893 296 970 (P.
318 893 383 970 Ipse
403 896 560 968 aptissimus
581 902 649 963 erat,
672 894 747 968 quod
767 895 883 950 delectos
912 894 1036 962 ducebat,
1056 895 1156 950 relicto
1185 890 1291 961 provisu

249 979 362 1050 somme.
414 976 506 1034 Pruue
533 978 633 1035 elicitur
654 995 717 1033 cum
740 977 856 1034 delectis
879 995 965 1050 quam
991 987 1106 1051 poterat
1130 965 1291 1052 aptissimis.)

252 1065 267 1116 5
284 1061 378 1119 vertit.
399 1061 552 1134 praemissis
573 1079 698 1134 namque
719 1060 825 1116 nuntiis
847 1059 920 1132 (coel.
936 1079 983 1116 uu.
999 1077 1064 1130 reo,
1082 1054 1209 1131 Oreum.)
1225 1050 1230 1128 )
1244 1069 1293 1108 sess

215 1161 216 1164 ’
250 1141 290 1218 (Ρ
318 1141 538 1221 omuibesseeff.)
578 1147 609 1200 11
638 1142 829 1209 includeret-ur
861 1139 955 1220 (codd.
988 1149 1078 1202 reem?
1110 1142 1157 1200 ed.
1197 1133 1293 1194 Medt'ol

250 1226 340 1303 1505)
372 1229 405 1283 13
428 1227 582 1302 (rupissent
605 1225 682 1282 Creu.
703 1226 733 1281 P
748 1225 840 1282 Drolo.
861 1225 1045 1300 inrupissent)
1069 1227 1123 1294 VI,
1155 1229 1165 1281 1
1193 1219 1295 1294 (iniens

332 1379 417 1454 ooepit
444 1379 504 1450 019.
519 1378 582 1434 Em.
597 1379 655 1434 304
683 1387 707 1435 et
728 1388 790 1435 ante
808 1379 966 1452 Rupertzus.
986 1377 1016 1432 P
1033 1377 1173 1438 inferni..
1203 1369 1292 1446 coegit)

250 1464 267 1519 2
284 1461 461 1536 (Reeipieudo
469 1463 566 1535 suerat
584 1461 703 1534 Ussz'mqll
716 1464 881 1518 coniectura:
902 1461 942 1516 ibi
956 1478 1044 1536 super
1060 1472 1186 1535 stragem
1210 1457 1292 1512 iacen-

249 1546 329 1604 tium.
386 1545 479 1600 Coecles
507 1545 640 1600 ltmutnum
672 1564 722 1619 per
753 1555 871 1616 strapem
903 1544 1106 1618 elephantorum
1134 1544 1210 1600 edito
1239 1535 1293 1593 010

249 1626 310 1704 est.)
334 1629 350 1684 3
373 1627 441 1702 (iam
465 1627 539 1702 pulsi
560 1627 679 1686 Eorclult.
701 1646 760 1684 oum
782 1629 844 1684 edd.
867 1624 943 1702 vett.)
971 1630 986 1682 1
1005 1646 1091 1701 quam
1114 1627 1199 1702 [quo]
1221 1631 1290 1698 ports

250 1707 349 1788 (Goon.
371 1709 512 1770 Drolseul.
539 1729 624 1785 quam
647 1711 724 1785 quod
751 1709 847 1786 porta)
885 1713 901 1768 8
927 1706 1057 1786 (Euot'dit
1070 1713 1194 1785 fortusse
1214 1721 1289 1762 uume-

249 1814 298 1852 rus
328 1795 461 1851 luomt'uum
487 1803 643 1868 septorum·
675 1794 738 1854 Em.
768 1795 842 1863 267,
870 1794 918 1849 ubi
937 1795 1069 1849 omittitur
1093 1790 1228 1852 XXVII.
1251 1787 1287 1845 10.

250 1873 310 1954 11.)
344 1882 374 1936 11
395 1876 456 1951 (qui
471 1877 570 1934 habitu
585 1877 687 1934 Italico
716 1876 811 1934 Weiss.
834 1896 848 1933 e
868 1877 910 1932 P:
933 1876 1165 1950 quihabuitslieo.
1208 1869 1285 1930 Drolt.

170 1961 176 1973 '
250 1961 298 2036 qui
321 1959 433 2036 (habuit
454 1958 576 2034 aliquot)
603 1960 698 2035 gnari)
733 1964 766 2017 16
783 1957 885 2036 (suppl.
902 1959 998 2019 Alsuls.
1015 1969 1083 2034 post
1097 1961 1231 2016 editionem
1247 1951 1284 2009 Co

249 2047 398 2102 lomensem.
413 2043 506 2100 Drole.
529 2055 705 2118 superesset,
727 2043 771 2112 iis,
794 2044 842 2118 qui
866 2043 925 2099 neti
948 2042 975 2098 in
999 2042 1093 2117 spem)
1117 2043 1184 2110 VII,
1207 2043 1285 2110 sque

1325 1964 1327 2037 1

249 2127 307 2184 iem
341 2127 407 2184 inde
429 2126 521 2195 (codd.
544 2126 564 2181 3
585 2145 664 2198 rese,
687 2126 803 2200 Muret.)
841 2125 918 2184 600
947 2127 1044 2182 omnia
1069 2127 1174 2199 spendo
1195 2123 1285 2181 audeu-
1326 2172 1327 2197 ¹

156 2221 158 2232 ’
250 2211 345 2284 daque
367 2207 462 2288 (eodd.
484 2216 575 2266 reso?
597 2210 658 2265 edel.
679 2208 755 2284 vett.)
777 2209 870 2278 VIII,
902 2206 972 2283 7(si
994 2209 1036 2264 itu
1057 2211 1178 2266 Romam
1201 2203 1280 2263 Alssl.

251 2313 264 2350 e
285 2293 324 2348 P:
347 2293 540 2352 sietaromam.
555 2291 646 2351 Drole.
670 2293 694 2350 si
717 2303 745 2350 et
770 2294 908 2356 Romam)
937 2288 1061 2367 9(aegro
1084 2289 1282 2366 digrediundum

256 2375 300 2432 W.
324 2376 352 2432 P
369 2373 590 2450 aegrediundum.
614 2375 704 2434 Drale.
733 2395 810 2450 aegro
833 2373 969 2450 eundum)
1003 2375 1068 2445 IX,
1104 2377 1120 2431 2
1143 2375 1218 2432 ducit
1242 2369 1281 2426 sub

161 2475 169 2504 t
250 2458 397 2516 Casinum.
425 2458 466 2522 ,iti
484 2459 571 2516 biduo
601 2460 646 2532 (P.
666 2457 763 2533 Neque
779 2477 832 2533 per
856 2457 1009 2515 Caunum
1035 2477 1134 2530 aprum
1160 2452 1282 2514 Homullo(

253 2541 380 2598 Casinum
407 2541 485 2598 duuit
512 2561 597 2618 neque
628 2543 681 2599 sub
710 2541 846 2600 Casinum
879 2542 983 2598 ducere
1010 2541 1037 2596 lt.
1053 2543 1071 2598 l.
1095 2550 1165 2598 reete
1191 2542 1280 2597 01010.

254 2625 316 2682 Uss.
341 2627 465 2699 fortusse
493 2623 553 2683 Sub
576 2623 682 2684 Casino
715 2625 884 2682 scrlbmolum
911 2625 1044 2696 coniecit.)
1077 2619 1081 2702 J
1113 2624 1279 2699 (Suessanum

1325 2208 1327 2255 1

253 2707 401 2766 Cluverius.
435 2709 464 2764 P
484 2708 576 2766 Drolo'.
610 2707 787 2780 Suessulam)
824 2711 840 2764 6
864 2726 949 2782 quem
983 2708 1059 2782 quod
1087 2708 1202 2764 allatum
1234 2711 1281 2762 eret
1326 2764 1327 2783 χ

250 2809 349 2848 cursus
377 2791 524 2849 hominum
557 2792 630 2864 (Μ9.
653 2791 808 2852 100300.
832 2791 860 2847 Ρ
878 2809 963 2865 quum
985 2789 1194 2848 allatumerst
1213 2804 1279 2847 cursu

250 2875 407 2932 bominum.
473 2873 529 2933 Wit'
561 2877 699 2950 scripturo
726 2877 876 2949 permiram
914 2874 994 2930 holel
1018 2876 1175 2935 orationem,
1232 2871 1279 2928 00-

251 2961 312 3014 m'no
340 2962 542 3033 oeque'cursus
561 2958 707 3015 hominum
732 2957 928 3032 allingentium
961 2966 1031 3012 reule
1053 2955 1279 3032 diuturneque

248 3041 340 3097 urbem
362 3043 495 3108 eoncitat.)
513 3036 517 3118 (
534 3041 697 3098 conciverat
721 3037 812 3116 (codd.
821 3059 904 3114 poue.
915 3058 982 3096 reue.
996 3040 1178 3114 Pconciliat)
1199 3041 1249 3106 XI,
1266 3041 1277 3090 ὁ

250 3123 325 3198 (duae
351 3123 414 3179 eliae
436 3125 497 3196 Μ9.
520 3124 583 3180 Em.
605 3124 674 3183 300.
696 3124 724 3179 Ρ
741 3123 832 3181 Drale.
857 3135 886 3180 et
907 3121 982 3199 aliae)
1013 3125 1030 3178 9
1054 3121 1214 3198 Capenates
1232 3120 1276 3178 elii·

250 3225 305 3279 que
333 3206 438 3263 assoles
459 3207 519 3262 eius
543 3217 632 3264 erant.
655 3207 795 3282 primitias
817 3204 931 3281 (Grou.)
966 3207 998 3264 tt
1022 3210 1092 3262 loull
1112 3209 1189 3264 duleis
1212 3205 1276 3263 tanti·

249 3308 304 3363 que
334 3289 427 3362 (codd.
462 3296 550 3346 reos?
582 3290 671 3347 Ducis
699 3291 776 3346 nulla
800 3291 887 3364 fusile
912 3291 1026 3362 uestlplo
1052 3292 1080 3345 im
1111 3292 1163 3347 tali
1188 3310 1215 3346 re
1237 3304 1278 3344 esse

243 3373 392 3446 poteraut.)
429 3373 506 3442 XII,
539 3375 555 3429 2
585 3392 710 3448 namque
738 3383 765 3429 et
797 3375 832 3408 *⁵*
846 3373 978 3430 Lucanos
1008 3370 1069 3447 (W.
1094 3373 1187 3430 Drole.
1207 3375 1276 3432 Nem·

251 3473 306 3528 que
335 3475 371 3512 ex
395 3456 531 3530 Lucanis)
555 3457 771 3513 8deseruersnt
792 3456 881 3521 (codd.
903 3454 983 3531 reos.)
1020 3461 1053 3512 15
1076 3456 1134 3512 ism
1164 3454 1276 3533 professis

248 3536 334 3610 (Dul.
355 3538 418 3594 Em
433 3539 493 3595 300
504 3539 543 3616 0.)
571 3535 575 3616 (
599 3550 656 3595 tam
682 3540 730 3596 diu
758 3537 875 3613 (Sipou.)
908 3543 939 3595 11
968 3538 1063 3595 fassus
1087 3539 1116 3594 id
1140 3540 1223 3615 (Μ9.)
1253 3539 1275 3594 18

246 3621 285 3677 Et
306 3625 362 3678 siue
382 3625 458 3679 unsis
479 3621 577 3696 (Dule.)
601 3623 690 3692 XIII,
713 3623 915 3697 9lueept'olllis
941 3622 1185 3698 exsecrabilisque
1205 3621 1275 3698 (codd.

246 3712 334 3764 reem?
356 3705 419 3765 edd.
440 3707 518 3778 vell.)
549 3711 577 3764 11
604 3724 720 3781 passum
748 3711 781 3762 11
807 3715 904 3780 sperat
925 3705 1014 3762 hostis
1038 3704 1276 3782 (Mm.2.Ppemt

246 3786 353 3866 hostis)
385 3793 419 3845 ts
441 3789 471 3845 in
486 3786 609 3859 earcere,
631 3799 681 3846 aut
701 3789 741 3846 ud
758 3789 854 3864 palum
885 3789 958 3862 (Μ9.
980 3789 1055 3845 Pin
1077 3808 1218 3848 carcerem
1240 3799 1275 3846 aut

246 3871 352 3944 pulum,
374 3871 478 3928 idest:
503 3883 533 3928 et
555 3872 663 3947 palum)
690 3877 724 3928 16
746 3872 842 3946 stirpis
864 3873 952 3939 XIV,
982 3875 998 3928 6
1022 3873 1272 3949 proconsulum).

245 3953 308 4008 eP
325 3970 437 4028 procos.
484 3955 599 4010 Verterat
618 3958 673 4010 iam
694 3955 744 4010 Wo
765 3957 793 4010 iu
813 3964 932 4014 tuentem.
959 3953 1041 4022 Quod
1053 3955 1176 4012 Flooous
1192 3959 1230 4024 12,
1249 3957 1272 4010 10

240 4053 314 4114 Ι0003
338 4037 498 4105 nominetur,
529 4037 597 4092 nitu
617 4037 656 4092 ool
682 4037 752 4092 lune
778 4038 863 4094 losum
888 4038 975 4106 ualet,
1007 4037 1054 4094 ubi
1079 4038 1180 4095 Liuius
1204 4048 1273 4114 operte
