2812 4556
311 187 349 244 20
590 181 667 233 Liber
683 181 757 235 XXI.
795 184 842 248 (A.
858 199 882 235 u,
898 198 920 236 o.
931 181 1003 247 536.)

271 387 344 445 quos
366 328 506 456 stlipsos)
515 368 634 444 gravari
656 367 759 424 militia
779 377 922 440 senserat,
945 367 1128 444 Carpetanos
1151 385 1278 441 quoque
1301 366 1334 422 ab

176 473 221 542 24
270 495 301 534 se
325 475 459 533 dimissos
474 472 622 532 simulans.
667 472 748 543 Inde,
770 491 806 529 ne
821 491 903 530 mora
926 469 1013 549 atque
1032 474 1122 531 otium
1144 471 1266 530 animos
1282 472 1335 529 sol·
1379 455 1380 492 ³

269 581 409 651 licitaret,
441 597 505 636 cum
536 577 654 654 reliquis
683 577 774 654 copiis
796 579 968 655 Pyrenoeum
995 579 1207 656 transgreditur
1242 586 1279 658 et
1303 578 1336 633 sd

239 683 408 762 boppidum
429 683 544 742 Iliberri
566 691 663 741 castra
683 683 768 742 locat.
812 681 892 744 Galli
913 701 1079 759 quanquam
1102 683 1196 742 Italiae
1226 683 1334 742 bellum
1378 692 1379 695 ’

269 790 368 848 inferri
398 789 568 860 audiebant,
598 797 709 859 tamen,
740 789 809 862 quia
832 787 863 846 vi
892 789 1028 846 subactos
1056 797 1135 846 trans
1156 789 1336 865 Pyrenaeum

269 897 419 972 Hispanos
443 896 524 953 fama
546 902 610 951 erat
632 894 824 969 praesidiaque
847 893 947 952 valida
968 893 1113 970 imposita,
1137 903 1217 950 metu
1243 894 1335 950 servi-
1378 912 1379 915 ¹

269 1001 338 1058 tutis
367 1001 404 1057 ad
433 1018 516 1057 arma
541 1000 718 1058 consternati
739 1000 933 1058 Ruscinonem
957 999 1068 1074 aliquot
1096 999 1197 1074 populi
1227 1017 1335 1056 conve-

238 1104 359 1162 3niunt.
414 1103 500 1178 Quod
517 1121 519 1128 ·
534 1104 584 1162 ubi
613 1105 772 1162 Hannibali
803 1104 965 1162 nuntiatum
998 1113 1058 1175 est,
1090 1122 1202 1160 moram
1240 1105 1335 1179 magis

209 1207 214 1218 ’
270 1229 356 1286 quam
380 1209 487 1266 bellum
509 1217 648 1280 metuens,
673 1219 805 1268 oratores
828 1209 865 1267 ad
887 1207 1003 1284 regulos
1025 1227 1124 1280 eornm
1147 1209 1244 1281 misit,
1278 1210 1335 1266 col·

268 1315 350 1391 loqui
371 1323 461 1372 semet
482 1314 575 1389 ipsum
592 1333 656 1372 cum
678 1316 713 1373 iis
735 1315 822 1385 velle3
846 1311 903 1392 [et]
919 1315 967 1371 vel
987 1313 1029 1370 illi
1048 1315 1168 1390 propius
1184 1316 1333 1382 Iliberrim

269 1423 447 1491 accederent,
468 1418 515 1475 vel
539 1437 570 1475 se
591 1420 784 1477 Ruscinonem
807 1437 1024 1495 processurum,
1052 1428 1085 1477 ut
1106 1439 1143 1477 ex
1164 1422 1334 1498 propinquo

238 1530 440 1603 lcongressus
468 1523 583 1582 facilior
615 1534 703 1596 esset,
734 1543 802 1582 nam
832 1532 860 1581 et
882 1533 1066 1600 accepturum
1096 1543 1146 1582 eos
1168 1525 1199 1603 iu
1233 1535 1333 1582 castra

268 1652 322 1692 sua
354 1650 386 1690 se
416 1630 512 1688 laetum
545 1648 598 1686 nec
632 1638 799 1687 cunctanter
830 1649 861 1687 se
888 1630 981 1716 ipsum
1014 1630 1051 1686 ad
1078 1647 1128 1688 eos
1158 1638 1332 1696 venturum

181 1715 186 1722 f
267 1738 411 1814 hospitem
433 1737 507 1795 eninr
531 1755 562 1794 se
584 1735 698 1806 Gallia,
719 1754 778 1792 nou
799 1735 911 1794 hostem
936 1734 1102 1806 advenisse,
1132 1754 1186 1794 uec
1213 1736 1331 1794 strictu-

268 1861 331 1901 rum
362 1851 429 1901 ante
456 1841 599 1918 gladium,
632 1839 657 1897 si
688 1860 740 1916 per
768 1840 872 1900 Gallos
900 1839 1001 1912 ilceat,
1034 1859 1121 1915 quam
1154 1841 1184 1896 in
1210 1841 1329 1899 Italiam

239 1949 403 2009 5venisset.
449 1949 489 2005 Et
509 1966 562 2022 per
584 1945 699 2003 nuutios
726 1946 840 2021 quidem
862 1945 937 2016 haeo;
959 1954 991 2003 ut
1015 1963 1085 2002 vero
1110 1945 1202 2020 reguli
1224 1944 1330 2003 Gallo-

267 2074 331 2112 rum
354 2053 455 2112 castris
477 2053 515 2109 ad
538 2053 681 2110 Iliberrim
714 2051 859 2128 extemplo
889 2052 975 2110 motis
1003 2051 1082 2108 haud
1103 2061 1264 2126 gravanter
1294 2049 1328 2105 ad

268 2162 391 2217 Poenum
413 2166 569 2230 venerunt,
595 2158 673 2234 capti
693 2157 776 2214 donis
809 2176 873 2215 cum
903 2158 981 2214 boua
1001 2173 1082 2230 paee*
1097 2156 1255 2214 exercitum
1279 2173 1330 2230 per

268 2267 339 2323 fines
359 2283 426 2322 suos
448 2271 553 2338 praeter
573 2263 768 2322 Ruscinonem
791 2263 928 2338 oppidum
951 2261 1181 2324 transmiserunt.
1200 2263 1227 2319 N

175 2366 219 2434 25
351 2371 388 2428 In
409 2368 524 2427 Italiam
547 2368 659 2426 interim
688 2366 759 2424 nihil
787 2368 877 2438 ultra,
907 2381 994 2443 quam
1023 2363 1166 2425 Hiberum
1191 2366 1330 2425 transisse

268 2473 482 2544 Hannibalem,
515 2492 533 2529 a
554 2473 777 2569 Massiliensium
807 2472 911 2548 legatis
932 2473 1058 2532 Romam
1086 2472 1231 2547 perlatum
1259 2479 1328 2540 erat,

237 2586 368 2656 2quum,
390 2580 509 2656 perinde
532 2598 566 2637 ac
587 2575 612 2637 si
634 2580 726 2657 Alpes
748 2580 807 2636 iam
829 2579 987 2650 transisset,
1011 2578 1078 2635 Boii
1100 2578 1263 2637 solllcitatis
1281 2579 1328 2635 In·

267 2686 402 2744 subribus
424 2678 598 2757 deiecerunt,
620 2696 755 2759 nec-tam
770 2687 808 2742 ub
831 2693 942 2743 veteres
963 2683 993 2742 in
1007 2682 1147 2760 populum
1163 2685 1327 2744 Romanum

266 2791 343 2863 uas,
366 2809 452 2866 quam
477 2791 555 2864 quod
576 2810 668 2868 nuper
699 2792 776 2850 cirea
797 2791 912 2849 Padum
934 2789 1114 2848 Placentiam
1140 2788 1326 2850 Cremonam·

258 2917 324 2973 'que
347 2896 476 2955 colonias
507 2895 538 2953 in
566 2913 667 2972 agrum
693 2896 839 2956 Gallicum
869 2895 1007 2954 deductas
1037 2911 1112 2973 aegre
1133 2885 1326 2972 petlebantur.

236 3010 252 3064 3
267 3004 371 3078 Itaque
383 3003 473 3061 armis
488 3011 607 3078 repente
623 3002 754 3079 arreptis,
768 3003 798 3060 iu
810 3021 875 3060 eum
890 3003 985 3079 ipsum
1001 3017 1103 3078 agrum
1119 3001 1228 3077 impetu
1239 3000 1325 3069 facto,

266 3118 379 3170 tanturn
413 3108 532 3166 terroris
565 3126 599 3167 ac
629 3109 767 3167 turnultus
788 3107 933 3179 feceruut,
961 3117 1072 3166 utnon
1097 3107 1219 3182 agrestis
1241 3105 1325 3165 modo

267 3214 428 3284 multitudo,
450 3213 501 3270 sed
524 3213 580 3289 ipsi
602 3214 745 3272 triumviri
759 3214 910 3285 Romani,
933 3214 983 3289 qui
1006 3213 1043 3271 ad
1064 3231 1167 3287 agrum
1190 3218 1325 3272 venerant

267 3318 483 3395 assignandum,
514 3319 601 3378 diffisi
622 3322 779 3379 Placentiae
800 3320 942 3378 moenibus
964 3315 1106 3377 Mutinam
1139 3319 1325 3396 confugerint,

233 3425 300 3488 40.
323 3426 475 3497 Lutatius,
505 3424 539 3486 C.
561 3427 716 3499 Servilius,
745 3427 787 3484 M.
810 3427 933 3484 Annius.
981 3423 1091 3482 Lutatii
1119 3443 1226 3484 nomeu
1249 3423 1323 3483 haud

265 3534 383 3591 dubium
413 3541 470 3601 est;
502 3551 556 3607 pro
581 3533 680 3592 Annio
706 3531 887 3607 Servilioque
912 3533 961 3589 Μ’.
984 3531 1111 3589 Acilium
1148 3541 1176 3590 at
1206 3532 1239 3592 C.
1266 3531 1325 3592 He·

263 3640 394 3698 rennium
422 3638 531 3696 habeut
563 3639 680 3714 quidam
709 3627 846 3709 annales,
873 3637 922 3696 alii
954 3639 990 3696 P.
1013 3635 1178 3696 Cornelium
1201 3622 1318 3698 Asinam

234 3747 293 3804 bet
314 3744 348 3806 C.
371 3745 522 3822 Papirium
544 3746 708 3804 Masonem.
753 3744 788 3801 Id
814 3763 930 3819 quoque
954 3744 1072 3802 dubium
1099 3755 1158 3817 est,
1179 3744 1267 3822 legati
1289 3741 1321 3800 ad

263 3851 505 3929 expostulandum
529 3851 610 3908 missi
632 3852 669 3908 ad
691 3849 781 3908 Boios
803 3851 904 3908 violati
928 3851 1001 3922 sint,
1033 3867 1069 3908 an
1098 3851 1128 3907 in
1161 3851 1322 3908 triumviros

233 3958 364 4032 tagram
381 3965 520 4014 metantes
535 3957 659 4033 impetus
675 3958 712 4014 sit
726 3956 830 4016 factus.
876 3958 996 4020 Mutinae
1011 3977 1099 4032 quum
1119 3958 1322 4020 obsiderentur,
