2812 4556
323 247 401 316 16Ι
495 301 500 313 ,
599 239 677 312 Liber
694 237 769 292 XXI,
808 240 856 300 (Δ.
870 251 895 289 u.
909 251 930 287 c.
944 243 1015 299 ⁶86.)

272 427 314 484 itu
335 423 366 482 id
386 431 482 480 ratum
498 421 571 491 fore,
593 421 757 498 sipopulus
780 419 946 490 censuisset,
968 421 998 478 in
1012 421 1209 510 Hasdrubalis
1236 421 1355 480 fcadsre

272 547 326 588 nso
358 535 510 602 exceptum
539 527 598 585 tale
626 527 781 602 quidquam
811 523 913 596 luerit,
946 535 975 582 et
995 530 1040 584 tot
1061 514 1204 586 annorum
1227 528 1354 586 silentio

273 635 316 693 ita
341 634 409 690 vivo
436 651 472 689 eo
505 631 727 706 comprobatum
756 630 794 688 sit
814 629 926 700 foedus,
961 641 994 688 ut
1013 651 1051 689 ne
1080 641 1197 690 mortuo
1225 633 1355 708 quidem

242 737 393 798 ‘lauciora
414 737 569 812 quicquam
593 734 774 794 mutaretur?
809 735 997 810 Quanquam,
1026 737 1080 794 etsi
1106 737 1205 812 priore
1232 737 1355 796 foedere
1387 803 1388 830 1

273 853 413 912 staret-ur,
447 843 518 900 satis
548 851 664 898 cautum
688 849 751 898 erat
772 840 951 916 Saguntinis,
972 839 1059 898 sociis
1079 851 1277 916 utrorumque
1302 860 1354 898 ex·
1387 843 1388 918 ξ

273 949 377 1024 ceptis3
413 965 482 1004 nam
506 965 599 1020 neque
621 946 752 1004 additum
778 955 841 1004 erat
863 946 927 1015 „iia
954 946 1004 1020 qui
1024 955 1093 1004 tunc
1120 952 1249 1018 essens,
1287 964 1353 1014 nec,

242 1049 330 1125 5„ne
358 1053 408 1128 qui
438 1059 542 1128 postea
569 1056 815 1112 assumerentur“.
865 1051 905 1110 Et
944 1069 1033 1125 quum
1067 1069 1217 1110 assumere
1249 1070 1352 1110 novos
1387 1093 1388 1132 3

271 1159 371 1218 liceret
394 1155 504 1226 socios,
538 1155 602 1229 quis
624 1173 738 1230 aequum
763 1165 907 1227 censeret,
929 1163 980 1213 aut
1002 1155 1040 1214 ob
1062 1155 1142 1214 nulla
1163 1175 1350 1232 quemquam
1387 1139 1388 1212 l

272 1263 375 1321 merita
396 1261 426 1320 in
448 1259 606 1318 amicitiam
627 1259 718 1334 recipi
742 1270 793 1316 ant
813 1268 945 1335 receptos
966 1261 996 1318 iu
1019 1262 1104 1320 fidem
1129 1281 1189 1320 uon
1215 1262 1350 1332 defendi,

272 1377 384 1447 tautum
406 1385 442 1422 nc
464 1363 747 1438 Carthaginiensium
769 1365 841 1422 sccii
862 1373 913 1422 aut
934 1366 1159 1424 sollicitarentur
1181 1371 1220 1426 ad
1242 1368 1349 1426 deiec-
1387 1377 1388 1452 j

210 1457 216 1466 ¹
272 1475 379 1530 donem
402 1479 453 1528 aut
484 1487 538 1528 sua
566 1479 669 1545 sponte
690 1469 880 1526 desciscentes
902 1471 1118 1546 reciperentur?

242 1579 260 1634 6
356 1577 461 1651 Legati
482 1574 608 1632 Romani
630 1576 669 1632 ab
688 1574 875 1650 Carthagine,
897 1577 971 1634 sicut
991 1577 1027 1634 iis
1041 1579 1144 1635 Roma
1164 1579 1345 1654 imperatum

273 1691 345 1752 erat,
370 1682 400 1737 in
422 1663 608 1755 Hispaniam,
640 1688 672 1736 ut
694 1680 808 1738 adirent
828 1681 960 1739 civitates
988 1691 1017 1739 et
1038 1683 1258 1740 insacietatem
1282 1683 1345 1758 pel-

243 1787 391 1844 llicerent
413 1796 464 1844 atrt
493 1794 657 1843 averterent
684 1804 702 1841 a
722 1785 837 1855 Poenis,
864 1787 1047 1846 traiecerunt.
1100 1788 1150 1844 Ad
1179 1787 1344 1862 Bargusios

192 1941 197 1951 .
271 1892 396 1967 primum
428 1899 585 1960 venerunt,
622 1909 641 1946 a
673 1890 777 1963 quibus
804 1891 928 1966 benigue
950 1891 1081 1966 excepti,
1115 1893 1184 1966 quia
1213 1894 1343 1950 taedebat

272 1997 386 2072 imperii
407 1997 527 2067 Punici,
553 1996 660 2052 multos
690 2003 771 2050 trans
793 1995 937 2054 Hiberum
961 1998 1086 2071 populos
1109 1998 1148 2054 ad
1175 1998 1342 2072 cupidinem

243 2105 357 2160 8novae
385 2100 510 2159 fortunae
538 2109 702 2160 erexerunt.
759 2101 810 2158 Ad
836 2100 996 2160 Volcianos
1030 2103 1098 2160 inde
1133 2111 1177 2159 est
1210 2111 1341 2168 ventum,

274 2227 397 2282 qnorum
420 2207 532 2265 celebre
553 2223 606 2281 per
626 2204 800 2280 Hispaniam
823 2223 994 2280 responsum
1017 2217 1129 2266 ceteros
1153 2209 1279 2284 populos
1303 2207 1340 2262 ab

273 2313 412 2370 societate
434 2315 569 2372 Romana
599 2311 712 2370 avertit.
760 2310 808 2366 Ita
829 2309 904 2366 enim
930 2312 1075 2370 maximus
1097 2324 1168 2371 natu
1191 2334 1230 2371 ex
1245 2314 1285 2371 iis
1311 2311 1339 2366 iu
1386 2349 1387 2386 ,

243 2418 395 2475 9concilio
423 2416 587 2492 respoudit:
622 2415 713 2487 ,Qum
740 2415 915 2471 verecundia
940 2426 997 2484 est,
1020 2419 1162 2490 Romani,
1189 2419 1340 2494 postulare

169 2527 172 2532 '
272 2541 340 2593 vos,
382 2523 423 2579 uti
460 2531 587 2578 vestram
627 2519 910 2594 Carthaginiensium
956 2523 1089 2580 amicitiae
1123 2540 1338 2599 prmponamus,

273 2645 376 2701 quum,
406 2627 456 2702 qui
483 2625 514 2682 id
536 2624 681 2693 iecerunt,
711 2625 871 2696 crudelius,
901 2644 988 2701 qnam
1011 2629 1119 2686 Poenns
1145 2630 1240 2688 hostis
1272 2647 1337 2705 per·

223 2733 258 2788 10
272 2731 358 2802 didit,
394 2750 448 2807 ros
480 2731 552 2787 socii
585 2729 792 2804 prodideritisl
828 2730 875 2788 Ibi
913 2733 1049 2806 quaeratis
1089 2736 1185 2793 socios
1223 2753 1337 2802 censeo,

272 2838 322 2894 ubi
349 2836 513 2911 Saguntina
548 2835 645 2892 clades
677 2835 779 2909 ignota
811 2845 863 2892 est.
928 2838 1070 2913 Hispanis
1108 2839 1225 2915 populis
1264 2841 1338 2897 sicut

271 2942 410 3016 lugubre,
440 2941 482 2997 ita
516 2941 630 3017 insigne
661 2943 864 2999 documentum
899 2941 1023 3018 Sagunti
1051 2944 1142 3001 ruinas
1174 2956 1269 3017 erunt,
1301 2963 1337 3002 ne

223 3048 254 3102 ll
273 3048 336 3120 quis
364 3047 431 3104 fidei
453 3048 594 3104 Romanae
630 3055 681 3103 aut
711 3047 845 3104 societati
876 3049 1033 3110 confidat.“
1088 3051 1162 3106 Inde
1190 3050 1335 3126 extemplo

272 3152 352 3208 abire
373 3151 478 3208 finibus
497 3153 708 3210 Volcianorum
738 3154 823 3222 iussi,
851 3154 888 3210 ab
910 3154 989 3210 nullo
1013 3155 1116 3212 deindo
1137 3157 1260 3214 concilio
1283 3156 1335 3213 Hi·

270 3255 380 3331 spanias
408 3256 579 3330 benigniora
612 3259 704 3314 verba
731 3258 833 3317 tulere.
889 3259 938 3316 Ita
959 3260 1152 3335 nequicquam
1180 3272 1335 3336 peragrata

174 3353 222 3424 20
270 3359 419 3434 Hispania,
446 3362 476 3417 in
500 3361 630 3444 Galliam
660 3371 820 3420 transeunt.
874 3364 928 3437 'flu
961 3365 1006 3420 his
1035 3383 1113 3422 nova
1144 3366 1334 3440 terribilisque

270 3465 381 3539 species
404 3466 468 3523 visa
490 3477 547 3537 est,
579 3469 658 3542 quod
686 3469 791 3525 armati
814 3467 867 3543 (itu
889 3487 952 3525 mos
975 3471 1069 3550 gentis
1092 3473 1166 3542 erat)
1187 3471 1218 3528 in
1240 3473 1333 3529 conci-

239 3570 339 3626 21ium
362 3582 512 3633 venerunt.
559 3573 656 3646 Quum
678 3574 775 3630 verbis
796 3573 966 3631 extollentes
995 3576 1119 3651 gloriam
1141 3577 1333 3652 virtutemque
1385 3643 1386 3660 χ

269 3675 371 3750 populi
393 3676 519 3734 Romani
547 3695 582 3734 ac
607 3679 834 3754 magnitudinem
855 3679 968 3753 imperii
990 3680 1145 3755 petissent,
1177 3699 1214 3738 ne
1241 3685 1331 3740 Poeno
1385 3683 1386 3686 ’

271 3782 377 3838 bellum
409 3782 503 3840 Italiae
535 3781 670 3840 inferenti
700 3801 753 3856 per
788 3801 875 3856 agros
907 3784 1052 3858 urbesque
1081 3803 1150 3842 suas
1181 3789 1330 3845 transitum
1385 3805 1386 3818 ¹

240 3885 387 3957 ederent,
409 3895 507 3944 tantus
530 3905 594 3944 cnm
616 3886 732 3943 fremitu
755 3886 831 3942 risus
853 3886 1074 3960 diciturenim,
1101 3899 1133 3946 nt
1153 3891 1205 3947 vix
1228 3912 1246 3948 a
1271 3913 1331 3950 ma·
1385 3883 1386 3928 ἶ

239 3992 438 4068 lgietratibus
458 3991 676 4065 maioribusque
697 3999 767 4047 natu
788 3991 922 4049 iuventus
944 3993 1109 4065 sedaretur3
1132 3996 1206 4054 adso
1229 4000 1331 4057 stolida
1385 3979 1386 4071 l
