2704 4552
369 197 446 246 Liber
463 197 551 252 XXII.
588 197 635 259 (A.
651 197 696 250 cb.
710 197 782 260 217.)
1026 203 1063 259 87

15 385 46 430 rt
73 389 128 436 est
149 381 272 455 perlata
293 380 375 438 farno
388 381 431 438 rei
451 388 550 456 geste,
572 380 638 438 dein
659 382 761 439 litteris
784 401 843 439 non
863 383 957 458 magis
978 383 1107 460 ipsorum

15 481 248 556 imperatorum
276 502 364 558 quam
392 484 480 558 vulgo
510 487 632 544 militum
657 507 694 545 ex
722 496 846 563 utroque
877 488 1004 546 exercitu
1027 488 1108 546 affir-

15 597 127 658 mata,
161 609 220 664 pro
253 607 285 646 se
315 589 438 664 quiaque
458 591 622 650 Maximum
653 593 789 652 laudibus
824 593 863 650 nd
889 593 990 652 calum
1021 593 1107 656 ferre.

15 693 89 748 Par
131 694 234 768 gloria
275 695 360 769 apud
385 695 582 754 Hannibalem
620 700 778 772 hostesque
810 700 920 756 Poenos
959 707 1035 767 erat3
1072 697 1137 754 acss

15 807 87 853 tum
128 800 251 856 demum
283 800 404 871 sentire,
436 819 501 858 cum
529 803 671 860 Romanis
706 813 794 877 atquc
825 803 854 859 iu
883 801 973 860 Italia
999 801 1106 860 bellum

15 921 106 974 esse3
145 925 218 962 nam
249 905 366 962 biennio
396 914 464 964 ante
491 907 565 964 adeo
594 917 623 964 ot
649 908 737 965 ducos
764 908 916 966 Romanos
943 916 972 964 ot
1002 907 1136 964 militasti

15 1019 222 1084 spreverant,
260 1021 292 1069 ut
319 1012 371 1069 vix
403 1031 468 1070 cum
491 1011 593 1068 eadem
614 1021 701 1086 gente
722 1011 828 1068 bellum
852 1030 915 1070 esse
948 1012 1105 1084 crederent,
1139 1041 1141 1046 v

15 1115 111 1172 cuins
143 1117 306 1174 terribilem
335 1117 445 1174 famam
474 1135 492 1172 a
513 1116 645 1190 patribus
674 1117 861 1192 accepissent.
909 1117 1104 1174 Hannibalem
1122 1121 1157 1175 10

19 1235 151 1292 quoque
171 1239 211 1277 ex
230 1221 293 1278 acie
314 1223 481 1278 redeuntem
504 1221 612 1279 dixisse
635 1222 741 1293 ferunt,
763 1221 881 1280 tandem
903 1239 968 1279 eam
990 1223 1105 1294 nubem,

21 1341 94 1394 quae
117 1324 224 1382 sedere
246 1326 277 1382 iu
299 1326 373 1400 iugis
395 1326 535 1382 montium
561 1327 647 1384 solite
668 1329 716 1398 sit,
740 1347 806 1386 cum
827 1325 958 1403 procella
982 1326 1105 1384 imbrem

22 1427 157 1486 dedisse.

114 1535 199 1592 Dum
231 1537 294 1592 haec
324 1545 465 1610 geruntur
497 1536 528 1592 iu
558 1537 662 1608 Italia,
701 1535 755 1596 Cn.
790 1536 929 1602 Servilius
962 1536 1104 1596 Geminus
1157 1534 1197 1603 31

27 1641 135 1696 consul
156 1659 224 1696 cum
247 1641 340 1698 classe
362 1650 466 1698 centum
482 1645 579 1716 viginti
598 1645 716 1700 navium
738 1642 947 1700 circumvectus
962 1643 1104 1703 Sardinia

26 1754 57 1799 et
81 1742 212 1802 Corsicae
239 1764 338 1814 orem,
367 1755 396 1802 et
418 1747 567 1805 obsidibus
591 1749 725 1822 utrinque
749 1749 890 1822 acceptis,
917 1748 947 1804 iu
969 1747 1102 1806 Africum

29 1849 207 1921 transmisit,
229 1858 272 1920 et,
294 1850 464 1925 priusquam
491 1853 736 1912 incontinentem
761 1851 959 1908 escensionem
982 1850 1133 1920 faceret,2

29 1953 151 2029 Menige
179 1957 276 2013 insula
307 1964 425 2012 vastata
458 1968 487 2014 et
519 1960 557 2016 ab
584 1957 776 2015 incolentibus
808 1955 977 2026 Cercinam,
1006 1975 1044 2012 ne
1075 1963 1103 2012 et

32 2059 164 2133 ipsorum
186 2068 318 2118 ureretur
343 2059 573 2136 diripereturque
596 2081 682 2138 ager,
713 2061 811 2120 decem
842 2062 958 2120 talentis
991 2061 1103 2136 argenti

35 2167 171 2241 acceptis,
193 2168 232 2224 ad
262 2165 350 2222 litora
371 2165 481 2224 Africa
499 2168 621 2225 accessit
648 2169 806 2244 copiasque
833 2167 976 2242 exposuit.
1028 2167 1132 2230 Iude3
1191 2200 1208 2230 .

36 2271 73 2325 ed
103 2271 301 2346 populandum
331 2290 432 2346 agrum
464 2273 543 2328 ducti
573 2272 678 2330 milites
710 2274 889 2347 navalesque
921 2272 992 2330 socii
1019 2273 1102 2330 iuxte

39 2372 130 2444 effusi,
153 2395 188 2432 ec
210 2378 235 2434 si
256 2379 285 2434 in
299 2377 400 2434 insulis
419 2378 562 2436 cultorum
578 2377 728 2453 egentibus
743 2377 951 2451 praedarentur.
997 2379 1131 2452 Itaque4

39 2479 67 2533 in
96 2481 215 2539 insidias
246 2491 356 2540 temere
385 2483 473 2552 illati,
515 2503 603 2558 quum
635 2502 654 2540 a
680 2481 881 2558 frequentibus
912 2481 1045 2556 palantes
1074 2490 1102 2536 et

41 2584 131 2656 ignari
144 2588 181 2643 ab
195 2588 326 2645 locorum
340 2588 440 2663 gnaris
461 2589 744 2659 circumvenirentur,
767 2606 831 2644 cum
855 2586 947 2644 multa
968 2585 1045 2642 caede
1067 2603 1101 2642 ac

41 2687 117 2746 inda
136 2691 205 2767 fuga
226 2703 305 2750 retro
327 2694 365 2749 ad
386 2711 477 2750 naves
499 2695 641 2770 compulsi
661 2703 736 2750 sunt.
778 2694 829 2751 Ad
850 2691 929 2750 mille
942 2690 1130 2760 bominum,5

45 2811 104 2850 cum
118 2796 151 2852 iis
166 2796 339 2872 Sempronio
360 2798 457 2856 Blaeso
479 2810 622 2873 qnaestore
644 2799 762 2868 amisso,
786 2797 886 2854 classis
909 2796 947 2852 ab
968 2794 1117 2882 litoribus

45 2899 160 2958 bostium
181 2903 273 2977 plenis
296 2903 408 2978 trepide
429 2904 525 2961 soluta
546 2905 576 2960 in
599 2905 727 2964 Siciliam
750 2921 865 2960 cursum
887 2899 988 2968 tenuit,
1010 2899 1130 2961 tradi-6

47 3015 126 3078 taque
148 3009 268 3084 Lilybaei
290 3009 327 3065 Τ.
353 3008 479 3067 Otacilio
500 3010 627 3084 praetori,
649 3021 681 3067 ut
703 3010 740 3066 ab
761 3008 859 3081 legato
881 3004 945 3062 sius
964 3005 1000 3061 P.
1023 3004 1099 3063 Suro

49 3110 160 3170 Romam
191 3114 386 3171 reduceretur.
446 3115 515 3188 Ipse
546 3132 599 3188 per
635 3113 764 3172 Siciliam
796 3111 919 3187 pedibus
951 3108 1129 3185 profectus7

51 3213 114 3271 freto
139 3217 167 3273 iu
191 3219 311 3276 Italiam
340 3219 467 3289 traiecit,
498 3219 601 3276 litteris
629 3219 666 3292 Q.
688 3217 774 3275 Fabii
795 3215 905 3274 accitus
934 3223 962 3272 et
988 3217 1051 3291 ipse
1072 3225 1101 3272 et

53 3320 149 3397 college
169 3325 228 3382 eius
251 3325 292 3380 M.
315 3324 439 3394 Atilius,
462 3335 494 3380 ut
515 3325 659 3383 exercitus
682 3323 719 3380 ab
741 3339 772 3378 so
802 3329 906 3380 exacto
928 3321 986 3378 iam
1008 3341 1100 3397 prope

55 3429 166 3486 semestri
185 3429 309 3504 imperio
331 3430 504 3506 acciperent.

22 3518 31 3528 ’
123 3532 255 3592 Omnium
291 3553 383 3609 prope
427 3534 547 3592 annales
585 3535 711 3593 Fabium
752 3533 925 3590 dictatorem
960 3519 1131 3590 adversusS

58 3635 229 3697 Hannibalem
251 3659 312 3696 rem
332 3641 458 3714 gessisse
478 3641 609 3710 tradunt3
639 3639 743 3697 Caelius
771 3638 857 3694 etiam
886 3656 951 3693 eum
975 3638 1099 3712 primum

60 3745 186 3819 apopulo
208 3754 336 3803 creatum
360 3747 531 3803 dictatorem
564 3745 673 3803 scribit.
723 3745 834 3804 Sedet
857 3743 977 3800 Caelium
1001 3753 1031 3798 et
1051 3746 1130 3800 (ιθ-9

60 3855 120 3904 teros
139 3849 217 3926 fugit,
239 3853 289 3910 uni
312 3852 423 3908 consuli
445 3851 499 3913 Cn.
522 3852 655 3920 Servilio,
679 3851 810 3924 quitum
833 3849 935 3924 procul
955 3850 985 3906 iu
1000 3848 1100 3908 Gallia

60 3953 186 4020 provincie
207 3959 323 4030 aberat,
355 3958 401 4015 ius
425 3957 516 4016 fuisse
545 3956 660 4016 dicendi
681 3955 844 4026 dictatoris3
874 3972 963 4028 quam
988 3973 1098 4012 moram
1115 3958 1150 4011 10
