2812 4556
408 1522 566 1601 Liber
608 1521 760 1599 xxtt.

538 1719 637 1726 ...η-...ο

46 1801 121 1893 Iam
146 1853 199 1894 ver
230 1837 402 1912 appetebat,
433 1846 519 1911 atque
544 1837 694 1897 Hannibal
722 1857 759 1896 ex
790 1836 918 1894 hibernie
951 1837 1057 1907 movit,
1090 1849 1119 1896 et
1133 1849 1163 1898 A.
1171 1863 1197 1897 u.
1205 1841 1294 1898 etan

49 1945 245 2018 nequicquam
281 1951 349 1999 ante
380 1954 502 2002 conatus
539 1945 742 2002 transcendere
774 1941 981 2019 Appenninum
1015 1942 1117 2001 intole-

52 2051 152 2107 randis
180 2047 338 2124 frigoribus
366 2057 394 2106 et
422 2065 486 2106 cum
510 2051 620 2128 ingenti
647 2051 776 2127 periculo
805 2057 935 2107 moratus
968 2067 1003 2107 ac
1029 2060 1117 2109 metu.
1205 2112 1208 2118 ,

54 2155 145 2223 Galli,
166 2174 239 2230 quos
261 2155 366 2231 proedoe
380 2154 659 2232 populationumque
678 2157 844 2214 conciverat
864 2175 940 2232 spes,
962 2163 1147 2234 postquami

1132 1916 1289 1967 achaic.

54 2278 110 2332 pro
131 2279 173 2330 eo,
195 2269 228 2318 ut
248 2261 305 2334 ipsi
328 2279 364 2316 ex
389 2261 484 2318 alieno
506 2279 578 2337 agro
600 2273 736 2338 raperent
758 2271 948 2338 agerentque,
970 2281 1039 2321 suas
1059 2273 1119 2323 ter-

55 2383 105 2421 ras
137 2367 231 2423 sedem
262 2366 331 2423 belli
359 2383 422 2423 ease
452 2368 602 2442 premique
633 2369 783 2444 utriusque
815 2369 907 2444 partie
941 2371 1119 2429 exercituum

59 2471 183 2529 hibernis
206 2473 351 2540 vicerunt,
372 2481 521 2529 verterunt
541 2483 619 2532 retro
645 2475 674 2530 in
697 2475 891 2532 Hannibalem
920 2478 956 2534 ab
978 2479 1120 2536 Romanis

61 2577 141 2645 odia3
171 2580 336 2654 petitusque
365 2595 442 2652 saepe
470 2578 632 2654 principum
664 2579 790 2649 insidiis,
823 2581 950 2655 ipsorum
981 2583 1057 2640 inter
1088 2581 1148 2641 ee3

60 2680 167 2754 fraude,
189 2684 290 2741 eadem
311 2682 438 2754 levitate,
461 2703 520 2758 qua
541 2693 761 2754 consenserant,
790 2703 960 2745 consensum
987 2687 1118 2746 indican-

62 2789 138 2859 tium,
159 2799 290 2846 servatus
312 2796 385 2857 erat,
407 2798 435 2844 ot
456 2790 596 2847 mutando
618 2807 694 2848 nunc
712 2799 833 2860 vestem,
856 2807 932 2848 nunc
952 2786 1119 2866 tegumenta

65 2895 167 2968 capitis,
189 2914 287 2952 errore
309 2894 396 2951 etiem
421 2913 484 2952 sese
512 2896 550 2952 ab
576 2895 688 2952 insidiis
715 2895 867 2953 munierat.
915 2894 1050 2954 Ceterum
1071 2897 1118 2954 hic
1131 2897 1158 2951 4-

67 3017 173 3074 quoque
195 3002 221 3058 ei
241 3002 330 3058 timor
351 3016 440 3058 cauea
461 2999 515 3058 fuit
537 3000 677 3056 maturius
700 2999 835 3057 movendi
855 3020 893 3057 ex
913 2999 1049 3060 hibernis.

143 3107 198 3164 Per
216 3106 294 3163 idem
317 3117 430 3182 ternpus
452 3105 506 3166 On.
523 3105 662 3165 Servilius
685 3105 785 3162 consul
803 3106 905 3162 Romae
926 3105 1020 3163 idibus
1036 3107 1118 3165 Mar-

68 3209 109 3265 tiia
138 3213 333 3288 magistratum
371 3213 443 3269 iniit.
499 3211 546 3268 Ibi
574 3228 661 3285 quum
679 3207 731 3267 'de
762 3229 795 3266 re
821 3210 937 3284 publica
964 3212 1149 3282 retulisset‚5

69 3317 249 3392 redintegrata
269 3317 299 3374 in
329 3315 361 3376 O.
384 3316 561 3374 Flaminium
593 3315 704 3372 invidia
733 3323 790 3371 est:
822 3315 895 3372 duoa
924 3335 955 3374 ae
985 3319 1118 3376 consules

72 3438 179 3488 creasse,
199 3442 286 3480 unum
310 3423 434 3491 hubere;
466 3421 543 3495 quod
567 3422 641 3478 enim
663 3420 705 3477 illi
725 3420 831 3476 iustum
853 3421 1015 3496 imperium,
1040 3425 1118 3499 quod

73 3525 214 3599 auspicium
236 3525 320 3583 esee?
348 3527 539 3602 Magistratus
568 3526 596 3583 id
620 3546 638 3583 a
659 3527 762 3595 domo,
790 3525 913 3600 publicis
939 3526 1149 3604 privatisqueii

72 3630 219 3701 penatibus,
250 3631 364 3689 Latinis
392 3632 471 3689 feriis
501 3633 587 3702 actis,
619 3631 761 3688 sacrificio
792 3631 823 3686 in
852 3641 949 3688 monte
979 3633 1118 3708 perfecto,

74 3733 136 3790 rotie
155 3736 207 3793 rite
226 3738 255 3794 in
281 3736 429 3812 Capitolio
450 3735 633 3811 nuncupatis,
658 3753 755 3794 secum
779 3735 869 3805 ferra;
898 3749 952 3792 nec
973 3737 1147 3812 privatum?

77 3840 186 3914 auspicia
217 3845 314 3918 sequi,
346 3861 400 3902 nec
432 3843 493 3900 sino
523 3842 659 3918 auspiciis
687 3840 848 3916 profectum
877 3840 907 3895 in
937 3849 1057 3899 externo
1083 3861 1118 3899 ea

77 3942 126 4000 colo
144 3965 218 4006 nova
247 3958 336 4024 atque
357 3950 472 4024 integra
503 3947 655 4023 concipere
676 3963 770 4020 posse.
824 3945 984 4020 Augebant
1011 3946 1150 4003 metum8

78 4050 189 4126 prodigia
210 4071 245 4112 ex
267 4054 399 4131 pluribus
421 4054 507 4111 simui
525 4052 597 4111 locis
625 4051 774 4108 nuntiata:
806 4050 837 4106 in
859 4049 959 4108 Sicilia
982 4051 1119 4108 militibus
