2748 4556
278 239 337 294 nes
546 235 624 284 nitor
640 235 728 290 xxx.
769 235 977 300 (suessa.)

205 422 308 480 besse.
356 415 481 478 Comitia
508 419 575 478 inde
606 419 715 480 habite.
770 417 868 478 Creati
896 421 1029 480 consules
1059 420 1112 480 Cn.
1145 420 1293 480 Cornelins

55 503 222 624 Ἣζῧῗ
236 525 389 596 Lentulus,
419 527 454 584 P.
476 525 573 584 AElius
596 527 707 596 Patna,
734 536 872 602 praetores
893 527 936 586 Μ.
958 528 1061 585 Iunius
1080 528 1225 594 Pennus,
1256 525 1296 582 cni

235 649 298 690 sors
319 632 431 689 urbana
454 631 564 702 evenit3
600 633 641 690 M.
664 633 801 691 Valerius
822 633 909 691 Falto
930 634 1078 702 Bruttios,
1117 633 1164 690 M.
1190 631 1295 689 Fabius

205 737 329 796 bButeo
345 737 519 806 Sardiniam,
540 740 577 796 P.
593 738 691 798 AElius
713 740 830 797 Tubero
853 739 980 798 Siciliam
1003 751 1047 797 eet
1069 739 1207 798 semitas.
1258 738 1298 794 De

234 844 389 922 provinciis
410 845 559 902 consulum
583 843 654 902 nihil
675 854 741 902 ante
763 844 897 919 placebat
919 846 976 922 agi,
999 865 1087 921 qnam
1111 845 1209 921 legati
1233 843 1299 902 Phi·

233 951 304 1026 lippi
337 951 414 1028 regis
445 961 474 1008 et
505 949 784 1025 Carthaginiensium
824 952 915 1008 auditi
952 963 1063 1022 essent3
1106 952 1182 1010 belli
1217 951 1298 1007 linem

206 1033 369 1128 ¹lalterius,
405 1056 523 1114 alterins
545 1055 717 1132 principium
738 1057 954 1132 prospiciebant
974 1059 1089 1118 animis.
1143 1055 1202 1115 cn
1227 1056 1300 1112 Len-

235 1166 312 1222 tulus
333 1163 433 1221 consul
454 1161 610 1238 cupiditate
630 1163 777 1238 flagrabat
797 1164 953 1239 provincia
967 1163 1087 1233 Africae,
1108 1181 1166 1220 seu
1192 1162 1296 1220 bellum

235 1269 318 1338 soret,
341 1268 456 1326 facilem
479 1268 647 1338 victoriam,
671 1287 721 1326 seu
746 1269 804 1326 iam
828 1270 972 1341 finiretur,
994 1271 1067 1327 finiti
1089 1269 1170 1327 tanti
1194 1267 1295 1326 hellin

204 1369 265 1431 fise
286 1374 403 1431 consule
423 1374 544 1450 gloriam
560 1383 669 1450 petens.
708 1376 826 1450 Negare
846 1375 953 1450 itaque,
975 1377 1054 1451 prins
1071 1376 1236 1450 quicquam
1253 1372 1296 1447 agi

234 1498 395 1556 passurum,
416 1498 503 1554 quam
520 1479 574 1537 sibi
591 1480 740 1556 provincia
757 1480 859 1539 Africa
876 1483 993 1539 decreta
1014 1491 1101 1551 esset,
1120 1481 1296 1538 concedente

234 1586 359 1660 collega,
387 1585 538 1643 moderato
560 1587 623 1642 viro
646 1597 673 1643 et
694 1586 842 1661 prudenti,
871 1588 920 1662 qui
941 1588 1042 1663 glorier
1061 1587 1126 1644 eius
1151 1597 1295 1644 certamen

234 1709 297 1749 cum
321 1691 470 1767 Scipione,
497 1702 689 1766 preterquam
713 1692 790 1766 quod
811 1693 939 1767 iniquum
962 1702 1054 1763 esset,
1086 1694 1179 1750 etiarn
1204 1695 1295 1769 impar

203 1793 359 1855 9futurnm
382 1798 527 1856 cernebat.
575 1797 611 1872 Q.
633 1797 777 1855 Minucius
798 1798 942 1856 Thermus
964 1808 993 1855 et
1013 1793 1066 1856 M'.
1086 1799 1205 1856 Acilius
1222 1798 1295 1857 Gla·

234 1903 297 1961 brio
328 1904 434 1961 tribuni
461 1904 553 1981 plebis
581 1923 642 1961 rem
659 1907 756 1979 priore
776 1922 853 1960 anno
876 1905 1069 1979 nequicquam
1090 1915 1234 1962 tentatam
1258 1903 1294 1960 ab

187 2009 220 2061 10
234 2012 281 2069 Ti.
304 2010 427 2069 Claudio
456 2011 573 2069 consule
600 2009 653 2068 Cn.
676 2008 840 2067 Cornelium
863 2022 974 2069 tentare
996 2012 1134 2081 aiebant;
1169 2030 1206 2068 ex
1227 2028 1293 2067 auc-

234 2117 350 2174 toritate
371 2125 485 2193 patrum
507 2117 596 2174 latum
620 2116 657 2172 ad
684 2117 821 2191 populum
847 2136 926 2189 esse,
962 2119 1043 2175 cuius
1065 2119 1178 2175 vellent
1206 2119 1290 2192 impe

234 2224 307 2280 rium
338 2224 367 2280 in
396 2224 500 2282 lifrica
527 2242 607 2293 essa;
643 2241 742 2280 omnes
770 2223 895 2298 quinque
925 2233 953 2281 et
983 2224 1105 2298 triginta
1136 2227 1230 2283 tribus
1256 2225 1289 2280 P.

186 2326 215 2378 ll
234 2328 361 2404 Scipioni
389 2330 417 2387 id
446 2330 597 2405 imperium
626 2330 765 2388 decresse.
811 2329 911 2386 Multis
946 2331 1184 2388 contentionibus
1214 2330 1290 2387 etin

233 2445 334 2491 senatu
356 2445 384 2492 et
407 2437 445 2493 ad
469 2435 607 2512 populum
633 2445 699 2493 acta
721 2454 768 2492 ras
789 2445 936 2511 postremo
958 2455 993 2492 eo
1014 2436 1145 2494 deducta
1170 2448 1232 2508 est,
1262 2445 1289 2492 nt

185 2534 219 2590 ¹2
233 2542 345 2598 senatui
367 2542 574 2617 permitterent.
621 2542 726 2598 Patres
741 2541 829 2615 igitur
842 2541 929 2598 iurati
945 2541 998 2616 (ita
1010 2542 1086 2598 enim
1102 2541 1289 2616 convenerat)

232 2658 418 2718 censuerunt,
455 2648 496 2704 uti
518 2647 649 2706 consules
671 2646 835 2721 provincias
856 2647 936 2704 inter
949 2665 980 2705 se
1002 2662 1216 2723 compararent
1236 2667 1290 2706 sor·
1371 2637 1372 2646 ¹

232 2753 402 2822 tirenturve,
439 2765 502 2809 uter
530 2753 665 2823 Italiam,
697 2762 760 2808 uter
788 2753 909 2809 classem
938 2753 1054 2810 navium
1080 2755 1290 2830 quinquaginta

185 2853 218 2906 ¹3
232 2861 369 2929 haberet3
397 2858 443 2916 cui
465 2857 565 2914 classis
587 2857 767 2928 obvenisset,
789 2858 818 2914 in
841 2857 968 2916 Siciliam
991 2860 1165 2934 navigaret3
1186 2861 1214 2918 si
1235 2877 1289 2936 pax

233 2986 296 3023 cum
327 2963 611 3039 Carthaginiensibus
638 2963 772 3038 componi
801 2964 966 3037 nequisset,
998 2966 1027 3022 in
1046 2965 1183 3023 Africam
1215 2968 1291 3024 traii-

232 3081 324 3140 ceret3
346 3069 445 3127 consul
464 3069 546 3140 mari,
568 3069 666 3144 Scipio
683 3070 795 3139 eodem,
810 3089 868 3144 quo
885 3071 988 3141 adhuc,
1002 3071 1065 3128 inre
1082 3073 1200 3148 imperii
1217 3083 1290 3131 terra

186 3179 218 3231 ll
232 3197 292 3235 rem
323 3184 451 3251 gereret;
485 3175 510 3232 si
537 3175 720 3232 condiciones
742 3175 928 3232 convenirent
948 3178 1045 3252 pacis,
1067 3179 1289 3256 tribuniplebis

232 3282 371 3358 populum
393 3291 544 3357 rogarent,
573 3290 667 3338 utrum
690 3281 834 3338 consulem
858 3301 894 3338 an
917 3284 953 3340 P.
974 3282 1140 3358 Scipionem
1159 3286 1288 3344 iuberent

231 3407 332 3465 pacem
365 3389 452 3457 dare,
484 3398 513 3444 et
545 3406 646 3462 quem,
682 3386 705 3442 si
735 3387 929 3462 deportandus
958 3389 1100 3447 exercitus
1131 3392 1228 3450 victor
1255 3413 1288 3450 ex
1369 3371 1370 3376 ἵ

184 3494 218 3548 15
233 3495 336 3552 Africa
354 3503 438 3566 esset,
460 3493 622 3569 deportare.
661 3492 693 3551 Si
709 3511 810 3568 pacem
826 3513 877 3569 per
891 3495 926 3552 P.
942 3493 1106 3569 Scipionem
1124 3497 1193 3555 dari
1205 3508 1288 3574 atque

233 3601 270 3657 ab
292 3601 392 3657 eodem
414 3601 569 3658 exercitum
592 3598 738 3674 deportari
761 3598 926 3669 iussissent,
950 3618 986 3656 ne
1007 3597 1109 3656 consul
1131 3617 1171 3656 ex
1193 3599 1287 3660 Sicilie

184 3706 219 3761 16
232 3707 261 3763 in
276 3704 407 3764 Africam
433 3705 586 3763 traiiceret.
622 3705 705 3762 Alter
727 3706 836 3772 consul,
857 3705 902 3761 cui
926 3705 1013 3762 Italia
1034 3704 1197 3775 evenisset,
1219 3705 1285 3762 duas

138 3805 176 3874 ‘ll
231 3813 359 3888 legiones
395 3831 413 3868 a
443 3814 486 3872 M.
522 3811 622 3870 Sextio
649 3822 772 3886 praetore
799 3810 950 3884 acciperat.
998 3811 1035 3872 P.
1067 3809 1201 3885 Scipioni
1226 3829 1284 3868 cnm
1368 3815 1369 3818 ’

232 3918 420 3987 exercitibus,
460 3937 532 3992 quos
558 3918 695 3985 haberet,
730 3916 759 3972 in
788 3915 938 3990 provincia
967 3913 1072 3972 Africa
1099 3927 1283 3992 prorogatun

174 4030 176 4038 “
201 4022 390 4096 2impen'um.
439 4021 631 4092 Praetoribus,
654 4022 694 4081 M.
718 4020 837 4078 Valerio
866 4020 984 4078 Faltoni
1012 4021 1077 4077 dnae
1104 4020 1235 4097 leffl'onsa
1259 4023 1283 4078 in
