2704 4552
326 250 380 304 ma
557 285 567 302 .
591 245 669 294 siser
686 245 773 295 xxii.
812 247 860 309 (a.
875 261 899 296 u.
916 264 937 298 a
952 247 1027 311 aas.)

248 437 378 489 lomnes
400 438 475 500 sunt,
497 447 626 488 seorsum
649 429 727 488 cives
750 431 889 505 sociique.
933 431 1011 488 Dum
1034 431 1075 489 ibi
1098 441 1224 508 tempus
1246 432 1292 487 teri

278 534 388 592 interea
416 553 504 610 quum
538 553 575 592 ex
602 535 760 592 maioribus
795 537 912 607 cestris,
947 537 1051 610 quibus
1084 537 1163 594 satis
1189 537 1291 594 virium

278 641 366 697 animi
388 639 452 706 fuit,
465 641 512 698 ad
528 651 666 714 quattuor
688 640 779 696 millia
799 641 948 698 hominum
970 652 999 698 et
1013 641 1131 698 ducenti
1156 643 1280 716 equites,

278 745 402 822 agmine,
424 745 473 802 alii
494 746 586 822 palati
607 745 715 821 passim
737 763 790 819 per
811 763 909 820 agros,
931 747 1010 820 quod
1031 748 1111 804 hand
1134 748 1239 804 miuus
1261 759 1288 802 tu

279 863 351 922 aret,
372 851 531 911 Canusium
553 849 761 926 perfugissent,
785 863 883 908 castra
902 851 969 925 ipsa
990 853 1028 909 ab
1050 852 1161 910 sauciis
1185 851 1334 924 timidisqa

249 959 380 1022 beadem
405 958 582 1026 condicione,
617 975 675 1030 qua
704 955 806 1026 altera,
829 957 936 1013 tradita
966 957 1053 1019 hosti.
1107 959 1222 1014 Praeda
1251 958 1332 1030 ingens

277 1073 363 1139 parta
385 1075 442 1132 est,
472 1075 501 1120 et
528 1074 633 1137 preter
653 1079 744 1134 equos
766 1063 904 1136 virosque
926 1071 954 1118 et
975 1063 999 1118 si
1023 1063 1091 1136 quid
1116 1062 1236 1136 argenti
1259 1057 1331 1134 (quoi

278 1168 432 1242 plurimum
456 1168 486 1224 in
507 1167 635 1243 phaleris
659 1185 799 1239 equorum
823 1177 900 1234 erat3
922 1185 990 1222 nam
1012 1167 1051 1224 ad
1066 1167 1249 1223 vescendum
1269 1166 1331 1221 factu

277 1275 452 1349 perexiguo,
486 1273 585 1346 utique
612 1271 783 1341 militantes,
814 1269 981 1347 utebantur)
1004 1271 1098 1328 omnis
1121 1281 1224 1328 cetera
1250 1269 1330 1346 praeds

248 1379 440 1454 ddiripienda
461 1379 532 1434 data
553 1388 605 1433 ast.
649 1377 725 1432 Tum
755 1374 913 1449 sepeliendi
938 1393 1029 1432 causa
1056 1375 1186 1434 conferri
1210 1378 1240 1434 in
1260 1393 1327 1432 unuu

279 1501 404 1558 corpora
426 1501 544 1539 suorum
565 1480 662 1549 iussin
692 1481 729 1536 ad
751 1492 817 1538 octo
841 1481 932 1538 millia
953 1479 1044 1538 luisse
1065 1483 1204 1540 dicuntur
1225 1482 1328 1540 fortissi-

278 1606 390 1644 morum
426 1588 564 1643 virorum.
614 1583 769 1642 Consulem
803 1604 920 1661 quoque
949 1588 1115 1644 Romanum
1151 1588 1327 1662 conquisitam

278 1692 489 1766 sepultumque,
512 1691 630 1766 quidam
653 1701 786 1747 auctores
808 1701 884 1748 sunt.

249 1803 263 1854 t
361 1797 437 1867 Eos,
473 1797 521 1871 qni
556 1795 713 1854 Canusium
743 1793 944 1870 peffugerant,
975 1794 1079 1852 mulier
1105 1797 1210 1872 Apula
1231 1797 1327 1853 nomine

278 1902 372 1972 Busa,
403 1922 509 1979 genere
531 1902 611 1959 clara
640 1919 675 1956 ao
697 1899 813 1970 divitiis,
845 1899 987 1956 moenibus
1015 1909 1128 1958 tantum
1157 1902 1326 1976 tectisqnaa

278 2006 433 2066 Canusinis
458 2017 607 2082 acceptos,
629 2005 790 2074 frumento,
812 2016 909 2072 vesta,
931 2005 1038 2062 viatico
1060 2007 1149 2064 etiam
1168 2009 1256 2078 iuvit,
1287 2022 1326 2080 pro

279 2133 338 2188 qna
360 2115 386 2171 ai
408 2112 603 2171 munificentia
624 2121 736 2186 postea,
759 2110 836 2167 bello
858 2108 1004 2184 perlecto,
1033 2113 1071 2169 ab
1093 2124 1197 2170 senatu
1219 2114 1325 2170 honoras

183 2209 227 2278 53
277 2219 370 2276 habiti
403 2230 479 2275 sunt.
542 2215 677 2273 Ceterum
714 2234 802 2290 quum
838 2215 879 2272 ibi
910 2216 1018 2273 tribuni
1049 2217 1172 2274 militum
1208 2227 1326 2292 quattuor

278 2337 387 2394 essent,
409 2323 520 2380 Fabius
543 2321 691 2378 Maximus
713 2322 749 2377 de
770 2321 884 2396 legione
905 2321 1013 2396 prima,
1036 2323 1117 2379 cuius
1141 2334 1227 2398 peter
1247 2323 1325 2398 priore

248 2425 354 2484 2anno
378 2428 503 2484 dictator
525 2427 635 2496 fuerat,
666 2426 753 2484 etde
774 2425 887 2499 legione
909 2424 1036 2481 secunda
1064 2425 1098 2481 L.
1120 2426 1269 2482 Publicius
1287 2423 1339 2498 Bt,

278 2533 362 2590 bulus
385 2543 414 2589 et
431 2533 467 2589 P.
483 2532 635 2590 Cornelius
657 2531 756 2604 Scipio
772 2541 801 2586 et
815 2530 851 2586 de
866 2529 979 2604 legione
1000 2528 1086 2584 tertia
1107 2531 1188 2605 App.
1203 2529 1339 2602 Claudius}

248 2636 418 2707 3Pulclter,
441 2638 491 2712 qui
511 2639 644 2713 proxime
665 2637 756 2694 edilis
786 2635 894 2704 fuerat,
923 2632 1050 2690 omnium
1082 2651 1224 2691 consensu
1245 2635 1282 2689 ad
1299 2633 1323 2688 P.

279 2743 442 2817 Scipionem
466 2744 622 2801 admodum
637 2743 833 2798 adolescentem
856 2750 882 2796 et
902 2741 943 2796 ad
962 2742 1043 2814 App.
1059 2737 1214 2797 Claudium
1228 2755 1324 2796 summa

249 2848 393 2923 simperti
423 2846 520 2904 delata
551 2858 604 2907 est.
654 2847 767 2920 Quibus
798 2845 1027 2902 consultantibus
1058 2845 1135 2902 inter
1167 2863 1272 2921 paucos
1299 2843 1324 2896 da

278 2971 392 3010 summa
415 2971 511 3010 rerum
534 2952 647 3008 nuntiat
668 2952 704 3008 P.
728 2950 833 3006 Furius
855 2950 972 3019 Philus,
1000 2950 1161 3008 consularis
1182 2951 1236 3008 viri
1254 2949 1324 3005 filius.

279 3059 471 3134 nequicquam
494 3075 545 3112 eos
567 3056 710 3131 perditam
725 3074 805 3130 spem
828 3055 945 3124 fovera;
969 3055 1153 3129 desperat-am
1178 3055 1323 3130 complora-

250 3163 396 3237 5tamque
418 3182 478 3220 rem
502 3178 565 3216 esse
586 3161 748 3235 publicam3
770 3160 881 3218 nobiles
902 3161 1020 3216 iuvenes
1043 3162 1198 3234 quosdam,
1220 3177 1322 3236 quorun

278 3268 436 3343 principem
463 3268 496 3322 L.
520 3263 667 3323 Caecilium
690 3266 850 3334 Metellum,
874 3284 957 3322 mare
977 3283 1013 3322 ac
1033 3283 1125 3322 neves
1146 3275 1321 3344 spectarent

248 3372 393 3428 ddeserta
414 3370 503 3429 Italia
523 3369 560 3426 ad
587 3389 688 3445 regum
711 3372 836 3444 aliquem
859 3369 1061 3445 transfugiant.
1111 3371 1199 3443 Quod
1224 3372 1322 3428 malou.

278 3483 473 3550 praeterquam'
494 3484 590 3546 atrox,
612 3494 700 3550 super
722 3485 766 3532 tot
787 3474 884 3530 clades
906 3475 992 3530 etiam
1014 3493 1138 3546 novum,
1169 3495 1254 3551 quum
1278 3486 1321 3530 stu·

277 3598 350 3655 pore
371 3599 406 3637 ao
428 3579 569 3637 miraculo
592 3581 724 3658 torpidos
746 3570 901 3650 defixisset,
925 3579 974 3653 qui
996 3579 1127 3650 aderaut,
1147 3591 1178 3638 et
1191 3581 1320 3638 consilium

279 3685 482 3743 advocandum
511 3688 548 3744 de
576 3706 610 3744 eo
633 3697 795 3754 censerent,
824 3697 913 3759 negat
940 3685 1052 3743 consilii
1073 3703 1133 3742 rem
1157 3703 1221 3744 esse
1242 3685 1321 3759 Scipio

249 3790 401 3861 liuvenis,
422 3789 521 3850 fatalis
543 3792 603 3848 dux
622 3792 741 3849 huiusce
762 3789 839 3846 belli.
888 3790 1063 3848 Audendum
1085 3800 1173 3865 atqua
1188 3792 1321 3867 agendum,

279 3915 338 3953 non
360 3897 581 3954 consultandum
613 3896 655 3952 ait
675 3897 705 3951 in
731 3905 813 3951 tauto
836 3894 914 3952 malo
939 3914 1012 3956 esse.
1058 3895 1139 3952 Irent
1165 3915 1258 3954 secum
1283 3913 1321 3950 ex-

247 4000 386 4075 8templo
409 4001 529 4070 armati,
559 3999 692 4072 quirem
721 3998 868 4072 publicam
892 4001 1005 4056 salvam
1034 4000 1157 4070 vellent3
1185 4001 1262 4058 nulla
1285 4017 1320 4054 va·
