2680 4546
297 234 334 288 42
561 229 640 278 Liber
656 228 758 278 xxvi.
800 229 847 292 (Δ.
861 243 888 280 ιι.
903 243 926 280 c.
941 227 1016 292 544.)

253 414 328 471 inter
354 411 465 489 primos
493 411 612 470 nomina
641 429 695 468 sua
721 411 828 470 velient
852 412 883 470 in
904 411 1030 487 publicis
1060 411 1174 470 tabuiis
1195 429 1266 482 esse,
1293 438 1302 457 »κ

253 537 306 576 nec
341 518 485 576 triumviri
521 517 692 592 accipiundo
727 535 781 576 neo
815 517 918 576 scribac
952 515 1116 574 referundo
1155 516 1249 574 suffic

204 629 239 685 12
253 625 340 681 Hunc
362 639 533 681 consensum
557 629 675 678 senatus
697 631 831 698 equester
860 623 933 680 ordo
955 629 999 679 est
1019 630 1159 694 secutus,
1191 621 1299 696 eques?

253 729 361 786 ordinis
394 728 485 804 plebs.
544 727 593 784 Ita
622 726 684 784 sine
705 726 815 798 edicto,
842 727 904 784 sine
931 727 1113 784 coercitione
1143 729 1239 803 magis

252 853 305 892 nec
324 833 433 908 remige
463 833 493 889 in
514 832 745 908 supplementum
772 850 826 890 neo
846 832 991 907 stipendio
1018 850 1069 889 res
1092 833 1218 907 publice
1237 833 1301 908 egu'd

250 939 420 1014 paratisque
457 937 590 996 omnibus
617 937 655 996 sd
683 937 806 1008 bellum,
832 937 964 996 consoles
997 937 1027 994 in
1058 939 1234 1014 provinciae
1259 958 1295 1013 p·
1329 991 1330 994 ,

253 1045 321 1102 fecti
343 1053 418 1102 sunt.

337 1151 443 1224 Neque
457 1147 536 1206 eliud
551 1144 674 1224 [magis]
690 1155 804 1222 tempus
819 1145 887 1204 belli
908 1144 972 1216 fuit,
991 1165 1051 1221 quo
1065 1145 1295 1222 Carthaginis
1330 1177 1331 1184 κ

253 1255 436 1329 Romanique
465 1254 575 1330 pariter
603 1253 692 1310 variis
720 1251 835 1310 casibus
862 1251 987 1310 immixti
1018 1253 1128 1327 magis-
1149 1253 1181 1308 in
1215 1253 1294 1328 arcipi

222 1358 304 1436 ispe
325 1379 361 1418 ac
382 1370 460 1417 metu
480 1358 597 1419 fuerint.
640 1359 718 1416 Nam
741 1358 882 1416 Romanis
904 1365 933 1414 et
956 1358 985 1415 in
1010 1357 1190 1432 provinciis,
1212 1359 1296 1416 binc
1330 1428 1331 1431 Ἴ

252 1465 398 1541 Hispania
426 1464 556 1523 adversae
582 1482 643 1534 ras,
685 1464 752 1522 hino
781 1481 928 1539 prosperae
964 1463 994 1519 iu
1022 1461 1128 1520 Sicilia
1163 1465 1268 1521 luctum
1294 1490 1303 1511 ι

222 1569 379 1628 alcaicum
408 1568 602 1638 miscuerant,
631 1573 668 1628 'et
697 1569 726 1625 in
754 1568 842 1626 Italia
867 1587 956 1642 quum
986 1569 1157 1626 Tarentum
1191 1571 1275 1628 amisa
1295 1598 1304 1619 e·

252 1677 359 1732 damno
382 1684 411 1730 et
432 1674 536 1743 dolori,
568 1681 629 1730 tum
652 1692 707 1730 arx
728 1691 792 1729 cum
815 1673 950 1748 praesidio
971 1683 1087 1730 retenta
1110 1683 1225 1749 praeter
1247 1694 1303 1732 sou
1332 1667 1333 1694 ³

221 1780 359 1855 dgaudio
393 1777 463 1849 fuit,
501 1788 530 1836 et
557 1786 697 1836 terrorem
727 1777 852 1834 subitum
882 1797 1084 1853 pavoremque
1112 1780 1201 1838 urbis
1228 1782 1305 1838 Rota>
1332 1775 1333 1786 ¹

253 1887 378 1943 obsessa
410 1895 439 1943 et
460 1893 635 1958 oppugnata
657 1882 762 1957 Capua
792 1894 861 1958 post
892 1883 952 1940 dies
974 1902 1087 1958 paucos
1109 1887 1254 1960 captain
1293 1912 1295 1917 ·

141 2028 145 2037 ι
222 1990 343 2047 btitiam
359 1989 454 2048 vertit.
498 1988 715 2046 Transmarinae
731 2005 847 2062 quoque
868 2006 914 2045 res
940 1989 1069 2063 quadam
1095 1990 1166 2048 vice
1179 1999 1296 2065 pensata
1332 1974 1333 2023 i

251 2095 404 2170 Philippus
425 2094 517 2152 hostis
544 2104 675 2168 tempore
696 2093 774 2150 haud
802 2093 873 2150 satis
894 2103 1061 2170 opportuno
1084 2093 1203 2166 factus,
1232 2097 1302 2154 AEb·

250 2199 319 2256 novi
342 2199 443 2258 adsciti
467 2198 539 2255 socii
553 2198 730 2272 Attalusque
751 2198 832 2256 Asiae
852 2217 915 2269 rex,
935 2199 995 2255 iam
1016 2199 1100 2256 velut
1126 2201 1305 2277 despondeo

221 2303 369 2360 diortuna
394 2303 536 2361 Romanis
563 2304 716 2378 imperium
747 2303 875 2360 orientis.
919 2302 1182 2379 Carthaginienses
1210 2327 1305 2382 quoq

250 2407 363 2482 Capuae
401 2409 515 2466 emisam
558 2410 719 2466 Tarentum
759 2418 876 2484 captum
910 2411 1082 2483 aequabant,
1141 2422 1173 2469 et
1215 2423 1246 2469 ut
1283 2416 1311 2459 d

250 2514 356 2570 muenia
378 2514 457 2571 urbis
479 2515 620 2572 Romanae
641 2513 720 2570 nullo
747 2513 918 2588 prohibente
939 2517 1165 2590 supervenisse
1186 2519 1214 2574 in
1228 2518 1272 2592 glo
1298 2544 1300 2559 1

221 2617 407 2693 iponebent
428 2619 469 2676 ita
483 2620 602 2694 pigebat
622 2617 694 2676 irriti
714 2618 831 2694 incepti,
852 2619 1038 2695 pudebatque
1054 2622 1131 2680 adeo
1153 2641 1187 2680 se
1200 2633 1295 2697 spreto

251 2735 291 2795 ut,
314 2724 479 2782 sedentibus
509 2724 580 2798 ipsis
605 2724 642 2780 ad
664 2725 799 2782 Romans
823 2724 943 2792 mannia,
977 2724 1036 2780 alia
1066 2735 1158 2799 porta
1180 2729 1308 2786 exercituo

219 2828 400 2888 8Ronranus
429 2830 459 2887 in
486 2828 660 2902 Hispaniam
690 2829 851 2888 duceretur.
909 2829 985 2905 Ipsa
1017 2848 1137 2906 qnoque
1161 2833 1304 2907 Hispanis

250 2954 308 3010 quo
323 2937 442 3011 propius
457 2952 538 3008 spem
553 2943 702 3003 venerant,
717 2935 804 2990 tantis
820 2934 933 2991 duobus
950 2935 1072 2994 discibus
1087 2938 1302 3010 exercitibusque

248 3041 330 3096 caesis
352 3039 525 3097 debellatum
553 3038 594 3100 ibi
621 3056 656 3094 ac
676 3039 777 3112 pulsos
798 3039 865 3096 inde
886 3041 1037 3098 Romanos
1067 3057 1148 3112 esse,
1187 3061 1220 3100 eo
1241 3041 1302 3115 plus.

249 3146 286 3201 ab
311 3146 344 3200 L.
358 3145 481 3213 Marcio,
503 3144 691 3201 tumultuario
707 3144 789 3213 duce,
812 3145 848 3200 ad
864 3163 971 3202 vanum
994 3154 1023 3202 et
1037 3145 1151 3204 irritum
1166 3148 1300 3205 victoriam

218 3249 395 3308 9redaotam
417 3268 489 3320 esse,
511 3235 724 3324 indignationis
741 3251 918 3324 praebebant.
960 3250 1010 3306 Ita
1035 3262 1170 3325 aequmate
1190 3251 1300 3310 fortuna

248 3374 389 3431 suspensa
410 3356 509 3413 omnia
528 3357 658 3431 utrisque
672 3365 764 3425 erant,
785 3355 899 3429 integra
919 3373 980 3429 spe,
1000 3355 1116 3432 integro
1131 3368 1214 3428 metu,
1235 3357 1299 3414 velut

248 3460 299 3517 illo
321 3469 451 3536 tempore
473 3461 597 3534 primum
620 3461 726 3518 bellum
751 3459 919 3534 inciperent.

153 3555 201 3624 38
332 3565 528 3624 Hannibalem
550 3575 618 3623 ante
640 3567 738 3624 omniu
759 3567 894 3640 angebat,
917 3565 996 3640 quod
1016 3564 1122 3642 Capua
1142 3565 1297 3642 pertinacim

250 3679 420 3744 oppugnata
443 3671 481 3728 ab
502 3671 643 3728 Romanis
666 3689 752 3745 quam
775 3669 897 3728 defensa
928 3672 965 3728 ab
989 3689 1022 3728 se
1043 3673 1196 3730 multorum
1214 3670 1296 3728 Italic

217 3774 422 3850 2p0pulorum
446 3776 558 3833 animos
578 3785 738 3846 averterat,
769 3793 855 3850 quos,
872 3794 965 3850 neque
998 3795 1100 3834 omnes
1121 3787 1211 3834 tenere
1229 3791 1295 3849 pre-

137 3915 143 3924 ·
247 3878 337 3948 sidiis‚
357 3879 412 3936 nisi
434 3880 520 3938 vellet
535 3881 569 3964 ‘in
580 3882 699 3945 <multas
720 3901 887 3957 parvasque
902 3891 1001 3956 partes
1014 3900 1135 3958 carpere
1148 3879 1294 3939 exercitum.

248 3983 326 4054 quod
348 3983 465 4039 minime
486 3993 548 4040 tum
570 3985 753 4059 expediebat,
785 3994 909 4060 poterat,
929 4005 992 4058 nec,
1013 3987 1144 4045 deductis
1163 3982 1294 4061 presidiis
