2680 4546
343 218 423 270 Liber
438 215 556 268 xxvn.
593 220 640 286 (Δ.
655 218 702 272 cn.
716 217 787 282 aee.)
1023 221 1061 278 69

12 400 138 477 legione
174 403 339 478 eademqne
370 402 463 460 classe
484 403 689 462 Macedoniam
711 402 841 460 obtinere
860 403 941 460 iusso
961 421 1103 479 proroga·

11 517 73 564 tnm
107 508 145 566 in
183 528 292 568 annum
319 509 482 586 imperium.
525 508 661 584 Triginta
689 508 910 584 quinqueremes
941 526 978 566 ex
1005 507 1105 568 Sicilie

10 613 196 672 Tarentum
229 615 267 672 ad
289 616 326 690 Q.
348 616 474 674 Fabium
496 615 644 674 consulem
666 614 740 672 mitti
761 613 860 684 iussn3
893 621 990 672 cetera
1011 614 1104 672 classe
1120 620 1156 677 16

9 719 195 792 praedatum
217 720 248 777 in
273 720 407 780 Africam
431 730 482 780 sut
507 720 571 796 ipse
593 721 636 780 M.
656 719 951 792 ValeriusLoers'nus
980 722 1105 778 traiicere

7 833 59 880 nat
99 826 232 884 mittere
269 845 321 884 seu
361 828 397 888 L.
420 825 551 886 Cincium
585 843 637 884 sen
666 825 709 885 M.
738 824 890 882 Valerium
924 826 1103 885 Messallam.

7 931 77 987 Nec
104 931 151 988 de
175 931 323 1007 Hispania
342 932 497 1007 quicquam
514 939 666 1002 mutatum,
688 929 744 988 nisi
766 931 845 1005 quod
865 948 925 988 non
947 932 977 990 in
996 951 1102 990 annum
1119 936 1153 991 17

8 1035 163 1111 Scipioni
192 1037 362 1113 Silanoque,
385 1037 436 1096 sed
461 1038 553 1095 donec
573 1035 704 1094 revocati
722 1037 763 1112 ,ab
785 1045 886 1094 senatu
908 1037 1013 1111 forent,
1034 1057 1102 1114 pro·

7 1152 167 1216 rogatum
199 1142 351 1218 imperium
379 1151 432 1205 est.
480 1141 528 1200 Ita
547 1141 705 1217 provincia
727 1141 964 1218 exercituumque
984 1143 1014 1202 in
1037 1161 1102 1202 eum

9 1266 134 1306 annum
161 1248 273 1323 partita
292 1248 423 1324 imperia.

111 1354 205 1412 Inter
240 1353 383 1434 maiomm
416 1370 513 1410 rerum
551 1369 636 1410 curas
671 1351 788 1409 comitia
816 1353 937 1410 maximi
965 1352 1100 1425 curionis,
1153 1353 1177 1424 8

12 1477 113 1532 quum
151 1460 183 1516 in
213 1458 310 1520 locum
340 1458 384 1516 M.
406 1457 521 1516 AEmilii
547 1457 683 1516 sacerdos
708 1467 865 1531 crearetur,
885 1468 969 1516 vetus
991 1459 1101 1517 excita·

14 1573 134 1622 verunt
157 1572 324 1633 certamen,
360 1563 489 1638 patriciis
510 1563 683 1637 negantibus
705 1561 740 1626 C.
763 1564 886 1622 Mamilii
910 1564 1018 1636 Atelli,
1051 1565 1132 1640 qui2

16 1688 97 1726 unus
135 1689 174 1728 ex
206 1669 290 1744 plebe
312 1670 439 1743 petebat,
459 1657 624 1726 habendam'
645 1669 788 1728 rationem
810 1687 890 1740 esse,
925 1671 994 1747 quia
1015 1689 1101 1728 nemo

17 1784 91 1832 ante
118 1795 188 1834 aum
212 1775 267 1832 nisi
290 1793 326 1852 ex
347 1775 479 1850 patribus
501 1774 531 1831 id
553 1773 748 1832 sacerddtium
772 1774 930 1834 habuisset.
978 1776 1132 1842 Tribuni3

19 1881 173 1956 appellati
194 1880 233 1936 ad
251 1889 383 1938 senatum
401 1880 642 1950 remreieeerunt3
665 1887 782 1936 senatus
804 1880 904 1954 populi
928 1888 1101 1955 potestatem

18 1985 109 2056 lecit3
133 1987 178 2044 ita
202 1985 313 2060 primus
335 2003 372 2042 ex
393 1985 477 2060 plebe
499 1994 614 2043 creatus
637 1985 782 2042 maximus
804 1984 884 2042 curio
902 1983 936 2044 0.
952 1984 1101 2042 Mamilius

20 2092 156 2150 Atellus.
208 2091 249 2148 Et
274 2090 420 2148 flaminem
448 2089 565 2148 Dialem
594 2089 716 2148 invitum
746 2089 916 2165 inaugurari
946 2090 1042 2165 coegit
1066 2090 1131 2150 Rs

23 2197 164 2254 Licinius
194 2195 328 2273 pontifex
355 2195 500 2252 maximus
528 2193 561 2252 O.
586 2194 738 2252 Valerium
766 2195 919 2265 Flaccum
956 2195 1102 2256 decemvir

24 2303 125 2359 sacris
146 2300 291 2359 faciundis
313 2309 427 2360 creatus
449 2299 479 2357 in
501 2300 598 2358 locum
621 2299 657 2373 Q.
682 2300 774 2359 Mucii
797 2299 936 2360 Scaevolae
958 2299 1101 2358 demortui

28 2405 61 2464 C.
82 2407 243 2464 Latonius.
287 2404 415 2464 Causam
442 2404 611 2478 inaugurari
638 2406 733 2463 coacti
760 2406 885 2464 flaminis
911 2405 1005 2464 libens
1032 2406 1131 2466 reti-5

27 2514 173 2583 cuissem,
205 2512 236 2568 ni
268 2531 306 2570 ex
335 2511 414 2568 mala
436 2508 518 2566 fama
539 2509 570 2566 in
602 2511 709 2568 bonam
732 2513 873 2570 vertisset.
922 2510 970 2569 Ob
1000 2511 1100 2570 edele-

30 2620 173 2676 scentiam
195 2617 387 2693 negligentem
410 2615 649 2692 luxuriosamque
671 2615 705 2674 C.
727 2617 851 2674 Flaccus
871 2617 978 2675 flamen
1000 2627 1101 2693 captus

31 2713 249 2784 anLicinio
270 2723 406 2798 pontifice
429 2721 558 2779 maximo
580 2731 652 2792 erat,
675 2723 709 2782 L.
722 2722 831 2780 Flacco
853 2722 938 2780 fratri
961 2741 1101 2797 germano

31 2830 224 2905 cognatisque
246 2828 310 2886 aliis
333 2829 370 2886 ob
395 2827 496 2885 eadem
518 2826 590 2885 vitis
612 2826 730 2884 invisus.
777 2827 817 2896 Is,
840 2836 871 2884 ut
890 2827 1018 2885 animum
1040 2828 1131 2893 eius6

32 2951 105 2992 cura
125 2953 278 2992 sacrorum
296 2941 325 2990 et
339 2932 569 2990 cerimoniarum
585 2931 670 3006 cepit,
691 2933 733 2988 ita
742 2939 861 3007 repente
875 2931 955 2989 exuit
965 2917 1101 3007 antiquos

34 3056 146 3110 mores,
172 3048 206 3096 nt
226 3057 311 3096 nemo
333 3046 396 3096 tota
416 3038 564 3095 iuventute
584 3038 740 3096 haberetur
760 3036 841 3111 prior
868 3055 922 3097 nec
950 3037 1101 3114 probatior

34 3143 210 3216 primoribus
232 3153 358 3218 patrum,
380 3143 440 3200 suis
461 3143 570 3218 pariter
585 3143 753 3218 alienisque,
775 3151 859 3200 esset.
899 3144 995 3201 Huius
1014 3142 1130 3207 famael

35 3265 176 3306 consensu
214 3249 307 3308 elatus
336 3249 374 3305 ad
394 3248 500 3306 iustam
523 3248 658 3306 fiduciam
680 3247 725 3305 sui
746 3267 808 3306 rem
832 3249 1027 3308 intermissam
1047 3267 1102 3324 per

36 3345 255 3412 multos'annos
278 3355 316 3412 ob
343 3353 543 3429 indignitatem
565 3354 713 3411 flaminum
735 3355 865 3429 priorum
886 3354 1035 3429 repetivit,
1070 3354 1100 3410 in

37 3469 166 3518 senatum
197 3471 229 3518 ut
256 3460 397 3519 introiret.
443 3460 611 3535 Ingressum
635 3478 700 3518 sum
722 3460 833 3518 curiam
855 3478 942 3534 quam
966 3461 1001 3517 L.
1022 3459 1131 3523 Lici-8

38 3565 99 3622 nius
120 3576 227 3641 praetor
248 3565 315 3624 inde
336 3566 493 3636 eduxisset,
514 3565 645 3624 tribunos
666 3564 759 3640 plebis
774 3564 942 3639 appellavit.
977 3564 1100 3623 Flamen

39 3678 177 3728 vetretum
214 3671 260 3728 ius
297 3670 452 3728 sacerdotii
480 3671 644 3745 repetebat:
676 3670 776 3727 datum
797 3669 828 3726 id
848 3687 913 3726 cnm
937 3678 1007 3746 toga
1027 3689 1101 3744 prar-

41 3783 116 3832 texts
144 3784 172 3832 et
197 3774 270 3832 sella
296 3775 388 3834 curuli
419 3776 445 3833 ei
473 3774 602 3832 flaminio
633 3792 705 3831 esse.
750 3774 865 3831 Praetor
890 3793 950 3832 non
979 3751 1130 3837 exoletisd

42 3889 180 3938 vetustate
197 3881 345 3938 annalium
368 3881 508 3956 exemplis
530 3887 609 3938 stare
630 3878 684 3950 ius,
709 3879 760 3937 sed
780 3879 984 3938 recentissima
1005 3880 1100 3937 cuius·

44 4001 95 4056 qus
106 3984 320 4044 consuetudinis
331 4003 385 4042 usn
397 3985 531 4042 volabat:
552 4004 606 4044 nec
620 3993 736 4060 patmm
755 4003 808 4042 neo
823 4004 945 4043 avomm
959 3985 1100 4043 memoria
