2812 4556
409 269 812 336 mmmmm
939 227 1099 332 ‘u

134 448 335 526 Priusquam
357 459 437 510 carta
452 453 536 510 buius
554 454 643 512 cladis
665 454 747 514 fama
769 455 922 527 acciderat,
943 463 1141 532 transgressus
1194 449 1233 519 di

44 555 207 614 Hiberum
226 558 404 616 Hasdrubal
425 577 489 616 cnm
511 569 578 618 octo
599 561 726 620 millibus
746 561 885 638 peditum,
907 559 984 618 mille
1002 560 1141 636 equitum,

43 671 202 736 tanquam
232 665 276 721 ad
298 664 422 740 primurn
446 665 600 724 adventum
622 657 823 726 Rornanorum
846 680 1027 738 occursurus,
1055 675 1140 741 post·

43 785 140 840 quam
166 770 314 843 perditas
335 788 383 828 res
415 770 451 826 ad
478 769 583 829 Cissim
615 773 781 846 amissaque
808 780 905 830 castra
933 771 1059 847 accepit,
1085 772 1141 831 iter

45 874 84 929 ad
108 851 205 932 mare
232 875 388 932 convertit.
435 875 525 932 Haud
549 878 651 952 procul
677 879 846 935 Tarracone
869 876 1007 934 classicos
1036 876 1171 938 milites2

44 981 252 1056 navalesque
272 979 369 1038 socios
399 997 492 1056 vagos
518 982 708 1058 palantesque
735 1001 788 1059 per
809 997 912 1058 agros,
943 982 1023 1057 quod
1048 981 1140 1041 ferme

43 1088 89 1155 fit,
114 1095 153 1142 ut
178 1087 327 1144 secunde
348 1104 395 1143 res
417 1085 621 1162 negligentiam
644 1096 751 1158 creent,
772 1087 868 1163 equite
895 1087 1003 1164 passim
1019 1087 1139 1145 dimisso

48 1210 117 1248 cum
141 1211 271 1269 magna
292 1193 386 1264 cade,
407 1171 518 1251 maiore
539 1191 611 1268 iuge
632 1194 669 1249 ad
691 1211 781 1250 naves
808 1193 968 1269 compellit3
995 1211 1048 1251 nec
1075 1193 1170 1255 diu-3

49 1298 108 1354 tias
132 1299 226 1357 clrca
252 1319 288 1356 ea
311 1297 378 1357 loce
399 1299 508 1356 morari
531 1315 634 1368 ausus,
658 1308 695 1354 rte
709 1299 747 1355 ab
762 1297 898 1374 Scipione
920 1299 1140 1374 opprimeretur,

52 1410 137 1458 trans
171 1403 329 1460 Hiberum
356 1421 420 1460 sese
454 1403 570 1479 recapit.
629 1403 669 1461 Et
704 1403 802 1479 Scipio
828 1403 935 1479 raptim
962 1405 999 1461 ad
1027 1403 1170 1465 famam4

52 1525 212 1565 novorum
250 1509 377 1566 hostiurn
411 1510 526 1584 agmine
552 1518 633 1579 acto,
667 1527 754 1583 quum
786 1509 826 1583 in,
849 1527 958 1584 paucos
985 1509 1138 1586 praefectos

55 1612 182 1670 navium
223 1613 493 1682 animadvertisset,
523 1613 659 1689 praesidio
688 1615 858 1672 Tarracone
891 1615 1006 1673 modico
1028 1615 1138 1686 relicto,

54 1716 227 1792 Emporias
250 1739 315 1776 cum
339 1718 432 1778 classe
459 1719 552 1777 rediit.
594 1719 724 1777 Vixdum
747 1719 877 1794 digresso
902 1737 948 1791 eo,
969 1721 1170 1779 Hasdrubali

59 1823 175 1896 aderat,
200 1834 235 1882 et
254 1826 412 1900 Ilergetum
433 1825 560 1902 populo,
583 1825 633 1898 qui
655 1824 770 1882 obsides
792 1824 921 1900 Scipioni
943 1825 1079 1896 dederat,
1101 1826 1139 1883 ad

59 1927 262 1988 defectionem
284 1931 419 2006 impulso,
440 1947 620 1989 cumeorum
643 1929 772 2004 ipsorum
794 1929 941 1987 iuventute
955 1948 1050 2004 agros
1069 1929 1140 1986 fide·

62 2031 131 2090 lium
156 2035 307 2092 Romanis
330 2036 475 2093 sociorum
490 2043 597 2095 vastat.
640 2033 747 2093 Excito
769 2035 872 2092 deinde
894 2032 1030 2108 Scipione
1043 2035 1171 2095 biber-6

63 2137 118 2207 nis,
149 2149 221 2198 toto
244 2140 285 2197 cis
307 2139 452 2196 Hiberum
472 2157 574 2197 rursus
602 2140 677 2198 cedit
700 2159 780 2215 agro.
825 2138 922 2214 Scipio
948 2139 1079 2196 relictam
1102 2141 1140 2197 ab

67 2249 190 2302 auctore
226 2245 396 2302 defectionis
428 2245 584 2320 Ilergetum
615 2254 730 2320 gentem
759 2265 847 2320 quum
874 2243 980 2302 infesto
1011 2242 1140 2301 exercitu

69 2343 243 2419 invasisset,
273 2349 431 2424 compulsis
453 2351 587 2408 omnibus
609 2353 795 2426 Atanagrum
823 2351 942 2420 urbem,
965 2367 1029 2424 quae
1051 2357 1140 2424 caput

72 2450 130 2507 eius
152 2454 258 2529 populi
281 2463 358 2525 erat,
382 2455 580 2525 circumsedit,
607 2456 743 2530 introque
764 2455 825 2513 dies
851 2473 977 2530 paucos,
1007 2453 1170 2531 pluribusl

73 2573 157 2626 quam
181 2554 252 2617 ante
274 2561 424 2619 obsidibus
445 2562 603 2637 imperatis,
624 2561 764 2637 Ilergetes
784 2561 908 2636 pecunia
928 2560 1014 2617 etiam
1035 2559 1140 2618 multe·

74 2668 116 2718 tos
132 2663 161 2720 in
176 2665 224 2722 ius
239 2665 443 2741 dicionemque
457 2667 576 2742 recepit.
620 2667 693 2723 Inde
711 2667 739 2723 in
756 2669 923 2724 Ausetanos
938 2684 1033 2741 prope
1048 2665 1139 2723 Hibe·
1155 2668 1175 2725 8

76 2784 145 2838 rum,
168 2771 266 2829 socios
289 2779 318 2827 et
336 2772 415 2846 ipsos
438 2773 613 2843 Poenorum,
643 2771 788 2847 procedit,
820 2778 907 2850 atque
937 2773 1008 2829 urbe
1040 2789 1140 2829 eorum

77 2872 208 2947 obsessa,
242 2877 408 2934 Lacetanos
441 2877 580 2936 auxilium
614 2877 742 2934 finiIImis
771 2875 897 2934 ferentes
928 2885 1028 2945 nocte,
1061 2876 1141 2933 haud

81 2981 173 3046 procul
196 2983 255 3038 iarn
279 2985 360 3054 urbe,
383 3003 471 3058 quum
493 2985 601 3040 intrare
620 2983 734 3052 vellent,
758 2983 871 3057 excepit
891 2981 1011 3043 insidiis
1056 2979 1172 3038 Caesad

80 3081 115 3136 td
135 3085 287 3144 duodecim
319 3089 424 3158 millia3
452 3092 532 3146 exuti
552 3105 644 3164 prope
669 3107 769 3146 omnes
794 3087 882 3144 armis
904 3085 1007 3142 domos
1031 3086 1140 3161 passim

82 3186 205 3256 palantes
227 3211 281 3268 per
303 3209 390 3266 agros
412 3189 641 3268 diffugere,'nec
664 3194 800 3250 obsessos
822 3193 881 3249 alia
901 3192 962 3250 ulla
981 3211 1029 3250 res
1051 3211 1139 3267 quarn

82 3287 172 3366 iniqua
195 3299 432 3373 oppugnantibus
460 3297 551 3355 hiems
578 3299 737 3355 tutabatur.
785 3298 920 3372 Triginta
941 3297 1002 3355 dies
1025 3297 1139 3355 obsidio
1155 3299 1191 3352 ¹0

83 3392 145 3470 fuit,
166 3421 219 3478 per
244 3421 318 3477 quos
345 3421 414 3459 raro
444 3419 573 3476 unquam
600 3403 651 3459 nix
677 3403 771 3461 minus
799 3413 937 3479 quattuor
962 3404 1050 3478 pedes
1079 3403 1140 3460 alta

84 3499 176 3576 iacuit,
207 3506 341 3580 adeoque
362 3507 475 3581 pluteos
506 3523 540 3564 ac
561 3507 662 3564 vineas
686 3509 884 3566 Romanorum
910 3517 1078 3584 operuerat,
1108 3517 1140 3566 ut

87 3624 115 3663 aa
134 3611 203 3683 sola,
231 3611 347 3685 ignibus
370 3611 522 3686 aliquoties
547 3613 682 3670 coniectis
705 3614 742 3669 ab
763 3614 855 3684 hoste,
878 3614 964 3671 etiam
993 3623 1139 3673 tutamen·

87 3718 138 3770 lum
167 3716 264 3776 fuerit.
325 3715 480 3775 Postremo
514 3735 601 3792 quum
634 3718 790 3775 Amusicus
817 3717 951 3792 princeps
974 3735 1074 3775 eorum
1101 3719 1138 3776 ad
1156 3721 1190 3776 ll

88 3811 290 3878 Hasdrubalem
313 3821 504 3898 profugisset,
528 3823 629 3897 viginti
652 3824 764 3896 argenti
785 3823 900 3880 talentis
921 3823 1000 3898 pacti
1030 3824 1139 3880 dedun-

89 3926 154 4004 tur·¹
176 3927 376 3985 Tarraconem
397 3929 427 3984 in
449 3929 571 3986 hiberna
591 3928 712 3984 reditum
735 3937 787 3986 est.
