2680 4546
307 261 325 318 4
575 255 654 306 Liber
670 253 772 306 XXVI.
809 251 855 318 (Δ.
870 267 896 302 u.
909 267 932 303 c.
946 253 1021 317 beu.)

232 439 361 514 2Quum
391 435 483 496 effuse
510 433 610 496 omnes
637 437 785 513 fugerent,
816 453 848 493 se
877 453 994 512 qnoque
1016 435 1106 492 turba
1130 437 1276 507 ablatum,
1292 447 1322 523 tt,

233 545 429 606 3Varronem
444 541 590 601 Cannensi
604 559 713 619 pugna,
735 549 767 598 ut
787 541 894 599 multos
915 539 989 598 alios
1009 542 1220 617 imperatores.
1264 527 1324 616 Qui

265 657 362 708 autem
384 647 486 710 solum.
500 666 533 706 se
553 656 710 706 restantem
733 646 872 720 prodesse
893 645 935 702 rei
962 646 1103 720 publicas,
1132 647 1241 705 nisisi
1263 625 1324 708 nuti

234 751 320 813 4sua
341 753 470 812 remedio
491 752 616 829 publicis
638 751 769 809 cladibus
789 749 889 807 futura
910 759 996 820 esset,
1016 751 1174 825 potuisse?
1217 735 1324 818 Norici

265 859 365 934 inopia
387 864 565 916 commeatus
586 849 674 931 [non]
698 856 729 912 in
750 855 816 912 loca
837 855 938 929 iniqua
957 855 1075 912 incaute
1091 857 1260 925 deductum,
1276 873 1321 928 un,

267 965 383 1040 agmine
414 961 599 1037 inexplorato
627 968 742 1018 euntem
771 959 882 1016 insidiis
907 957 1140 1029 circumventum
1174 962 1205 1017 vi
1228 943 1324 1036 aperui

267 1067 366 1139 armis,
387 1066 450 1124 acie
470 1063 588 1122 victum.
634 1064 700 1121 Nec
721 1081 839 1122 snorum
864 1062 976 1122 animos
997 1081 1051 1121 nec
1076 1065 1211 1122 hostium
1232 1067 1262 1122 in
1278 1083 1321 1140 μοχ·

266 1179 371 1228 testate
392 1170 544 1238 habuiss03
574 1185 658 1232 sunm
688 1167 793 1241 cuique
819 1167 964 1242 ingenium
993 1168 1151 1226 audaciam
1177 1179 1228 1227 aut
1247 1150 1320 1244 parci

236 1278 327 1332 brem
349 1274 455 1332 facere.
500 1273 552 1330 Bis
573 1280 618 1330 est
632 1281 784 1330 accusatus
799 1272 979 1348 pecuniaque
994 1272 1187 1346 anquisitum.
1228 1273 1324 1346 Tertiql

266 1379 388 1438 testibus
409 1379 495 1449 datia,
517 1397 616 1452 quum,
647 1383 841 1451 preterquam
864 1377 942 1451 quod
969 1376 1104 1432 omnibus
1127 1378 1246 1452 probris
1267 1357 1324 1438 orel

266 1485 397 1553 rebatur,
419 1483 507 1540 iurati
527 1483 663 1558 permulti
690 1480 833 1552 dicerent,
865 1481 942 1554 fugae
968 1481 1150 1556 pavorisque
1181 1481 1284 1538 initium
1323 1537 1324 1542 ,

235 1590 391 1661 dpraetore
411 1594 516 1657 ortum,
539 1588 577 1644 ab
600 1605 635 1644 co
657 1586 788 1642 desertos
810 1584 923 1654 milites,
953 1602 1042 1657 quum
1065 1586 1147 1642 baud
1171 1584 1324 1648 vanuml's,

266 1683 384 1747 mo'rem'
401 1689 482 1746 ducis
503 1689 667 1759 cmderent,
698 1698 782 1763 terga
807 1687 929 1756 dedisse,
961 1695 1044 1766 tanta
1065 1689 1114 1746 ira
1138 1709 1262 1750 accenm

236 1801 299 1854 'lut
326 1794 422 1868 capite
451 1793 661 1867 anquirendum
693 1792 791 1850 contio
825 1791 1025 1850 succlamaret.
1080 1796 1130 1852 De
1157 1815 1195 1852 eo
1222 1814 1275 1878 quo
1323 1825 1324 1856 ι

266 1915 374 1956 novum
396 1908 542 1956 conamen
572 1907 682 1966 ortum3
715 1916 784 1954 nam
814 1915 902 1972 quum
932 1897 977 1954 bis
1006 1899 1134 1972 pecunia
1154 1901 1265 1974 anquis'

117 2025 122 2030 ·
158 2069 161 2074 ,
236 2004 352 2063 Stertio
388 2003 491 2078 capitis
525 2017 558 2058 se
594 2001 748 2074 anquirere
784 2002 904 2071 diceret,
938 2001 1046 2059 tribuni
1077 2003 1173 2078 plebis
1202 2024 1270 2081 appe
1323 2034 1324 2068 ι

267 2105 385 2182 collegae
405 2113 550 2182 negarunt
570 2123 602 2162 sa
623 2105 655 2160 in
676 2123 759 2162 mora
780 2123 860 2175 esse,
889 2121 947 2178 quo
969 2105 1074 2176 minus,
1093 2098 1189 2182 'quod
1211 2111 1236 2166 ei
1255 2129 1278 2165 m

267 2210 410 2267 maiorum
442 2209 614 2285 permissum
646 2217 737 2280 esset,
772 2227 823 2266 seu
848 2208 960 2283 legibus
989 2227 1042 2266 seu
1068 2213 1203 2270 moribus
1231 2233 1271 2270 ma
1323 2243 1324 2276 ι

266 2314 450 2388 anquireret,
486 2314 584 2388 quoad
611 2314 659 2371 vel
688 2313 792 2388 capitis
814 2313 861 2370 vel
881 2313 1011 2388 pecunie
1031 2314 1194 2374 iudicasset
1214 2318 1324 2392 privata,

224 2425 253 2480 ,9
267 2419 346 2476 Tum
372 2417 561 2494 Sempronius
591 2417 796 2492 perduellionis
824 2437 855 2478 se
881 2417 1010 2475 iudicare
1037 2417 1091 2476 Cn.
1121 2421 1230 2478 Fulvio
1253 2420 1310 2485 dixit,

150 2525 153 2531 ’
219 2532 253 2585 10
267 2523 403 2597 diemque
424 2523 547 2580 comitiis
569 2523 606 2579 ab
626 2521 663 2580 C.
686 2520 847 2597 Calpurnio
869 2530 993 2597 praetore
1013 2524 1128 2582 urbano
1144 2527 1225 2600 petit,
1260 2511 1324 2582 ludu¹

267 2627 326 2684 alia
347 2644 414 2702 spes
436 2629 473 2685 ab
495 2645 545 2684 reo
567 2634 681 2684 tentata
708 2634 765 2696 est,
796 2625 821 2683 ai
844 2624 946 2684 adesse
965 2625 1126 2685 in‘iudicio
1155 2630 1192 2702 Q.
1216 2630 1309 2688 Fulvius

267 2729 359 2788 freter
378 2741 487 2806 posset,
508 2732 615 2788 florens
636 2739 697 2786 tum
729 2739 758 2787 et
778 2727 859 2788 iaiha
880 2747 976 2788 rerum
997 2742 1147 2804 gestarum
1170 2743 1199 2791 et
1219 2733 1307 2809 propiu-

221 2840 250 2893 ll
269 2853 327 2910 qua
348 2853 400 2911 spe
421 2834 531 2911 Capua
551 2835 705 2912 potiundae.
756 2835 792 2891 Id
816 2853 903 2908 quum
926 2853 978 2908 per
1001 2834 1113 2893 litteras
1136 2837 1306 2896 miserabiltu

268 2960 321 3016 pro
342 2939 442 2999 fratris
464 2941 559 3016 capite
579 2941 702 3014 scriptas
724 2937 844 3014 petisset
857 2937 988 3008 Fulvius,
1009 2952 1224 3017 negassentque
1237 2949 1304 3018 patra

221 3047 285 3103 lle
305 3046 472 3120 republica
494 3063 558 3102 esse
579 3043 696 3102 abscedi
718 3060 737 3099 a
761 3040 875 3116 Capua,
895 3041 1053 3117 postquam
1075 3045 1138 3102 dies
1154 3045 1303 3104 comitiorum

197 3143 204 3156 ’
269 3150 380 3219 aderat,
402 3147 456 3208 Cn.
477 3150 598 3207 Fulvius
621 3146 783 3206 exsulatum
806 3146 984 3220 Tarquinios
1005 3148 1087 3209 abiit.
1130 3151 1169 3206 Id
1189 3151 1302 3207 eiiustm

269 3252 401 3310 exsilium
424 3270 487 3311 esse
505 3253 595 3310 scivit
610 3252 701 3327 plebs.
732 3321 735 3324 Ι

173 3352 195 3418 4
351 3357 431 3412 Inter
454 3358 516 3414 haec
537 3357 581 3416 vis
604 3355 696 3413 omnis
719 3353 786 3410 belli
806 3371 892 3410 versa
914 3355 944 3412 in
966 3355 1100 3432 Capuam
1123 3365 1199 3427 eral3
1220 3353 1301 3413 obside

268 3462 355 3518 batur
369 3469 466 3518 temen
482 3461 681 3535 acrius‘quam
696 3458 929 3532 oppugnabatur,
952 3479 1007 3518 nec
1022 3471 1073 3519 aut
1087 3461 1195 3520 famem
1211 3461 1300 3518 tolercrt

269 3565 388 3621 servitia
415 3583 451 3622 ac
475 3565 556 3640 plebs
580 3571 716 3640 poterant
736 3570 788 3618 aut
808 3562 922 3619 mittere
943 3566 1059 3623 nuntios
1080 3567 1119 3623 ad
1139 3561 1299 3623 Hannibales

238 3669 321 3742 2per
342 3668 489 3726 custodias
511 3679 570 3726 tam
594 3677 683 3728 artas.
728 3668 869 3724 Inventus
891 3678 934 3726 est
955 3669 1094 3741 Numida,
1123 3671 1182 3746 qui,
1206 3660 1299 3737 croculi³

268 3771 370 3830 litteris
404 3791 558 3831 evasurum
590 3791 621 3828 se
654 3771 820 3845 professus,
854 3781 1008 3847 praestaret
1028 3775 1215 3848 promissum.
1261 3768 1299 3822 Per

268 3876 365 3948 media
386 3879 522 3934 Romana
543 3883 640 3935 castra
661 3885 747 3932 nocte
768 3893 900 3950 egressus
922 3895 1003 3951 spem
1019 3878 1152 3935 accendit
1165 3867 1298 3948 Campania

269 3981 337 4035 ‹lum
360 3980 469 4052 aliquid
491 3981 596 4036 virium
618 3988 790 4053 superesset,
814 3979 851 4036 ab
874 3980 953 4035 omni
973 3989 1057 4054 parte
1076 3982 1298 4056 erupuonemten·
