2700 4426
428 207 507 258 nitor
523 207 624 259 xxm.
661 207 708 274 (Δ.
722 205 771 262 oh.
785 208 859 271 ars.)
1076 208 1130 265 137
1197 226 1199 229 ’

195 395 242 452 lbi
263 401 377 469 partem
408 391 545 448 maiorem
578 392 680 448 hiemis
711 391 869 448 exercitum
900 391 929 447 in
958 372 1174 460 tectis'habuit,
1191 390 1227 445 10

110 500 251 558 adversus
281 497 379 555 omnia
408 499 536 554 humana
568 497 645 554 mala
675 515 752 572 saepe
774 515 808 553 ac
837 497 886 553 din
916 497 1059 565 duratum,
1092 495 1175 551 bonis

109 603 294 678 inexpertum
317 611 405 676 atque
431 603 585 659 insuetum.
624 603 738 675 Itaque,
768 620 841 677 quos
869 602 948 659 nulla
976 601 1043 658 mali
1066 600 1175 657 vicerat
1191 602 1223 655 11

110 709 165 778 vis,
187 707 339 782 perdidere
360 708 451 765 nimia
471 709 549 765 bona
571 725 606 764 ac
627 708 793 782 voluptates
814 706 991 776 immodicae,
1015 715 1044 762 et
1065 725 1100 764 eo
1122 707 1175 763 im·

109 786 238 888 pensius,
260 830 318 886 quo
342 812 455 870 avidius
476 831 513 868 ex
527 811 681 870 insolentia
704 813 732 869 in
754 831 804 870 eas
826 831 858 870 se
879 819 1047 869 merserant.
1090 811 1175 869 Som-
1192 811 1227 868 12

109 935 165 974 nus
192 917 268 974 enim
299 927 327 975 et
357 918 455 974 vinum
487 928 515 974 et
536 919 628 992 epula
655 927 685 975 et
706 922 811 977 'scorta
832 918 1005 990 balineaque
1026 924 1054 972 et
1076 916 1175 984 otium,
1218 908 1222 914 ³

110 1022 318 1079 consuetudine
339 1023 368 1079 111
383 1023 444 1080 dies
465 1023 609 1094 blandius,
630 1024 671 1081 ita
686 1031 895 1082 enervaverunt
910 1041 1034 1096 corpora
1049 1020 1175 1081 animos-

110 1146 177 1200 que,
201 1139 232 1185 ut
254 1127 347 1202 magis
370 1127 473 1184 deinde
494 1130 646 1202 praeteritae
672 1130 800 1187 victoriae
827 1147 877 1185 eos
903 1146 991 1202 quam
1019 1131 1175 1201 'praesentes

110 1241 274 1290 tutarentur
303 1221 394 1303 vires,
426 1233 577 1307 maiusque
607 1236 637 1291 id
664 1245 815 1310 peccatum
847 1235 927 1291 ducis
960 1235 1037 1308 apud
1066 1234 1174 1309 peritos
1191 1231 1226 1287 13

110 1338 217 1395 artium
233 1338 398 1396 militarium
414 1340 578 1408 haberetur,
601 1358 688 1413 quam
712 1340 790 1414 quod
804 1358 863 1396 non
885 1358 922 1396 ex
944 1338 1090 1396 Cannensi
1113 1338 1175 1395 acie
1242 1366 1244 1369 ·

109 1445 244 1519 protinus
273 1444 311 1500 ad
344 1445 444 1501 urbem
477 1445 642 1501 Romanam
669 1445 813 1513 duxisset3
842 1446 893 1501 illa
923 1445 997 1501 enim
1030 1443 1174 1501 cunctatio

110 1550 256 1606 distulisse
278 1549 365 1605 modo
393 1549 544 1607 victoriam
567 1549 659 1605 videri
687 1551 795 1624 potuit,
823 1551 870 1607 hio
891 1569 973 1607 error
1000 1551 1077 1608 vires
1106 1551 1174 1607 ade·

111 1655 198 1712 misse
220 1656 259 1712 ad
282 1655 464 1713 vincendum.
512 1656 618 1728 Itaque
638 1654 763 1725 hercule,
784 1656 864 1712 velut
877 1657 902 1712 si
924 1674 988 1712 cum
1012 1656 1069 1712 alio
1091 1674 1174 1712 exer·
1191 1661 1227 1714 14
1267 1691 1269 1695 -

110 1761 169 1817 citu
196 1780 214 1817 1
238 1759 342 1836 Capua
363 1761 469 1830 exiret,
498 1760 569 1816 nihil
590 1779 712 1834 usquam
740 1762 868 1835 pristinae
895 1761 1052 1835 disciplinae
1074 1759 1173 1817 tenuit.

110 1867 190 1924 Nam
220 1874 250 1922 et
277 1864 423 1923 redierunt
449 1865 580 1940 plerique
608 1866 710 1923 scortis
736 1865 867 1941 impliciti
900 1874 944 1933 et»,
972 1865 1022 1920 ubi
1050 1864 1173 1939 primum
1192 1871 1226 1924 15

110 1970 165 2028 sub
191 1970 314 2045 pellibus
335 1971 437 2028 haberi
458 1954 545 2046 coepti
567 1981 643 2043 sunt,
663 1971 771 2045 niaque
792 1980 821 2027 et
842 1971 916 2027 alius
938 1969 1069 2026 militaris
1090 1969 1175 2026 labor

112 2076 241 2150 excepit,
271 2074 397 2132 tironum
427 2077 514 2134 modo
544 2079 714 2154 corporibus
748 2054 909 2150 animisque
931 2075 1117 2144 deficiebant,
1146 2084 1174 2130 et
1190 2079 1225 2133 16

110 2181 216 2238 deinde
236 2199 289 2255 per
310 2199 396 2238 omne
417 2182 583 2239 oestivorum
611 2194 725 2257 tempus
747 2198 854 2255 magna
875 2199 944 2255 pars
965 2181 1027 2237 sine
1048 2198 1173 2237 comme-

109 2287 208 2344 atibus
246 2287 284 2344 ab
304 2283 406 2361 ‘signis
443 2287 662 2356 dilabebantur,
698 2305 792 2360 neque
828 2285 891 2343 aliae
927 2286 1045 2346 latebrae
1086 2305 1172 2360 quam

107 2390 214 2467 Capua
232 2389 426 2448 desertoribus
448 2401 539 2446 erant.

193 2495 330 2554 Ceterum
352 2495 517 2551 mitescente
538 2495 596 2552 iam
619 2495 722 2565 hieme,
745 2497 847 2554 educto
870 2515 907 2552 ex
928 2496 1055 2552 hibernis
1077 2495 1174 2562 milite,
1228 2491 1267 2559 19

107 2601 271 2677 Casilinum
300 2600 387 2670 redit,
417 2599 481 2670 ubi,
515 2619 681 2674 quanquam
715 2602 752 2657 ab
784 2600 1000 2676 oppugnatione
1032 2603 1204 2658 cessatum2

108 2714 189 2775 erat,
232 2705 345 2762 obsidio
383 2713 481 2763 tamen
520 2707 656 2763 continua
689 2707 851 2782 oppidanos
883 2699 1106 2780 praesidiumque
1138 2706 1175 2763 ad

108 2811 244 2868 ultimum
264 2810 370 2884 inopiae
392 2787 564 2868 adduxerat.
609 2811 721 2870 Castris
744 2813 885 2870 Romanis
915 2812 962 2871 Ti.
987 2810 1204 2885 Sempronius3

107 2923 248 2992 praeerat,
279 2915 421 2973 dictatore
452 2917 647 2991 auspiciorum
673 2917 893 2992 repetendorum
927 2933 1016 2973 causa
1043 2914 1174 2989 proiecto

106 3023 245 3080 Romam.
293 3021 464 3078 Marcellum
495 3028 524 3078 et
553 3020 647 3095 ipsum
677 3022 838 3096 cupientem
862 3022 939 3078 ferre
960 3020 1099 3077 auxilium
1122 3021 1205 3080 ob-4

108 3127 197 3186 sessis
220 3135 249 3182 et
271 3125 433 3182 Vulturnus
461 3125 554 3180 amnis
575 3124 691 3183 inflatus
714 3128 796 3202 aquis
819 3137 848 3184 et
868 3145 968 3202 preces
991 3126 1173 3184 Nolanorum

108 3242 199 3307 atque
219 3233 437 3290 Acerranorum
460 3230 605 3301 tenebant,
629 3230 795 3306 Campanos
818 3233 995 3303 timentium,
1025 3233 1049 3290 si
1076 3231 1174 3307 praesi-

107 3337 188 3394 dium
231 3337 398 3395 Romanum
442 3337 637 3394 abscessisset
700 3337 852 3395 Gracchus
890 3340 1020 3397 assidens
1061 3343 1204 3394 tant-emt

109 3441 250 3513 Casilino,
277 3443 346 3517 quia
367 3442 535 3523 praedictum
561 3451 624 3498 erat
644 3443 808 3513 dictatoris,
840 3462 877 3500 ne
906 3443 974 3518 quid
997 3445 1116 3500 absente
1138 3460 1173 3500 eo

106 3551 149 3607 rei
170 3556 294 3624 gereret,
315 3547 386 3604 nihil
408 3548 552 3617 movebat,
576 3565 752 3622 quanquam,
774 3567 838 3622 quae
860 3547 945 3606 facile
967 3567 1080 3605 omnem
1097 3547 1174 3622 pati·

108 3656 216 3712 entiam
239 3655 396 3721 vincerent,
419 3651 627 3710 nuntiabantur
641 3672 660 3709 1
674 3652 817 3723 Casilin03
839 3672 907 3711 nam
930 3662 957 3709 et
978 3653 1203 3727 praecipitasseti

107 3779 139 3818 se
161 3759 305 3834 quosdam
328 3777 386 3816 non
407 3758 565 3815 tolerant-es
586 3757 694 3816 famem
718 3762 880 3829 constabat,
903 3768 931 3815 et
952 3766 1029 3814 stare
1049 3757 1173 3813 inermes

107 3867 137 3923 in
157 3866 260 3936 muris,
281 3846 362 3922 nuda
380 3882 505 3939 corpora
528 3864 565 3920 ad
587 3865 736 3921 missilium
760 3864 882 3922 telorum
906 3863 979 3920 ictus
1002 3863 1171 3938 praebentes.

106 3973 155 4030 Ea
182 3989 260 4048 aegre
287 3971 400 4046 patiens
429 3969 597 4041 Gracchus,
628 3989 715 4044 quum
745 3988 838 4044 neque
865 3987 991 4045 pugnam
1021 3985 1173 4026 conserere
1208 3970 1223 4021 7
