2700 4426
407 126 485 176 mun
502 125 627 175 xxvnr.
664 124 860 189 (111111.)
901 158 906 167 -
1069 131 1118 184 111

111 307 273 381 defendant,
298 330 386 386 quum
408 321 507 369 euntes
527 311 558 367 iu
578 310 709 386 proelium
731 311 839 386 pavida
852 319 1042 386 prosequetur
1059 293 1165 369 coniurr

111 425 139 472 et
160 416 243 490 parvi
260 417 343 474 liberi
365 420 567 478 occursabant.
615 417 691 491 Quid
712 436 810 492 porro,
831 418 855 475 si
878 417 948 474 satis
970 418 1070 478 confisi
1092 416 1163 475 Oar—
1181 419 1215 474 12

110 523 303 597 thaginienses
325 541 465 580 consensu
487 522 612 594 Africae,
640 524 697 581 fide
718 523 861 608 sociqrum
883 542 1001 598 regum,
1023 522 1164 580 moenibus

110 629 185 698 suis,
221 647 309 703 quum
341 636 390 685 tuo
423 630 621 704 exercitusque
655 630 697 686 tui
723 629 855 705 praesidio
884 629 1021 686 nudatam
1049 629 1163 686 Italiam

110 734 242 804 viderint,
264 734 339 792 ultro
361 733 417 809 ipsi
437 753 545 791 novum
569 735 725 792 exercitum
747 735 777 792 in
799 735 915 793 Italiam
938 744 988 791 aut
1010 754 1047 791 ex
1062 734 1164 792 Africa

110 841 257 911 miserint,
280 849 330 897 aut
351 840 524 915 Magonem,
548 861 632 916 quem
654 861 673 898 a
695 833 859 898 Baliaribus
882 840 974 898 classe
996 825 1164 897 transmissa
1179 842 1214 898 13

109 947 167 1002 iam
190 955 295 1022 praeter
316 923 397 1003 oram
421 946 559 1021 Ligurum
584 946 757 1022 Alpinorum
778 947 887 1004 vectari
909 955 1029 1016 constat,
1051 946 1162 1003 Hanni-

109 1052 169 1110 bali
191 1071 221 1108 se
245 1052 417 1126 coniungere
431 1050 584 1109 iusserint?
632 1053 746 1126 Nempe
760 1053 789 1109 in
805 1053 904 1109 eodem
923 1060 1032 1108 terrore
1048 1052 1162 1121 erimus,
1179 1056 1213 1110 14

108 1159 139 1216 in
161 1178 218 1233 quo
242 1178 333 1234 nuper
353 1158 469 1228 fuimus,
491 1177 578 1232 quum
601 1158 769 1216 Hasdrubal
790 1158 819 1213 in
841 1157 956 1214 Italiam
979 1158 1162 1228 transcendit,

110 1283 188 1339 quem
210 1273 258 1334 tu,
294 1267 342 1339 qui
370 1285 428 1323 non
450 1265 542 1324 solum
567 1263 787 1339 Carthaginem,
820 1264 870 1321 sed
895 1282 1008 1320 omnem
1030 1262 1162 1320 Africam

110 1371 237 1427 exercitu
258 1380 308 1427 tuo
331 1392 361 1429 es
383 1373 546 1440 clausurus,
580 1391 596 1428 1
618 1371 749 1428 manibus
771 1371 826 1427 tuis
847 1371 877 1427 in
898 1370 1013 1426 Italiam
1036 1369 1162 1426 emisisti.

108 1476 224 1532 Victum
250 1496 268 1532 a
292 1486 320 1533 11
341 1478 433 1547 dices3
467 1497 501 1535 eo
524 1478 638 1553 quidem
661 1479 753 1534 minus
775 1477 897 1546 vellem,
919 1485 947 1532 et
969 1475 998 1531 id
1019 1484 1083 1543 tua,
1104 1495 1162 1532 non
1178 1479 1213 1533 15

108 1582 150 1638 rei
182 1581 303 1656 publicae
327 1581 418 1638 solum
442 1601 546 1654 causa,
581 1585 636 1641 iter
666 1585 764 1640 datum
797 1583 873 1640 victo
900 1583 930 1639 in
951 1582 1065 1639 Italiam
1088 1599 1161 1638 esse.

108 1689 228 1755 Patere,
263 1705 317 1744 uos
338 1689 449 1760 omnia,
485 1708 551 1767 quae
583 1708 724 1765 prospera
757 1688 809 1744 tibi
844 1705 878 1743 ac
910 1687 1009 1763 populi
1037 1687 1162 1744 Romani

108 1793 229 1868 imperio
269 1812 408 1865 evenere,
447 1803 497 1850 tuo
534 1796 653 1853 consilio
686 1796 849 1870 assignare,
885 1794 1007 1850 adversa
1047 1792 1161 1849 casibus

108 1898 222 1956 incertis
251 1901 318 1957 belli
349 1908 377 1956 et
404 1899 526 1957 fortunae
554 1902 703 1976 delegare3
738 1921 794 1976 quo
818 1900 919 1957 melior
940 1898 1099 1972 fortiorque
1121 1917 1161 1968 ea,
1177 1903 1212 1956 16

110 2023 143 2062 1ο
172 2006 265 2081 magis
295 2006 381 2063 talem
411 2007 561 2082 praesidem
590 2008 644 2064 sibi
670 2009 766 2082 patria
797 2016 884 2080 atque
913 2005 1048 2061 universa
1075 2004 1162 2060 Italia

109 2111 220 2168 retinet.
268 2112 337 2168 Non
368 2123 451 2187 potes
473 2132 509 2169 ue
529 2114 592 2188 ipse
614 2113 728 2187 quidem
751 2112 944 2178 dissimulare,
975 2110 1024 2167 ubi
1049 2109 1161 2166 Hanni·

109 2217 157 2274 bal
179 2218 229 2288 sit,
264 2217 304 2274 ibi
330 2228 416 2294 caput
444 2228 531 2293 atque
558 2238 653 2276 arcem
683 2220 766 2277 huius
788 2218 854 2276 belli
876 2237 952 2286 esse,
984 2216 1091 2319 qqippe
1113 2215 1162 2289 qui

108 2344 168 2400 prae
189 2334 218 2381 te
238 2323 334 2394 ieras,
363 2345 425 2382 eam
449 2324 500 2382 tibi
522 2344 639 2382 causam
662 2327 815 2383 traiieiendi
835 2328 862 2382 in
883 2324 1009 2398 Africam
1022 2341 1108 2406 nesse,
1131 2331 1161 2378 ut

109 2431 302 2488 Hannibalem
326 2450 360 2487 eo
382 2432 490 2492 trahas.
530 2431 598 2490 Sive
620 2433 662 2489 hic
682 2433 769 2508 igitur
791 2433 852 2489 sive
872 2431 939 2502 illic,
962 2449 1025 2487 cum
1048 2428 1160 2485 Hanni·
1177 2432 1210 2485 17

109 2536 175 2592 bale
204 2546 247 2591 est
276 2536 328 2592 tibi
355 2535 453 2592 futura
482 2555 538 2593 res.
583 2539 689 2598 Utrum
719 2538 834 2594 tandem
864 2554 933 2610 ergo
965 2534 1074 2592 firmior
1106 2534 1161 2603 eris

108 2640 137 2696 in
161 2639 262 2697 Africa
288 2641 366 2697 solus
391 2660 428 2696 au
449 2641 504 2711 hie,
526 2651 576 2699 tuo
592 2643 765 2718 collegaque
780 2643 821 2699 tui
842 2642 968 2700 exercitu
990 2639 1161 2697 coniuncto?

108 2746 155 2803 Ne
177 2744 315 2803 Claudius
344 2747 457 2820 quidem
488 2757 516 2804 et
537 2749 637 2806 Livius
659 2750 789 2807 consules
811 2758 869 2804 tam
892 2748 1000 2804 receuti
1019 2746 1160 2822 exemplo,

108 2861 245 2925 quantum
278 2852 308 2908 id
337 2851 462 2922 intersit,
497 2853 666 2911 documento
688 2854 774 2912 sunt?
823 2852 922 2926 Quid?
968 2853 1160 2910 Hannibalem
1178 2853 1212 2909 18

106 2971 201 3016 utrum
234 2960 350 3016 tandem
372 2968 517 3016 extremus
540 2961 661 3035 angulus
682 2961 745 3036 agri
766 2961 881 3028 Bruttii,
903 2958 1011 3016 frustra
1032 2959 1089 3015 iam
1112 2960 1160 3016 diu

106 3073 271 3141 poscentem
300 3067 336 3122 ab
367 3065 454 3122 domo
482 3066 604 3136 auxilia,
637 3086 674 3122 au
694 3067 858 3142 propinqua
876 3053 1027 3140 ¹Cauthago
1050 3075 1078 3122 11
1100 3074 1161 3122 tota

106 3172 186 3229 socia
212 3171 311 3244 Africo
338 3171 528 3246 potentiorem
559 3172 646 3228 armis
668 3155 794 3247 virisque
822 3171 930 3229 faciet?
978 3172 1064 3246 Quod
1084 3173 1161 3229 istud
1178 3170 1211 3224 19

106 3278 255 3334 consilium
277 3286 336 3348 est,
372 3277 413 3334 ibi
439 3279 525 3334 malle
546 3278 711 3348 decernere,
747 3279 796 3336 ubi
817 3289 874 3336 tuae
897 3279 1014 3360 dimidio
1037 3279 1161 3336 minores

106 3385 196 3458 copiae
217 3384 287 3454 sint,
320 3384 444 3440 hostium
475 3383 565 3440 multo
588 3383 728 3455 maiores,
761 3405 846 3460 quam
871 3385 920 3441 ubi
943 3385 1055 3441 duobus
1077 3404 1158 3441 exer-

82 3528 84 3532 ,
107 3488 208 3545 citibus
238 3490 376 3547 adversus
405 3510 492 3548 unum
521 3500 564 3547 tot
589 3491 696 3566 proeliis
726 3500 754 3546 et
780 3500 839 3547 tam
871 3491 1005 3546 diuturna
1027 3500 1055 3547 11
1076 3492 1160 3566 gravi

106 3594 207 3650 militia
238 3593 343 3653 fessum
382 3599 567 3673 pugnandum
600 3595 656 3654 ait?
714 3596 808 3669 Quam
852 3614 971 3670 compar
1011 3598 1160 3654 consilium
1174 3593 1212 3648 20

106 3709 184 3756 tuum
213 3702 340 3775 parentis
369 3704 412 3761 tui
433 3704 552 3760 consilio
575 3703 625 3772 sit,
656 3711 767 3777 reputa.
814 3703 868 3760 Ille
889 3703 989 3759 consul
1009 3702 1154 3777 profectus

105 3806 133 3861 in
155 3806 336 3882 Hispaniam,
359 3818 390 3865 ut
411 3808 568 3867 Hannibali
590 3810 627 3865 ab
643 3808 767 3883 Alpibus
789 3809 971 3866 descendenti
986 3818 1157 3878 occurreret,

104 3912 133 3968 in
155 3913 270 3969 Italiam
292 3933 329 3970 ex
349 3915 499 3990 provincia
519 3913 618 3982 rediit;
654 3924 703 3982 tu,
738 3933 824 3989 quum
848 3915 995 3971 Hannibal
1015 3915 1045 3970 in
1069 3915 1155 3971 Italia
