2748 4556
379 234 459 284 nine
475 234 563 288 xxx.
602 235 646 298 (a.
663 233 711 284 ca.
728 235 801 298 roa.)
1018 240 1075 296 24⁷

6 435 87 489 per
114 427 243 474 aetatem
267 417 384 490 (etenim
407 435 508 476 omnes
525 417 617 476 ferme
632 419 751 476 iuvenes
770 420 864 494 erent)
888 420 1015 479 dicerent
1025 421 1123 497 legati,

12 520 270 578 conclamatum
294 540 331 578 ex
354 523 432 580 omni
452 531 535 598 parte
557 523 644 581 curiae
665 533 723 594 est,
746 524 859 582 Punica
880 524 984 582 frande
1006 525 1153 596 electos,6

14 627 87 699 qni
123 636 262 684 veterem
290 645 392 702 pacem
418 637 601 704 repeterent,
633 629 714 686 cuius
742 630 798 704 ipsi
827 649 885 686 non
916 629 1119 688 meminissent

16 732 166 790 Emotis
193 732 298 790 deinde
319 733 400 791 curis
420 733 533 809 legatis,
554 734 702 790 sententiar
723 734 896 810 interrogari
920 745 1030 810 creptae.
1077 737 1118 796 M.
1173 739 1217 808 23

19 837 154 894 Livius
179 836 213 897 C.
239 837 392 896 Servilium
416 839 574 908 consulem,
596 838 646 912 qui
665 838 786 913 propior
800 849 884 909 esset,
907 842 1121 912 arcessendum,

23 952 68 998 ut
96 961 208 1000 coram
231 963 266 1001 eo
292 943 328 1000 de
349 963 423 1019 pace
444 953 587 1019 ageretur,
609 945 762 1014 censebat,
784 963 872 1020 quum
894 946 930 1002 de
954 965 987 1002 re
1001 945 1152 1016 maiore,2

26 1067 138 1122 qoam
165 1059 278 1123 quanta
299 1067 335 1106 ea
356 1059 447 1120 esset,
484 1049 658 1107 consultatio
681 1049 808 1106 incidere
830 1068 888 1106 non
910 1059 1028 1124 posset,
1064 1063 1136 1107 non‘

31 1151 145 1208 videri
169 1152 226 1210 sibi
259 1155 379 1210 absente
408 1155 557 1212 consulum
582 1153 673 1210 altero
698 1154 880 1211 ambobusve
901 1173 966 1212 earn
988 1174 1048 1212 rem
1074 1156 1122 1229 agi

31 1257 119 1314 satis
157 1277 196 1314 ex
230 1258 370 1332 dignitate
405 1260 505 1334 populi
537 1260 663 1318 Romani
695 1277 767 1316 esse.
821 1259 857 1332 Q.
889 1260 1040 1329 Metellus,
1072 1259 1151 1333 quia
1257 1271 1260 1276 '

37 1362 181 1420 triennio
212 1372 280 1420 ante
308 1365 409 1422 consul
431 1365 613 1439 dictatorque
634 1364 745 1421 fuerat:
779 1382 866 1439 quum
889 1367 925 1422 P.
948 1365 1046 1439 Scipio
1067 1383 1121 1422 οω-

38 1468 150 1524 dendo
177 1467 336 1536 exereitus,
358 1487 445 1544 agros
468 1470 635 1544 populando
658 1471 687 1526 in
710 1488 774 1528 eam
797 1469 999 1527 necessitatem
1022 1472 1121 1528 hostes

41 1572 261 1648 compulisset,
293 1581 325 1630 ut
352 1575 497 1650 supplices
525 1593 627 1649 paoem
651 1584 798 1651 peterent,
834 1583 863 1632 et
884 1594 969 1632 nemo
992 1577 1152 1640 omniunt

42 1678 153 1736 verius
176 1679 342 1736 existimare
364 1690 478 1752 posset,
511 1699 569 1754 qna
589 1689 683 1738 mente
707 1699 743 1738 ee
764 1699 823 1755 pax
846 1689 1006 1755 peteretur,
1033 1701 1121 1756 quam

45 1783 103 1858 qui
135 1793 204 1840 ante
236 1791 336 1859 portes
367 1782 553 1860 Carthaginis
581 1785 686 1842 bellum
716 1795 843 1860 gereret,
877 1786 982 1842 nullius
1004 1787 1122 1844 alterins

46 1888 178 1946 oonsilio
201 1905 287 1963 quarn
311 1887 455 1962 Scipionis
478 1891 676 1964 accipiendam
693 1890 914 1948 abnuendamve
930 1909 1031 1966 paoem
1048 1910 1120 1950 esse.

48 1996 96 2054 M.
120 1993 259 2051 Valerius
287 1994 440 2064 Laevinus,
473 1995 523 2068 qui
560 1995 605 2052 bis
641 1995 742 2052 consul
770 1995 882 2064 fuerat,
914 1995 1150 2070 speculatores,5

47 2120 112 2156 non
136 2099 248 2174 legatos
269 2099 384 2156 venisse
407 2101 563 2174 arguebat,
600 2100 800 2174 iubendosque
821 2100 909 2157 Italia
931 2101 1070 2158 excedere
1093 2111 1121 2158 et

50 2204 190 2263 custodes
212 2222 276 2262 oum
299 2203 334 2261 iis
355 2223 448 2279 usque
471 2206 508 2262 ad
531 2223 620 2264 naves
641 2205 813 2275 mittendos,
842 2204 1029 2282 Scipionique
1050 2207 1119 2263 scri·

51 2309 192 2380 bendum,
213 2328 250 2366 ne
271 2308 376 2366 bellum
400 2311 567 2369 remitteret.
616 2311 722 2368 Laelius
742 2288 923 2385 Fulviusque
944 2310 1150 2382 adiecerunt,6

53 2429 85 2472 et
109 2414 272 2490 Scipionem
306 2414 335 2472 in
357 2433 392 2472 eo
417 2416 540 2490 positam
564 2417 700 2474 habuisse
721 2435 802 2492 spem
827 2415 925 2492 pacis,
960 2418 985 2472 si
1006 2417 1119 2474 Hanni·

55 2522 107 2580 bal
138 2533 165 2579 et
191 2523 282 2595 Mago
312 2539 349 2577 ex
370 2521 459 2578 ltaha
480 2541 532 2578 non
553 2531 777 2580 revocarentur:
814 2521 912 2578 omnia
933 2522 1149 2584 simulaturos?

59 2626 329 2701 Carthaginienses,
363 2625 451 2683 duces
473 2645 524 2684 eos
549 2629 750 2703 exercitusque
772 2637 989 2701 exspectantes;
1017 2628 1120 2684 deinde

59 2733 191 2807 quamvis
212 2731 368 2788 recentium
393 2729 532 2788 foederum
556 2742 585 2788 et
605 2734 725 2790 deornm
743 2733 870 2790 omnium
890 2733 994 2790 oblitos
1012 2733 1119 2790 bellum

59 2848 199 2914 gesturos.
249 2837 294 2894 Εο
319 2837 413 2910 magis
435 2837 464 2893 in
487 2837 598 2896 Laevini
620 2837 791 2896 sententiam
808 2836 974 2902 discessum.
1017 2837 1150 2912 Legatiss

62 2962 134 3019 pace
152 2937 258 2999 infecta
280 2961 314 2998 ao
336 2961 427 3016 prope
450 2942 512 2999 sine
533 2960 674 3017 responso
698 2941 817 2999 dimissi.

142 3049 198 3105 Per
229 3065 279 3103 eos
312 3046 373 3103 dies
404 3045 457 3104 Cn.
477 3046 617 3105 Servilius
644 3047 760 3116 consul,
795 3045 875 3102 haud
897 3045 1014 3114 dubius,
1048 3046 1116 3120 quin
1170 3047 1214 3116 24

65 3163 170 3231 pacate
191 3151 283 3209 ltaliae
305 3169 393 3225 penes
415 3170 448 3208 se
462 3151 556 3226 gloria
571 3161 655 3222 esset,
677 3151 757 3208 velut
775 3151 889 3226 pulsum
912 3152 949 3208 ab
961 3151 1117 3208 seHanni·

66 3259 155 3317 balam
176 3274 366 3332 persequens,
399 3257 429 3314 in
452 3256 599 3326 Siciliam,
631 3256 699 3312 iude
726 3257 755 3312 in
779 3254 910 3313 Africam
934 3257 1116 3326 transiturus,

67 3362 179 3421 traiecit.
228 3361 313 3432 Qtrod
347 3360 396 3419 ubi
424 3363 526 3420 Romae
558 3362 707 3438 vulgatum
735 3372 794 3432 est,
825 3360 919 3436 primo
947 3369 1147 3423 censuerunt2

68 3479 169 3546 patres,
197 3477 230 3526 ut
249 3475 357 3542 prator
383 3467 521 3524 scriberet
550 3467 677 3537 consuli,
705 3477 835 3524 senatum
867 3484 980 3541 aequum
1003 3485 1119 3524 censere

69 3578 95 3632 in
116 3573 224 3632 Italiam
246 3571 352 3628 reverti
374 3590 455 3642 eum3
484 3570 597 3642 deinde,
618 3589 706 3645 quum
737 3584 844 3646 praetor
870 3579 1033 3647 spreturum
1052 3549 1148 3634 eum3

70 3681 168 3736 litteras
188 3695 256 3734 suas
278 3677 396 3746 diceret,
418 3676 544 3733 dictator
568 3678 605 3734 ad
628 3676 658 3732 id
678 3676 772 3752 ipsum
789 3685 903 3734 creatus
923 3679 957 3736 P.
973 3676 1118 3751 Sulpicius

72 3804 119 3860 pro
134 3784 190 3842 iure
211 3782 330 3842 maioris
351 3777 464 3857 imperii
486 3782 631 3839 consulem
653 3783 683 3838 in
705 3780 821 3838 ltaliam
844 3779 1001 3840 revocavit.
1039 3781 1148 3843 Reli-4

74 3909 149 3966 quum
177 3889 246 3946 anni
272 3906 336 3946 cum
364 3887 407 3944 M.
430 3885 554 3946 Servilio
581 3887 721 3962 magistro
753 3887 881 3961 equitum
908 3885 1118 3944 circumeundis
