2678 4560
330 262 386 319 138
578 255 796 308 muerxxvm.
833 255 920 318 (aa
934 269 957 307 ο.
971 254 1046 316 ere.)

283 463 386 522 pugnae
407 453 520 520 tempus
543 452 623 511 erat,
661 441 809 516 Hispanos
840 437 889 515 (ea
916 439 1015 496 media
1045 437 1121 494 acies
1148 438 1207 510 fuit)
1235 457 1331 512 presso

234 552 376 627 tagram
405 550 536 608 incedere
563 549 658 617 iubet3
690 549 752 623 ipse
775 567 791 604 e
813 547 915 603 dextro
939 564 1030 602 cornu
1052 542 1105 620 (ibi
1125 561 1246 618 namque
1268 562 1331 617 pra·

283 659 360 730 erat)
382 657 511 714 nuntium
534 653 571 710 ad
594 652 723 711 Silanum
746 663 775 710 et
795 653 938 710 Marcium
963 652 1060 720 mittit,
1083 659 1114 706 ut
1134 668 1216 708 cornu
1241 659 1331 705 exten-

282 761 381 819 derant
407 761 436 818 in
467 760 612 817 sinistram
637 769 767 834 partem,
803 758 1049 834 quemadmodum
1072 775 1104 812 se
1125 754 1285 811 tendentem
1304 751 1331 807 ad

235 867 413 928 lbdextram
438 864 586 934 vidissent,
608 876 722 922 etcum
745 863 887 938 expeditis
909 865 1038 939 peditum
1062 862 1248 936 equitumque
1265 860 1331 933 priua

281 989 407 1047 pugnam
437 979 621 1028 consererent
648 989 711 1027 cum
739 972 838 1040 hoste,
872 989 958 1045 quam
988 970 1068 1026 coire
1097 968 1174 1025 inter
1193 985 1224 1022 se
1246 965 1331 1021 media

233 1085 267 1139 17
282 1077 358 1133 ecies
390 1085 517 1150 possent.
577 1076 625 1132 Ita
660 1076 783 1135 diductis
819 1077 963 1146 cornibus,
995 1093 1062 1132 cum
1098 1074 1188 1130 ternis
1218 1071 1331 1146 peditum

282 1180 449 1237 cohortibus
473 1181 619 1255 ternisque
641 1181 767 1254 equitum
792 1183 908 1252 tunnis,
939 1182 977 1238 ad
998 1182 1054 1237 hoc
1080 1179 1235 1249 velitibus,
1262 1180 1331 1234 citato

281 1287 374 1362 gradu
403 1285 432 1342 in
459 1286 571 1344 hostem
605 1287 766 1357 ducebant,
801 1289 987 1362 sequentibus
1019 1288 1049 1342 in
1084 1285 1238 1359 obliquum
1272 1283 1322 1351 ald,¹

233 1399 269 1457 18
282 1394 361 1451 sinus
382 1393 411 1448 in
433 1393 528 1449 medio
551 1403 622 1463 erat,
647 1411 705 1467 qua
721 1394 836 1468 segnius
847 1393 1046 1468 Hispanorum
1064 1392 1152 1466 signa
1169 1392 1331 1460 incedebant¹

233 1501 321 1563 mat
351 1499 410 1556 iam
448 1498 637 1555 conflixerant
669 1516 795 1569 cornua,
833 1517 936 1573 quum,
972 1497 1049 1571 quod
1084 1497 1204 1554 roboris
1229 1496 1258 1552 in
1285 1493 1327 1548 ads

281 1606 407 1664 hostium
429 1613 499 1675 erut,
523 1605 607 1662 Poeni
630 1605 758 1661 veterani
778 1603 903 1678 Afrique
924 1603 1052 1659 nondum
1068 1603 1107 1658 ad
1122 1603 1175 1659 teli
1190 1603 1331 1660 coniectu÷

281 1711 434 1780 venissent,
459 1728 553 1783 neque
573 1709 601 1765 in
620 1728 738 1779 cornua,
760 1719 791 1765 ut
804 1709 976 1766 adiuvarent
989 1715 1167 1783 pugnantes,
1191 1708 1307 1763 diacone

282 1816 438 1886 auderent,
474 1833 507 1871 ue
541 1818 679 1890 aperirent
710 1815 834 1872 mediam
868 1816 959 1872 aciem
993 1813 1120 1869 venienti
1160 1832 1200 1870 ex
1229 1813 1327 1869 adverse

231 1933 268 1989 20
281 1923 367 1979 hosti.
413 1920 531 1979 Cornua
563 1920 680 1995 ancipiti
700 1939 701 1942 ’
720 1921 823 1996 proelio
862 1921 1054 1996 urgebantur3
1091 1937 1184 1993 eques
1223 1917 1327 1986 levisque

283 2037 431 2085 armatura
458 2045 491 2084 ac
516 2025 617 2082 velites
644 2026 844 2084 circumductis
883 2026 937 2083 alis
967 2026 996 2082 iu
1025 2025 1120 2082 latera
1147 2023 1317 2080 incurrebant

283 2133 416 2190 cohortes
442 2151 460 2188 a
489 2130 585 2189 fronte
607 2132 763 2207 urgebant,
799 2142 832 2190 ut
851 2133 1056 2205 abrumperent
1077 2148 1194 2187 cornua
1217 2150 1235 2186 a
1255 2137 1326 2184 cetera

189 2243 229 2310 15
283 2238 358 2308 acie3
391 2245 419 2293 et
447 2256 534 2311 quum
563 2238 601 2294 ab
624 2239 702 2296 omni
723 2249 807 2314 parte
829 2239 1056 2311 haudquaquam
1077 2254 1134 2311 par
1154 2255 1258 2312 pugna
1276 2243 1320 2289 ent

283 2353 343 2398 tum
375 2342 453 2415 quod
482 2342 568 2398 turba
599 2342 758 2401 Baliarium
782 2345 966 2416 tironumque
989 2343 1194 2416 Hispanorum
1217 2345 1319 2400 Roman

253 2448 443 2520 2Lotiuoque
469 2448 551 2504 militi
582 2447 696 2504 obiecta
724 2458 795 2506 erat.
844 2449 884 2506 Et
911 2449 1087 2525 procedente
1113 2449 1174 2506 iam
1205 2449 1248 2506 die
1275 2447 1317 2500 u'n·

284 2553 405 2610 deficere
425 2553 619 2610 Hasdrubalis
647 2556 804 2613 exercitum
827 2565 989 2630 eoepereut,
1027 2572 1186 2630 oppressos
1210 2549 1317 2611 matutino

283 2659 407 2714 tumultu
430 2669 613 2733 coactosque,
635 2659 803 2734 priusquam
828 2661 892 2717 cibo
914 2679 1039 2736 corpora
1059 2662 1222 2728 firmarent,
1243 2653 1313 2729 raptis

253 2764 311 2820 tin
341 2765 432 2821 aciem
466 2765 552 2822 exire.
606 2765 655 2822 Ad
684 2766 715 2822 id
740 2767 840 2823 sedulo
868 2765 942 2822 diem
971 2775 1141 2824 extraxerat
1170 2765 1277 2840 Scipio,
1299 2771 1315 2810 11!

283 2887 349 2926 sera
374 2888 472 2945 pugna
501 2855 591 2940 esset3
626 2889 693 2926 nam
727 2873 764 2928 ab
800 2871 923 2946 septima
957 2872 1073 2928 demum
1110 2872 1186 2928 hora
1222 2849 1329 2944 peditur¹

254 2976 367 3051 teigne
391 2976 524 3033 cornibus
545 2953 778 3045 incucurrerunt3
801 2977 838 3032 ad
861 2975 969 3033 medias
991 2977 1069 3034 acies
1084 2976 1236 3050 aliquanto
1254 2972 1312 3030 sena·

283 3081 413 3156 pervenit
443 3100 557 3157 pugna,
591 3094 622 3140 ut
649 3083 730 3158 prius
760 3091 846 3139 aestus
883 3101 902 3138 a
927 3082 1088 3139 meridiano
1116 3083 1178 3140 sole
1208 3083 1327 3148 laborqut¹

284 3188 379 3244 standi
406 3189 460 3244 sub
488 3188 576 3244 armis
604 3196 632 3243 et
658 3187 743 3245 simul
771 3186 864 3244 fames
894 3188 1014 3262 sitisque
1041 3205 1168 3264 corpora
1190 3187 1307 3244 afficerent

255 3292 372 3368 5quam
403 3311 505 3350 manus
536 3311 600 3350 cum
634 3294 718 3351 hoste
751 3303 941 3350 consererent.
1003 3296 1051 3350 Ita
1085 3302 1227 3351 steterunt
1253 3284 1308 3345 seua

284 3400 384 3460 innixi.
432 3400 495 3456 Iam
518 3416 605 3473 super
633 3409 729 3457 cetera
759 3399 903 3474 elephanti
924 3399 1021 3469 etiam,
1041 3400 1220 3456 tumultuoso
1238 3408 1305 3471 genere

284 3523 388 3580 pugnae
417 3505 543 3579 equitum
577 3505 752 3578 velitumque
783 3513 811 3561 et
837 3504 909 3561 levis
937 3513 1091 3560 armaturae
1119 3497 1305 3562 consternatie

255 3608 420 3668 beornibus
446 3611 476 3667 in
507 3610 630 3668 mediam
660 3611 751 3668 aciem
772 3629 835 3667 sese
856 3609 1020 3667 intulerant.
1068 3609 1154 3667 Fessi
1174 3610 1253 3686 igitur
1268 3616 1301 3656 ets·

286 3715 405 3789 poribus
435 3715 596 3791 animisque
622 3716 745 3774 retulere
771 3716 891 3791 pedem,
923 3715 1039 3773 ordines
1069 3726 1167 3774 tamen
1187 3717 1300 3773 servants

258 3821 365 3877 lhaud
386 3839 468 3878 secus
492 3822 620 3895 quamsi
640 3822 761 3899 imperio
783 3822 864 3880 ducis
890 3823 1024 3880 cederent
1046 3821 1160 3897 integre
1181 3821 1243 3878 acie
1268 3804 1297 3868 S‘d

288 3945 376 3999 quum
399 3944 433 3982 eo
455 3926 519 4001 ipso
542 3927 652 3996 acrius,
679 3928 729 3985 ubi
748 3927 915 3986 inclinatam
936 3945 1051 3985 sensere
1072 3945 1148 3997 rem,
1169 3927 1296 3983 viceras

257 4030 413 4104 8undique
435 4025 617 4102 inveherent,
638 4050 691 4088 uec
712 4031 797 4090 facile
818 4033 943 4107 impetus
963 4032 1096 4090 sustiueri
1117 4042 1227 4108 posset,
1244 4037 1293 4100 qna
