2674 4542
314 249 374 306 244
590 243 670 294 Liber
686 241 775 298 XXV.
812 242 863 308 (Δ.
876 257 902 292 u.
916 257 937 293 c.
951 241 1026 306 stt.)

272 429 429 489 ueroitum
452 427 649 485 decucurrisse
678 445 742 484 cum
770 426 902 502 tripudiis
923 426 1132 501 Hispanorum

272 551 421 593 armornm
443 541 472 590 et
495 550 651 608 corporum
673 549 732 588 susc
751 532 854 605 cuique
875 532 955 606 gent-i
978 530 1118 599 assuetis,
1140 529 1209 604 ipso
1228 528 1258 583 ll
1271 550 1280 573 ι·

272 639 339 697 bale
369 638 448 696 omni
474 657 569 696 rerum
597 638 811 711 verborumque
834 638 946 694 honore
974 635 1142 708 exsequias
1165 632 1245 690 *caleb
1320 676 1321 683 ,

243 743 346 801 6Hoo
374 742 507 811 tradunt,
543 743 593 818 qui
623 743 653 800 in
682 742 810 800 Lucanis
836 742 879 799 rei
907 751 997 816 gestas
1025 749 1169 797 auctores
1189 745 1255 792 eunt.
1292 742 1295 769 ῑ

273 845 339 915 illis,
369 847 420 919 qui
441 847 479 904 ad
504 845 640 904 Calorem
663 846 782 904 fluvium
812 845 995 906 interfectum
1020 853 1206 910 memorant,
1229 838 1289 898 cred>

245 950 356 1022 ivelis,
378 951 481 1025 capitis
504 962 614 1009 tantum
638 951 765 1010 Gracchi
787 953 886 1009 hostes
908 952 992 1027 potiti
1014 960 1098 1020 sunt3
1129 967 1168 1006 eo
1189 945 1271 1003 delato

273 1055 485 1126 Hannibalem,
515 1057 620 1114 missus
649 1059 686 1114 ab
709 1075 744 1113 eo
766 1055 917 1114 confestim
942 1054 1103 1125 Carthalo,
1129 1051 1228 1128 quiin

249 1161 409 1220 -Romana
444 1160 483 1216 ad
518 1158 572 1217 Cn.
609 1159 775 1218 Cornelium
810 1171 982 1235 quiestotem
1019 1161 1169 1228 deferret3
1204 1156 1227 1212 ia
1269 1178 1297 1203 un

273 1265 457 1342 imperatoris
485 1265 516 1322 in
544 1266 661 1335 cestris,
695 1265 906 1324 celebrantibus
934 1283 1000 1325 cum
1028 1264 1167 1323 exercitu
1196 1263 1296 1318 Bener

272 1368 458 1440 laniarent.

126 1540 130 1545 ,
179 1475 223 1546 18
358 1473 500 1533 Consules
522 1491 624 1548 agrum
647 1470 830 1549 Campanum
853 1475 977 1550 ingressi
1000 1495 1091 1550 quum
1116 1473 1226 1550 passim
1246 1487 1283 1544 po⁸
1323 1517 1324 1522 1

273 1582 420 1651 larentur,
452 1579 603 1654 eruptione
635 1579 847 1655 oppidanorum
883 1591 912 1638 et
943 1581 1080 1656 Magonis
1116 1579 1187 1636 cum
1218 1574 1271 1648 equi
1323 1623 1324 1632 ,

273 1685 367 1742 territi
388 1693 416 1741 et
437 1684 542 1760 trepidi
571 1685 610 1740 ad
636 1684 720 1758 signe
743 1684 847 1742 milites
876 1685 992 1760 palatos
1018 1684 1134 1760 passim
1165 1699 1260 1742 revoca
1276 1704 1291 1725 ›1-
1322 1727 1324 1740 ,

276 1799 314 1862 et,
336 1790 455 1848 vixdum
470 1790 611 1846 instructa
626 1790 697 1858 acie,
712 1787 769 1846 iusi
790 1807 880 1864 supra
902 1791 978 1847 mille
1000 1800 1028 1846 et
1042 1791 1222 1865 quingentos
1239 1781 1295 1840 nili
1322 1834 1325 1876 Α

245 1896 441 1955 iamiserunt.
488 1894 562 1951 Inde
582 1893 684 1968 ingens
702 1893 812 1951 ferocia
833 1897 966 1970 superbae
991 1903 1096 1970 suopte
1125 1891 1239 1969 ingenio
1258 1906 1290 1961 gn

276 2000 376 2069 crevit,
397 1998 553 2074 multisque
573 1998 682 2073 proeliis
703 1980 886 2058 lacessebant
906 2003 1071 2069 Romanos3
1100 2001 1158 2056 sed
1181 1993 1294 2054 intentio
1324 2047 1325 2078 3

276 2106 314 2163 ad
341 2104 502 2162 carendum
526 2103 659 2160 consules
691 2122 750 2160 una
781 2123 882 2180 pugna
906 2104 1017 2164 feceret
1044 2105 1166 2162 incaute
1191 2110 1264 2174 atque
1290 2132 1291 2139 κ
1324 2151 1325 2166 ἶ

247 2209 406 2269 boonsulte
437 2207 520 2268 inita,
577 2207 715 2266 Restituit
745 2217 843 2267 tamen
871 2210 917 2268 his
949 2209 1062 2266 animos
1092 2218 1123 2266 et
1155 2207 1210 2264 illis
1239 2202 1285 2259 nio

277 2313 429 2371 andaciam
459 2329 553 2387 parva
583 2329 641 2368 une
669 2330 730 2382 res3
763 2314 817 2370 sed
845 2314 875 2372 in
902 2314 978 2372 bello
1007 2313 1080 2370 nihil
1109 2322 1174 2370 tarn
1200 2312 1253 2367 leve
1278 2324 1301 2351 22·

247 2418 355 2492 iquod
377 2436 436 2474 non
456 2434 570 2492 magnas
591 2416 734 2473 interdum
755 2419 797 2476 rei
819 2428 996 2476 momentum
1011 2415 1111 2473 faciat.
1158 2418 1195 2476 Τ.
1209 2407 1293 2486 Qnin'
1324 2489 1326 2496 A

278 2522 412 2597 Crispino
434 2521 547 2578 Badius
566 2520 734 2598 Campanus
766 2523 873 2598 hospes
906 2533 968 2580 erat
994 2521 1189 2597 perfamiliari
1323 2567 1326 2600 ,

277 2628 400 2687 iunctus.
455 2625 595 2683 Creverat
624 2628 818 2699 consuetudo,
852 2629 930 2702 quod
951 2646 1028 2702 ssger
1050 2629 1158 2686 Romae
1181 2623 1248 2700 apud
1290 2615 1294 2626 '
1324 2655 1326 2660 κ

277 2733 390 2808 spinum
407 2731 517 2789 Badius
529 2738 599 2788 ante
621 2729 811 2790 delectionem
826 2732 1007 2807 Campanam
1028 2731 1191 2790 liberaliter
1210 2725 1283 2788 comit
1324 2789 1326 2794 ,

248 2840 335 2912 bqne
356 2845 472 2894 curatus
495 2834 599 2894 fuerat.
650 2836 681 2893 Is
701 2844 762 2893 tum
785 2838 895 2894 Badius
909 2853 1082 2913 progressus
1102 2832 1304 2894 antestatus·

277 2961 343 3018 quas
365 2961 419 3020 pro
444 2951 530 3017 porta
551 2934 691 3009 stabant,
711 2942 811 2999 vocari
839 2941 1004 3016 Crispinum
1033 2943 1127 2998 iussit.
1180 2937 1254 3015 Quod
1273 2924 1304 2987 ³15

278 3058 322 3106 est
344 3047 479 3122 Crispino
500 3023 672 3114 nuntiatum,
694 3054 774 3103 ratus
795 3047 971 3120 colloquium
994 3047 1120 3104 amicum
1144 3040 1303 3106 aasentias

278 3153 377 3226 quaeri,
399 3160 533 3208 manente
548 3150 687 3208 memoria
702 3151 789 3208 etiam
810 3152 840 3210 in
861 3151 981 3210 discidio
997 3152 1182 3227 publicorum
1203 3148 1301 3208 ioedeml

248 3257 385 3333 dprirati
405 3256 489 3324 iuris,
517 3258 637 3331 paulum
660 3277 677 3313 a
707 3257 808 3314 ceteris
830 3257 980 3332 processit.
1024 3258 1190 3331 Postquam
1217 3255 1242 3311 in
1259 3263 1300 3304 col·

278 3370 408 3437 spectum
430 3379 545 3431 venere,
578 3363 733 3430 „Provoco
754 3365 800 3417 te“
824 3361 918 3434 inquit
940 3361 998 3430 „ad
1019 3379 1160 3436 pugnem,
1192 3351 1299 3431 Crispina*

278 3466 403 3534 Badius3
432 3465 678 3534 „conscendamus
699 3482 805 3539 equos,
834 3467 1044 3540 summotisque
1066 3466 1146 3537 aliis,
1178 3476 1235 3524 uter
1254 3453 1299 3515 belle

249 3571 381 3628 'lmelior
402 3571 448 3640 sit,
477 3571 695 3629 decernamus.“
744 3569 794 3627 Ad
825 3587 860 3626 ea
882 3569 1033 3646 Crispinus
1061 3589 1114 3628 nec
1143 3571 1201 3628 sibi
1224 3553 1305 3624 pecli.

279 3676 319 3734 ait
340 3676 438 3734 hostes
459 3675 574 3745 deesse,
608 3675 638 3732 in
660 3675 764 3750 quibus
783 3673 919 3731 virtutem
952 3676 1120 3745 ostendant3
1150 3693 1197 3746 se,
1226 3659 1300 3730 etiamsi

278 3780 309 3838 in
338 3780 401 3837 acio
419 3778 591 3849 occurrerit,
622 3779 841 3848 declinaturum,
872 3798 909 3836 ne
936 3780 1075 3854 hospitali
1103 3781 1184 3837 caede
1208 3780 1298 3836 dextrum

249 3885 267 3942 8
280 3884 383 3952 violet;
406 3897 619 3958 conversusque
633 3883 741 3942 abibat.
784 3869 942 3941 Enimvero
956 3883 1082 3941 ferocius
1097 3893 1157 3941 tunt
1174 3883 1299 3956 camptu

166 4062 170 4070 Ι
278 3987 428 4061 increpare
457 3987 608 4044 mollitiam
636 3987 842 4062 ignaviamque
871 3999 900 4046 et
930 4005 961 4045 se
988 3987 1077 4063 digna
1103 3990 1215 4064 probra
1241 3979 1297 4042 itil
