2812 4556
345 225 348 232 ’
377 257 455 308 men
469 254 542 306 xx1.
579 253 628 318 (a,
642 252 774 316 cnara.)
1028 258 1063 312 rr

35 439 214 512 certamine,
255 441 383 500 cedarrdo
415 439 521 497 sensim
554 438 628 496 citra
663 439 770 496 flumen
798 437 976 512 pertrahere.
1036 437 1139 494 neos

37 548 183 605 mandata
204 547 357 617 Numidis,
384 544 486 604 ceteris
514 543 635 601 ducibus
664 543 794 619 peditum
825 539 1011 617 equitumque
1032 559 1108 618 prae·

39 664 170 728 ceptum,
191 663 225 711 nt
246 651 389 729 prandere
406 669 507 708 omnes
525 650 666 717 iuberent,
693 663 821 709 armatos
843 649 947 710 deinde
968 648 1109 708 instratis-

40 777 104 830 que
124 760 206 834 equis
228 760 343 835 signum
364 764 543 833 exspectare.

130 863 321 940 Sempronius
353 864 391 921 ad
423 862 576 920 tumultum
610 863 805 920 Numidarum
838 863 963 938 primum
996 859 1142 918 omnsmb

44 969 225 1041 equitatum,
244 968 331 1026 ieros
351 987 387 1026 ea
409 975 492 1044 parte
512 967 635 1037 virium,
664 968 768 1025 deinde
789 985 841 1024 sex
862 967 953 1024 millia
973 960 1112 1042 peditum,

46 1081 196 1146 postremo
221 1091 323 1131 omnes
345 1073 454 1149 copias,
478 1093 497 1130 a
526 1072 671 1130 destinato
693 1073 751 1130 ism
775 1082 843 1130 anta
865 1073 985 1130 oonsilio
1008 1071 1110 1130 avidus

49 1177 228 1248 certaminis,
258 1179 367 1238 eduxit
409 1180 482 1236 Erat
507 1176 583 1236 forte
605 1179 715 1236 brumae
737 1187 851 1253 tempus
872 1185 902 1234 et
922 1177 1026 1236 nivalis
1050 1175 1140 1235 dies'l

49 1282 83 1338 in
101 1283 170 1340 loeis
192 1283 319 1358 Alpibus
336 1283 572 1359 Appenninoque
595 1283 760 1353 interiectis,
786 1280 1002 1359 propinquitate
1024 1283 1112 1340 etiam

51 1389 199 1446 fluminum
228 1408 264 1447 ae
295 1389 434 1466 paludum
471 1389 645 1465 praegelidis.
698 1390 748 1447 Ad
780 1389 838 1446 hoo
869 1389 976 1465 raptim
1004 1384 1145 1446 eductisii

54 1495 214 1552 hominibus
236 1503 324 1569 atque
345 1494 437 1569 equis,
459 1513 517 1553 non
539 1503 626 1570 capto
650 1503 718 1552 ente
739 1496 815 1565 cibo,
836 1513 895 1551 non
917 1512 973 1569 ope
994 1493 1054 1550 ulla
1077 1494 1115 1550 ad

57 1599 208 1656 arcendum
241 1599 334 1674 frigus
367 1599 513 1670 adhibita,
546 1601 618 1657 nihil
645 1601 751 1658 caloris
778 1599 885 1669 inerat,
919 1608 948 1656 et
979 1599 1115 1674 quiequid

59 1720 133 1760 aurae
161 1704 286 1762 fluminis
317 1705 610 1781 appropinquabant,
644 1705 767 1764 afflabat
788 1707 884 1763 aerior
913 1705 1030 1780 frigoris
1061 1705 1115 1763 vis.

58 1808 99 1866 Ut
120 1827 187 1868 voro
206 1809 382 1885 refugientes
404 1811 549 1868 Numidas
569 1811 752 1886 insequentes
777 1828 884 1885 aquam
906 1811 1029 1885 ingressi
1050 1805 1146 1868 sunt9

61 1915 99 1983 (et
118 1925 178 1972 erat
197 1916 363 1990 pectoribus
392 1924 477 1972 tenus
507 1925 594 1975 aucta
615 1924 756 1974 nocturno
778 1913 892 1990 imbri),
924 1925 985 1972 tom
1017 1916 1117 1989 utique

63 2020 177 2093 egressis
196 2021 292 2096 rigere
314 2021 447 2078 omnibus
471 2039 606 2097 corpora,
631 2021 734 2078 utrix
756 2037 904 2078 armorum
927 2020 1117 2077 tenendorum

64 2124 184 2196 potentia
206 2133 318 2196 essent,
346 2135 376 2184 et
396 2127 482 2184 simul
509 2123 678 2184 lassitudine
701 2135 738 2195 et,
768 2126 944 2201 procedente
972 2125 1030 2182 iam
1062 2125 1119 2196 die,

66 2227 137 2285 ieme
163 2229 248 2286 etiam
271 2232 402 2290 deficare.
448 2232 625 2289 Hannibalis
647 2232 762 2288 interim
790 2231 882 2300 miles,
915 2230 1030 2305 ignibus
1052 2239 1119 2288 ente
1171 2219 1214 2288 55

67 2333 276 2392 tentoriafuctis
291 2336 414 2410 oleoque
428 2355 481 2412 per
502 2337 676 2413 manipulos,
698 2346 731 2394 ut
751 2336 897 2393 mollirent
919 2345 1009 2407 artus,
1030 2335 1119 2393 misso

70 2446 94 2494 et
112 2440 171 2498 cibo
191 2460 243 2518 per
263 2442 354 2498 otium
378 2452 475 2518 capto,
506 2443 556 2500 nbi
578 2447 776 2518 transgressos
797 2442 905 2498 flumen
925 2443 1024 2499 hostes
1045 2457 1121 2498 nnn·

71 2545 161 2603 tiatum
183 2557 241 2618 est,
262 2548 360 2604 alacer
380 2547 484 2604 animis
508 2547 739 2622 corporibusque
761 2565 844 2604 arma
865 2545 944 2622 capit
974 2555 1062 2621 atque
1091 2546 1121 2602 in

73 2650 152 2708 aciem
172 2653 311 2726 procedit.
332 2652 487 2744 tBaliares
508 2652 588 2710 locat
610 2660 677 2708 ante
702 2653 796 2728 signa,
817 2653 910 2710 levem
933 2647 1152 2720 armaturam,2

73 2765 129 2812 octo
147 2756 235 2814 ferme
257 2757 348 2814 millia
377 2757 543 2826 hominum,
571 2756 639 2822 dein
668 2757 833 2830 graviorem
864 2756 954 2814 armis
986 2754 1122 2830 peditem,

75 2862 143 2934 quod
155 2862 267 2932 virium,
287 2862 366 2936 quod
380 2863 495 2920 roboris
515 2870 593 2931 erat;
615 2863 645 2918 in
667 2862 802 2920 cornibus
819 2859 1004 2918 circumfudit
1024 2859 1123 2914 decem

76 2964 153 3022 millia
172 2967 315 3041 equitum,
341 2976 371 3024 et
396 2969 434 3026 ab
466 2969 602 3026 cornibus
629 2966 661 3023 in
692 2975 847 3042 utramque
873 2973 985 3041 partem
1015 2962 1124 3020 divisos

77 3069 227 3144 elephantos
250 3073 360 3132 statuit.
403 3071 515 3131 Consul
538 3071 634 3152 effuse
651 3080 805 3146 sequentes
828 3068 953 3143 equites,
976 3085 1064 3142 quum
1087 3067 1156 3125 aba

78 3175 258 3236 resistentibus
272 3179 368 3236 subito
383 3178 518 3237 Numidis
540 3177 651 3234 incauti
666 3175 876 3250 exciperentur,
899 3173 983 3250 signo
998 3172 1127 3248 receptui

66 3280 137 3340 'dato
155 3291 305 3342 revocatos
318 3281 506 3340 circumdedit
527 3282 683 3358 peditibus.
726 3279 938 3353 Duodeviginti
960 3277 1049 3336 millia
1066 3278 1158 3334 lto-4

81 3403 155 3445 mana
174 3397 267 3459 erant,
288 3389 399 3445 socium
422 3389 548 3445 nominis
571 3387 672 3445 Latini
696 3386 814 3462 viginti,
844 3383 955 3441 auxilia
986 3390 1127 3458 praterea

82 3485 311 3562 Cenomanorum
340 3511 377 3551 ea
404 3493 469 3551 sola
495 3495 526 3550 in
557 3494 616 3550 fide
646 3499 794 3549 manserat
816 3488 935 3549 Gallica
963 3503 1043 3562 gans.
1085 3485 1127 3542 Iis

84 3597 158 3670 copiis
175 3617 343 3657 concursum
366 3608 418 3661 est.
461 3599 602 3657 Proelium
626 3618 645 3655 a
667 3596 835 3655 Baliaribus
857 3603 953 3652 ortum
976 3599 1034 3660 est3
1064 3590 1158 3664 qui-5

85 3697 128 3755 bus
145 3719 226 3776 quum
244 3704 355 3761 maiora
376 3705 483 3764 robore
503 3703 633 3780 legiones
659 3702 842 3769 obsisterent,
866 3699 984 3755 diducta
1004 3713 1129 3772 propere

86 3801 224 3864 insomne
253 3809 328 3866 levis
354 3819 504 3868 armatura
525 3820 587 3880 eet,
622 3825 687 3884 quas
711 3823 758 3863 res
781 3803 891 3873 effecit,
925 3810 957 3858 ut
985 3801 1162 3875 equitatus6

88 3907 214 3970 maanus
245 3916 391 3992 extemplo
412 3924 572 3989 urgeretur.
619 3915 698 3973 Nam
732 3928 822 3986 quum
855 3907 907 3964 vix
936 3907 994 3963 iam
1026 3923 1080 3980 per
1100 3921 1132 3960 se

89 4016 229 4076 meterem
256 4021 356 4080 decem
388 4020 514 4080 millibus
538 4021 668 4096 equitnm
702 4024 841 4092 quattuor
867 4011 970 4083 millia,
1005 4019 1034 4068 et
1063 4007 1134 4066 fessi
