2704 4552
310 241 367 298 148
575 241 654 290 Liber
671 241 771 292 xxm.
808 241 854 304 (Δ.
867 255 894 294 ιι.
906 257 930 294 o.
943 243 1016 304 588.)
1039 284 1045 300 „

265 430 443 496 pugnarent,
473 421 559 481 facile
584 433 790 498 persuaserant
817 425 913 495 duces,
946 443 1000 500 pro
1029 425 1118 482 Italia
1147 433 1239 498 atqua
1258 425 1314 480 urbe

265 528 400 604 Romana
421 545 471 585 eos
492 545 637 602 pugnam
658 528 771 603 itaquo,
792 529 872 586 volut
893 529 997 604 quibus
1019 529 1130 586 reditus
1150 530 1182 586 in
1205 531 1315 604 pan-ian

266 635 294 688 in
315 651 350 690 eo
372 632 535 691 discrimina
559 651 664 708 pugnae
685 641 861 704 verteretur,
885 633 1105 692 obstinaverant
1133 635 1241 694 animia
1268 634 1316 690 rin·

218 733 331 801 .80ere
353 750 403 797 eut
423 740 506 797 mori.
554 738 651 796 Minus
672 738 833 814 pertinaces
860 740 939 796 viros
962 739 1091 796 habebat
1121 739 1218 797 altera
1242 739 1316 800 acies:

265 863 332 904 nam
357 845 487 902 maxima
506 861 576 917 pars
596 843 723 918 Hispani
737 852 829 915 erant,
853 844 903 918 qui
923 843 1001 901 vinci
1020 844 1050 900 in
1073 845 1223 918 Hispania
1244 862 1315 917 quan

235 944 389 1010 9viotores
410 951 440 1007 in
469 948 584 1006 ltaliam
611 948 687 1004 trabi
717 949 873 1006 malebant.
928 949 1030 1014 Primo
1059 950 1149 1025 igitur
1178 967 1315 1011 concursu

266 1047 354 1134 quum
375 1057 427 1114 vix
449 1055 510 1129 pila
530 1055 660 1112 coniecta
681 1063 790 1124 essent,
815 1054 912 1112 retulit
933 1054 1035 1129 pedem
1059 1055 1156 1112 media
1177 1056 1266 1124 acies,
1283 1056 1316 1110 in·

216 1155 251 1210 10
264 1163 480 1237 ferentibusque
501 1179 532 1218 se
553 1179 660 1236 magno
681 1159 791 1234 impetu
812 1160 962 1228 Romanis,
984 1161 1071 1218 vertit
1092 1169 1185 1236 terga.
1231 1161 1315 1218 Nihilo

265 1268 381 1342 segnius
410 1270 438 1324 in
466 1265 600 1324 cornibus
629 1265 762 1340 proelium
789 1263 853 1326 fuit.
908 1265 987 1322 Hine
1013 1267 1133 1336 Poenus,
1164 1267 1235 1323 hinc
1255 1265 1315 1323 Ala

216 1365 248 1420 ¹¹
264 1382 362 1448 urget,
384 1380 419 1430 ,et
447 1371 526 1429 velut
549 1370 578 1427 in
600 1371 810 1429 circumventos
831 1370 933 1446 proelio
965 1371 1084 1446 ancipiti
1105 1380 1252 1447 pugnatun
1276 1369 1315 1427 ssd

265 1496 352 1552 quum
374 1475 403 1532 in
426 1477 550 1533 modium
574 1485 636 1534 tota
657 1476 716 1532 iam
738 1475 843 1532 coisset
863 1477 999 1534 Romana
1020 1477 1108 1547 acies,
1129 1475 1202 1531 satis
1224 1475 1314 1531 virium

215 1575 250 1630 12
264 1581 302 1638 ad
325 1579 501 1637 dimovenda
528 1581 652 1636 hostium
679 1598 788 1637 oornua
807 1581 918 1638 habuit.
963 1582 1010 1638 Ita
1031 1570 1089 1638 duo
1113 1581 1232 1637 diversa
1252 1599 1315 1656 pru·

263 1687 303 1742 lia
327 1694 418 1743 orant.
462 1685 596 1759 Utroque
617 1684 758 1754 Romani,
787 1694 818 1741 ut
845 1685 903 1759 qui,
925 1685 1016 1760 pulsis
1037 1686 1096 1742 iam
1120 1695 1189 1743 ante
1218 1686 1313 1748 mediis,

263 1800 292 1847 et
319 1808 439 1847 numero
466 1798 495 1847 et
515 1790 621 1846 robore
644 1789 772 1846 virorum
795 1799 977 1866 praestarent,
1009 1790 1087 1847 h'aud
1121 1791 1209 1848 dubie
1241 1807 1313 1866 supa·

215 1889 250 1943 13
262 1904 337 1954 rant.
380 1896 492 1970 Magna
504 1893 550 1950 vis
570 1893 719 1950 hominum
735 1895 776 1952 ibi
798 1896 903 1980 occisa,
926 1905 963 1965 et,
983 1895 1038 1953 nisi
1059 1897 1188 1971 Hispani
1205 1897 1311 1954 vixdm

263 2009 395 2058 conserto
416 1999 518 2076 proelio
540 2007 600 2056 tam
623 1997 892 2076 affuseiugissent‚
914 2001 1052 2076 perpauci
1079 2020 1118 2058 ex
1139 2011 1204 2058 tota
1226 2021 1312 2077 super·

216 2101 249 2154 11
263 2105 398 2163 fuissent·
413 2105 483 2165 acie.
536 2105 687 2180 Equestris
715 2123 814 2180 pugna
843 2105 923 2163 nulla
950 2106 1106 2163 admodum
1141 2107 1214 2176 fuit,
1248 2108 1312 2182 quia.

262 2211 347 2268 simul
372 2210 539 2268 inclinatam
568 2210 691 2267 mediam
720 2210 811 2268 aciem
837 2211 935 2268 Mauri
956 2211 1151 2285 Numidaeque
1184 2213 1312 2276 viderunt

262 2315 407 2390 extemplo
428 2314 500 2390 fuga
522 2313 615 2372 effusa
635 2317 714 2372 nuda
735 2333 858 2385 cornua,
890 2315 1049 2391 elephantis
1071 2333 1193 2390 quoque
1213 2337 1272 2393 pra
1290 2335 1313 2370 se

214 2415 248 2468 15
262 2419 347 2489 actis,
384 2419 544 2478 deseruere.
603 2420 772 2480 Hasdrubal
808 2437 899 2494 usquo
937 2418 975 2475 ad
1019 2419 1153 2478 ultimum
1191 2431 1312 2479 eventum

260 2542 365 2601 puguae
393 2533 523 2580 moratus
553 2543 569 2580 e
596 2524 691 2580 media
722 2525 799 2580 cade
826 2543 890 2581 cum
922 2525 1023 2599 paucis
1054 2521 1164 2599 effugit.
1220 2525 1313 2584 Castra

211 2624 247 2678 16
260 2629 386 2687 Romani
407 2646 508 2704 cepere
532 2635 620 2701 atqua
642 2628 795 2702 diripuere.
839 2629 885 2686 Ea
900 2647 1019 2704 pugna,
1048 2629 1074 2685 si
1105 2648 1166 2703 qua
1188 2608 1313 2688 dubiam

260 2735 405 2810 Hispania
428 2741 523 2802 erant.
554 2733 696 2790 Romanis
720 2733 867 2803 adiunxit,
890 2733 1129 2806 Hasdrubalique
1152 2755 1213 2794 non
1238 2735 1314 2792 modo

151 2850 156 2862 “
182 2851 183 2856 ’
261 2839 290 2895 in
311 2839 427 2896 Italiam
449 2837 619 2895 traducendi
639 2834 792 2905 exereitus,
814 2836 866 2893 sed
887 2856 923 2894 ne
945 2838 1080 2894 manendi
1110 2840 1230 2912 quidem
1254 2840 1314 2898 satis

211 2939 246 2992 17
260 2952 323 3000 tuto
354 2944 384 3000 in
410 2942 554 3018 Hispania
576 2960 642 3016 spes
663 2940 774 3014 reliqua
799 2950 870 2997 erat.
914 2941 986 3012 Qum
1007 2951 1203 3018 posteaquam
1225 2945 1315 3003 litum

261 3048 426 3125 Scipionum
450 3047 691 3120 Romae‘vulgata
712 3055 794 3110 sunt,
826 3064 884 3102 non
913 3056 972 3102 tam
999 3046 1123 3102 victoria
1148 3067 1236 3121 quam
1259 3067 1314 3124 pro·

259 3153 350 3211 hibito
372 3152 566 3209 Hasdrubalis
589 3151 618 3207 in
640 3150 757 3208 Italiam
778 3150 901 3207 transitu
922 3151 1105 3208 laetabantur.

163 3242 212 3310 30
343 3235 422 3312 Dum
441 3256 503 3312 haee
524 3256 554 3311 in
576 3255 719 3330 Hispania
748 3264 899 3330 geruntur,
929 3245 1041 3314 Petelia
1063 3257 1092 3311 in
1115 3257 1239 3314 Bruttiis
1271 3256 1315 3312 ali·

259 3370 331 3436 quot
351 3368 418 3436 post
440 3359 602 3430 mensibus,
625 3377 712 3432 quam
736 3360 1018 3435 coepla'oppugnari
1049 3367 1125 3428 erat,
1155 3362 1194 3418 ab
1218 3361 1315 3417 Himil-

132 3453 134 3457 ’
229 3457 332 3524 2cone
353 3463 489 3540 praefecto
513 3462 686 3519 Hannibalis
715 3473 884 3548 expugnata
912 3461 964 3522 e'st.
1008 3464 1101 3521 Multo
1124 3467 1266 3541 sanguina
1287 3482 1314 3520 ao

259 3569 426 3628 vulneribus
448 3587 482 3625 ea
503 3567 603 3625 Poenis
625 3567 749 3624 victoria
770 3567 861 3636 stetit,
883 3587 936 3626 nce
959 3569 1018 3625 ulla
1040 3569 1134 3642 magis
1157 3569 1203 3626 vis
1225 3571 1314 3626 obses-

229 3673 308 3734 3sos
341 3693 428 3748 quam
458 3672 551 3730 fames
578 3673 764 3746 expugnavit.
817 3673 990 3748 Absumptis
1017 3675 1091 3730 enim
1120 3673 1239 3750 frugum
1269 3674 1314 3730 ali·

261 3779 364 3838 mentis
386 3779 539 3853 carnisque
554 3777 647 3835 omnis
667 3777 780 3851 generis
795 3777 1014 3852 quadrupedum
1036 3788 1124 3842 sueta
1145 3781 1314 3853 insuetoque,

261 3891 408 3959 postremo
442 3884 527 3941 coriis
559 3882 714 3955 herbisque
745 3889 773 3937 et
794 3882 940 3940 radicibus
972 3891 1000 3939 et
1030 3881 1187 3940 corticibus
1218 3883 1314 3942 teneris

228 3987 425 4062 dstrictisque
452 3987 530 4044 foliis
551 3987 664 4056 vixere,
693 4003 746 4042 nec
768 3994 843 4055 ante,
866 4005 953 4060 quam
975 3987 1052 4044 vires
1073 3987 1112 4043 ad
1134 3989 1267 4045 standum
1288 3987 1313 4044 iu
