2748 4556
300 249 358 306 260
570 246 649 298 Liber
667 243 754 299 xxx.
789 247 832 310 (Δ.
847 262 873 295 u.
886 261 908 295 c.
924 249 997 311 esea

258 431 330 490 adeo
350 451 409 489 non
430 431 617 501 sustinebant,
640 442 670 488 ut
692 440 793 488 contra
814 432 919 503 etiam,
940 453 977 491 ne
999 433 1168 490 resistentes
1189 431 1305 507 pertina-

257 539 328 596 eiter
353 538 461 614 primos
488 537 621 595 cedendo
650 538 687 594 ad
714 555 746 594 se
775 539 938 614 perveniret
959 540 1068 609 hostis,
1100 538 1207 614 pedem
1227 535 1307 594 refer

229 647 330 702 (irent.
376 642 470 719 igitur
498 642 653 700 auxiliares
677 652 760 717 terga
787 643 857 700 dant
880 655 998 722 repente
1033 654 1062 702 et
1092 645 1124 701 in
1152 663 1223 700 euos
1243 645 1308 699 versi

259 749 363 827 partim
391 746 523 824 refugere
549 749 579 805 iu
606 750 760 806 seeundum
792 749 900 817 aciem,
931 751 1036 825 partim
1065 769 1126 806 non
1148 748 1308 824 recipientes

231 856 378 925 tradere,
400 863 431 910 ut
453 863 481 912 et
501 855 588 930 paulo
610 864 677 912 ante
697 875 756 912 non
777 856 868 914 adiuti
889 864 917 913 et
937 867 1005 913 tunc
1025 856 1157 924 exclusi;
1178 867 1214 912 et
1229 875 1311 930 prope

260 963 318 1020 duo
339 962 396 1019 iem
421 961 565 1034 permixte
585 962 687 1036 proelia
710 971 806 1033 erant,
843 979 930 1036 quum
953 958 1222 1034 Carthaginienses
1236 961 1312 1018 simul

260 1073 323 1126 cnm
348 1066 488 1137 hostibus,
519 1066 604 1124 simul
635 1085 698 1125 cum
731 1069 790 1124 suis
822 1075 992 1143 cogerentur
1024 1085 1131 1124 manus
1160 1085 1312 1124 conserere

231 1175 329 1234 8Non
362 1183 458 1231 tamen
486 1173 527 1230 ita
553 1174 699 1248 perculsos
727 1172 874 1247 iratusque
900 1174 930 1228 in
957 1173 1047 1228 eciem
1077 1192 1238 1248 accepere,
1266 1173 1310 1228 sed

261 1279 386 1336 densatis
408 1278 555 1336 ordinibus
580 1279 610 1336 in
642 1297 751 1337 cornua
773 1297 953 1352 vacuumque
975 1279 1052 1336 circu
1074 1297 1216 1354 campum
1237 1289 1309 1334 extra

259 1385 390 1460 proelium
414 1385 539 1454 eiecere,
571 1403 608 1440 ne
634 1383 741 1459 parido
770 1383 841 1459 fuge
862 1384 1083 1459 vulneribusque
1108 1385 1203 1442 milite
1229 1384 1309 1440 unce

229 1494 320 1549 tirum
341 1499 369 1548 et
385 1491 526 1564 integram
542 1489 631 1547 aciem
651 1490 810 1546 miscerent.
847 1489 980 1547 Ceterum
1002 1500 1084 1546 tenta
1097 1501 1215 1566 strages
1229 1489 1309 1546 homi-

259 1615 325 1653 num
342 1615 546 1671 armorumque
561 1597 666 1665 locum,
687 1596 716 1651 in
732 1613 789 1669 quo
806 1605 945 1653 steterant
959 1597 1049 1671 paulo
1069 1608 1142 1653 ente
1156 1595 1310 1652 auxiliares.

259 1703 468 1778 compleverat,
504 1713 535 1758 ut
568 1719 659 1777 prope
691 1700 834 1758 difficilior
858 1704 995 1759 transitus
1027 1714 1115 1774 esset,
1152 1721 1241 1776 qnam
1268 1719 1310 1775 per

213 1813 246 1868 10
260 1807 404 1866 confertos
425 1807 523 1864 hostes
540 1807 645 1869 fuerat.
692 1809 811 1882 Itaque,
834 1807 883 1882 qui
906 1809 990 1883 primi
1013 1819 1115 1878 erant,
1139 1809 1248 1866 hastati
1267 1825 1311 1881 per

260 1914 389 1973 cumulos
411 1929 563 1987 corporum
587 1931 790 1989 armorumque
813 1924 841 1970 et
862 1915 957 1970 tabern
974 1914 1136 1988 sanguinis,
1160 1933 1219 1989 qua
1239 1911 1310 1986 quis-

261 2040 317 2096 que
338 2027 460 2095 poteret,
482 2029 632 2092 sequentes
653 2020 764 2076 hostem
788 2031 816 2076 et
837 2019 920 2094 signa
940 2029 969 2077 et
984 2021 1100 2077 ordines
1118 2019 1310 2078 confuderunt·

259 2125 425 2200 Principum
457 2142 573 2197 quoque
607 2123 690 2198 signe
715 2126 848 2183 fluctuari
880 2136 1028 2201 coeperant
1054 2145 1166 2200 vagam
1195 2132 1260 2181 ante
1284 2139 1309 2176 ee

213 2237 244 2292 11
261 2231 402 2288 cernendo
434 2229 535 2287 aciem.
589 2229 674 2303 Quod
710 2231 807 2306 Scipio
835 2233 885 2289 ubi
912 2232 1001 2302 vidit,
1037 2230 1171 2306 receptui
1199 2245 1310 2304 propere

262 2355 365 2394 canere
396 2336 519 2393 hastatis
546 2337 642 2406 iussit,
680 2347 723 2402 et,
758 2339 863 2395 sauciis
885 2338 915 2395 in
936 2347 1114 2413 postremam
1139 2337 1234 2393 eciem
1256 2335 1310 2391 sub

261 2441 368 2512 ductis,
402 2441 546 2516 principes
578 2441 749 2518 triariosque
780 2443 810 2501 in
841 2461 951 2500 cornua
981 2442 1104 2512 inducit,
1143 2460 1204 2516 quo
1236 2440 1312 2497 tutior
1371 2519 1372 2524 ἵ

213 2553 248 2609 12
261 2547 427 2621 firmiorque
469 2548 563 2604 medie
595 2549 774 2606 hastatorum
811 2551 887 2608 ecies
919 2525 1003 2606 esset.
1060 2547 1108 2604 Ita
1144 2566 1254 2604 novum
1283 2545 1312 2600 de
1371 2527 1372 2530 Ἰ

261 2651 372 2728 integro
399 2652 531 2727 proelium
550 2663 643 2711 ortum
667 2663 725 2722 est3
747 2655 854 2730 quippe
878 2631 916 2712 ud
936 2672 1022 2712 veros
1036 2655 1137 2710 hostes
1150 2663 1310 2729 perventum
1371 2659 1372 2665 ’

262 2770 333 2830 erat,
355 2769 383 2817 et
407 2777 551 2816 armorum
576 2777 680 2834 genere
703 2770 731 2818 et
750 2779 802 2818 usu
824 2761 932 2818 militie
952 2769 981 2816 et
1001 2759 1083 2816 fama
1104 2779 1203 2816 rerum
1227 2768 1313 2835 geste·

213 2869 248 2926 13
263 2888 326 2926 rum
348 2876 377 2926 et
398 2865 593 2941 magnitudine
614 2866 660 2922 vel
686 2867 748 2943 spei
762 2868 809 2924 vel
826 2865 944 2942 periculi
965 2883 1066 2941 pares3
1088 2867 1140 2922 sed
1157 2874 1187 2941 et
1202 2883 1312 2923 numero

262 2974 392 3050 superior
424 2974 573 3030 Romanus
603 2980 666 3028 eret
697 2982 725 3029 et
759 2972 871 3040 inimo,
907 2971 983 3046 qnod
1013 2971 1070 3028 iarn
1086 2971 1231 3045 equites,
1262 2971 1313 3028 ian
1371 3047 1372 3052 ἵ

263 3082 431 3157 elephantos
452 3077 583 3167 fuderat,
605 3077 681 3148 iem,
703 3077 796 3152 prime
818 3078 880 3135 acie
900 3076 994 3152 pulso,
1015 3077 1045 3132 in
1067 3078 1226 3135 secundam
1249 3096 1314 3152 pug-

169 3179 212 3248 35
265 3188 363 3243 nabat.
409 3186 445 3242 In
460 3194 589 3258 tempore
601 3182 706 3240 Laelius
721 3202 755 3241 ac
770 3184 934 3253 Masinissa,
955 3183 1054 3258 pulsos
1070 3201 1123 3257 per
1140 3183 1314 3258 aliquantum

236 3263 239 3274 ¹
266 3292 351 3369 spatii
381 3291 470 3350 secuti
500 3289 624 3365 aquitae,
657 3298 832 3346 revertentes
858 3289 888 3345 in
916 3306 1048 3345 aversam
1077 3290 1206 3346 hostium
1229 3289 1314 3347 aciem

234 3397 418 3456 tincurrere.
465 3397 495 3454 Is
522 3397 634 3454 demum
663 3395 789 3470 equitum
816 3395 939 3470 impetus
967 3393 1042 3451 fudit
1062 3395 1187 3453 hostem.
1230 3393 1314 3451 Multi

267 3505 452 3562 circumventi
478 3503 508 3558 in
538 3501 599 3560 acie
626 3499 707 3568 oa‘esi3
737 3501 816 3556 multi
841 3519 893 3575 per
919 3507 1063 3574 petentem
1086 3499 1165 3556 eirca
1186 3517 1314 3574 campum

206 3635 210 3647 ·
237 3609 337 3685 3fuga
358 3611 461 3685 sparsi,
483 3617 595 3665 tenente
617 3605 713 3662 omnia
734 3603 872 3679 equitatu,
895 3604 1002 3680 passim
1021 3604 1201 3664 interierunt
1249 3603 1313 3663 Car·

268 3716 486 3790 theginiensium
513 3714 712 3785 sociorumque
741 3727 815 3779 eoese
844 3727 878 3766 eo
907 3709 954 3766 die
981 3727 1070 3785 supra
1091 3710 1183 3768 millia
1205 3712 1313 3786 vigiam

264 3841 318 3898 par
351 3819 441 3878 ferme
477 3837 611 3877 numerus
646 3825 747 3891 captus
779 3835 842 3872 cum
880 3815 968 3890 signis
1002 3815 1175 3874 militaribus
1207 3827 1311 3875 centum

264 3923 381 3999 triginta
403 3925 533 3995 duobus,
572 3921 731 3998 elephantie
767 3922 911 3991 undecim;
951 3921 1074 3979 victores
1106 3923 1143 3980 ad
1178 3924 1255 3982 mille
1290 3935 1312 3980 et

233 4035 234 4038 ’
266 4031 435 4104 quingentos
457 4029 593 4087 cecidere.
