2700 4426
311 204 315 213 f
387 169 465 219 Liber
482 168 585 224 XXIII.
621 171 669 232 (A.
685 170 731 222 Ch.
744 168 816 233 215.)
1032 175 1085 230 163

63 365 96 411 tu
123 353 305 412 defendisvet
325 362 426 411 nostra
448 354 592 426 iuventus,
614 373 687 429 quae,
707 354 732 412 si
754 354 833 411 domi
855 362 946 425 esset,
975 363 1126 426 tutaretur,

63 459 160 516 omnis
182 459 235 515 sub
263 445 352 535 signis
383 459 498 516 militat‘
515 458 581 516 tuis.
627 460 691 517 Nec
720 469 749 517 te
777 479 830 517 nec
859 459 1015 517 exercitum
1044 469 1126 519 tuum
1144 462 1178 517 ta

62 564 176 634 norim,
202 563 273 634 nisi,
302 582 400 638 aquo
426 571 469 621 tot
490 543 639 621 Romanas
670 565 746 623 acies
775 565 856 623 fusas
878 574 1042 640 stratasque
1064 585 1128 623 ease

61 670 172 743 sciam,
203 669 228 727 ei
261 667 347 726 facilc
378 685 441 725 esse
472 669 575 725 ducam
604 669 769 744 opprimere
795 671 983 747 populatores
1012 679 1127 729 nostros

61 792 158 850 vagos
181 775 242 832 sine
263 773 352 849 signis
373 773 505 848 palatos,
535 793 592 848 quo
621 794 764 850 quemque
786 777 875 834 trahit
896 777 1028 851 quamvis
1050 795 1128 834 vana

60 881 171 958 praedae
192 870 267 955 apes.
315 879 508 936 Numidarum
533 898 692 955 paucorum
715 882 755 939 illi
778 883 893 957 quidem
915 882 1014 956 praeda
1036 890 1128 954 erunt,
1145 883 1178 938 13
1277 885 1280 888 ’

60 985 288 1063 praesidiumque
308 988 416 1041 misma
437 985 523 1041 simul
544 986 628 1042 nobis
650 995 678 1043 et
699 989 785 1049 Nolae
808 987 959 1057 ademeris,
983 988 1007 1044 si
1029 986 1128 1056 modo,

62 1113 150 1170 quos,
173 1101 205 1150 ut
226 1090 321 1148 socios
343 1089 481 1160 haberes,
511 1089 613 1165 dignos
636 1091 757 1164 duxisti,
787 1093 865 1149 haud
898 1090 1032 1168 indignos
1053 1093 1127 1150 iudi-

60 1217 126 1270 cas,
148 1217 220 1273 quoa
242 1197 271 1253 in
295 1196 380 1252 fidem
402 1203 535 1270 receptos
557 1197 693 1254 tuearis.“

148 1305 198 1363 Ad
221 1322 257 1361 ea
277 1300 427 1358 Hannibal
447 1303 612 1377 respondit,
637 1305 735 1361 omnia
755 1302 841 1359 simul
866 1301 970 1360 facere
985 1303 1126 1379 Hirpinos
1178 1298 1221 1366 43

60 1410 330 1484 Samnitesque-at
350 1405 479 1463 indicare
510 1407 607 1465 clades
638 1427 706 1466 suas
729 1417 757 1465 et
783 1417 880 1484 petere
908 1410 1073 1485 praesidium
1100 1419 1128 1468 et

60 1516 147 1592 queri
170 1513 335 1572 indefensos
357 1531 388 1569 se
409 1512 622 1588 neglectosque.
665 1514 855 1572 indicandum
883 1524 980 1574 autem
1002 1515 1158 1592 primuml
1208 1502 1210 1506 ’

59 1623 165 1693 fuisse,
184 1620 250 1678 dein
272 1617 426 1695 petendum
449 1620 631 1693 praesidium,
662 1629 824 1696 postremo,
840 1599 884 1678 'ni
915 1621 1126 1698 impetraretur,
1177 1605 1180 1608 Δ

60 1728 265 1803 tum-danique
280 1724 467 1800 querendum,
488 1723 598 1782 frustra
612 1744 697 1800 opem
718 1725 914 1802 imploratam.
948 1728 1156 1785 ⁴Exercitum‘d

61 1817 133 1893 sese
149 1852 208 1890 non
229 1833 259 1889 in
289 1847 389 1905 agrum
412 1828 568 1904 Hirpinum
590 1832 801 1902 Samnitemve,
834 1850 870 1888 ne
899 1840 927 1888 et
956 1833 1017 1908 ipse
1047 1834 1126 1891 oneri
1154 1863 1162 1871 -

62 1947 150 2010 asset,
173 1938 274 1996 sedin
296 1935 518 2012 proximaloca
548 1937 691 1995 sociorum
714 1937 815 2012 populi
836 1938 962 1996 Romani
987 1939 1126 1996 adductu—
1174 1981 1176 1993 .

61 2064 139 2108 rum.
177 2045 224 2105 ‚lis
245 2040 419 2119 populandis
442 2050 470 2098 et
492 2042 608 2098 militem
639 2061 721 2100 auum
744 2043 919 2119 repleturum
942 2061 974 2100 se
995 2052 1024 2100 et
1048 2053 1126 2102 metu

61 2150 166 2228 procul
199 2151 236 2207 ab
265 2148 300 2205 iis
329 2157 538 2205 summoturum
562 2148 668 2207 hostes.
712 2147 799 2221 Quod
830 2149 866 2205 ad
889 2149 994 2206 bellum
1017 2150 1157 2208 Roma-4

62 2275 134 2313 num
165 2255 313 2326 attineret,
342 2254 368 2311 si
397 2232 591 2312 Trasumenni
624 2270 712 2327 quam
744 2254 874 2324 Trebiae,
906 2254 931 2311 ai
961 2253 1125 2312 Cannarum

64 2361 153 2437 quam
175 2360 368 2419 Trasumenni
390 2376 488 2435 pugna
509 2357 635 2416 nobilior
656 2368 747 2428 esset,
769 2357 935 2416 Cannarum
961 2373 1078 2433 qaoque
1095 2377 1128 2417 se
1145 2416 1154 2423 ,,

63 2466 235 2526 memoriam
269 2466 421 2522 obscuram
458 2465 569 2523 maiora
603 2473 631 2522 et
662 2463 785 2522 clariore
820 2464 943 2521 victoria
973 2461 1126 2526 facturum.

64 2571 140 2630 Cum
164 2573 220 2629 hoc
240 2589 381 2646 responso
404 2570 628 2645 muneribusque
650 2569 752 2645 amplis
776 2550 890 2644 legatos
913 2569 1033 2640 dimisit;
1055 2570 1158 2645 ipse,5

62 2676 200 2752 praesidio
232 2676 347 2734 modico
374 2675 474 2733 relicto
501 2675 531 2732 iu
553 2673 676 2744 Tifatis,
705 2674 853 2750 profectus
883 2683 978 2733 cetero
999 2676 1126 2734 exercitu

62 2783 106 2840 ire
121 2783 229 2840 Nolam
245 2782 349 2858 pergit.
397 2781 510 2838 Eodem
527 2781 634 2838 Hanno
650 2799 686 2837 ex
701 2780 822 2838 Bruttiis
846 2798 911 2837 cum
927 2782 1125 2858 supplemento
1140 2782 1157 2836 6

63 2886 242 2964 Carthagine
278 2887 399 2945 advecto
438 2895 525 2970 atque
561 2885 720 2962 elephantis
754 2886 841 2942 venit.
899 2884 1011 2943 Castris
1047 2888 1125 2944 haud

62 2993 166 3070 procul
197 2992 317 3068 positis,
348 2992 434 3067 louge
464 2992 522 3049 alia
553 2993 651 3050 omnia
682 2977 836 3064 inquirenti
866 3001 1014 3068 comperta
1051 3001 1126 3062 suut,

63 3119 154 3176 quam
176 3117 240 3175 quae
263 3099 400 3174 elegatis
423 3098 569 3156 sociorum
592 3096 731 3158 audierat.
775 3096 857 3154 Nihil
879 3097 953 3154 enim
969 3097 1156 3155 Marcellus?

62 3207 106 3264 ita
129 3215 243 3280 egerat,
273 3212 305 3261 ut
333 3213 383 3261 aut
411 3202 606 3272 fortunaaaut
632 3212 739 3259 temere
764 3202 841 3259 hosti
863 3202 1047 3259 commissum
1069 3203 1126 3260 dici

63 3319 173 3388 posset.
233 3309 397 3385 Explorato
435 3326 499 3367 cum
528 3308 676 3382 firmisque
713 3306 868 3383 presidiis,
908 3314 970 3364 tuto
1008 3316 1125 3382 receptu

63 3417 224 3493 praedatum
247 3415 329 3487 ierat,
352 3415 507 3489 omniaque
527 3415 619 3477 ‚velut
650 3414 790 3471 adversus
819 3421 989 3488 praesentem
1012 3413 1126 3471 Hanni·

63 3522 160 3581 balam
185 3530 273 3580 cauta
293 3519 615 3605 provisaquefirerant.
659 3521 745 3590 Tum,
767 3519 816 3577 ubi
838 3519 927 3577 sensit
939 3520 1051 3576 hostem
1074 3517 1156 3576 ad·8

63 3637 200 3698 ventare,
234 3628 333 3703 copias
365 3626 443 3684 intra
470 3625 577 3682 moenia
603 3625 706 3694 tenuit;
739 3643 791 3699 per
820 3641 919 3680 muros
945 3623 1125 3682 inambulare

64 3742 215 3792 senatores
236 3733 369 3792 Nolanos
390 3730 474 3789 iussit
496 3738 524 3787 et
545 3731 642 3788 omnia
666 3730 742 3788 circa
764 3729 931 3804 explorare,
962 3745 1026 3801 quae
1048 3728 1125 3803 apud

63 3841 164 3898 hostes
185 3839 294 3896 fierent
340 3839 388 3896 Ex
409 3837 454 3894 hia
477 3838 594 3908 Hanno,
617 3856 704 3911 quum
727 3836 765 3894 ad
786 3853 898 3891 murum
932 3832 1155 3903 successisset,9

64 3943 246 4003 Heranqum
277 3942 402 4000 Rassum
429 3951 458 3999 et
484 3942 604 3999 Herium
627 3943 754 4013 Pettium
784 3940 822 3997 ad
851 3938 1025 4014 colloquium
1056 3957 1124 3996 evo-

878 4039 924 4091 11’
