2704 4552
315 246 369 300 iil)
583 239 662 292 Liber
678 239 769 296 xxn.
805 241 851 305 (Δ.
865 257 890 291 ιι.
905 255 928 294 c.
942 242 1014 303 ⁵88.)

268 443 343 482 nunc
364 424 491 482 minores
512 425 662 500 pontifices
685 425 850 502 appellant,
873 427 923 500 qui
948 443 1013 483 oum
1036 423 1187 482 Floronia
1209 431 1270 496 step
1288 448 1297 465 ν

268 527 392 598 fecerat,
417 549 436 586 a
457 531 593 605 pontifice
615 530 743 587 maximo
762 548 797 588 eo
821 549 912 606 usque
933 531 1022 605 virgis
1044 529 1075 586 in
1101 527 1230 585 comitio

236 642 348 706 leret,
378 643 410 691 ut
437 635 512 694 inter
542 637 665 694 verbera
696 635 866 711 exspiraret.
925 637 992 693 Hoc
1022 632 1107 691 naias
1144 651 1237 707 quum
1265 631 1297 686 in
1328 653 1335 688 t

269 747 322 810 tot,
343 749 375 798 ut
398 742 439 810 lit,
461 741 558 798 clades
580 741 609 797 in
633 741 797 815 prodigium
820 759 936 800 versum
959 748 1043 808 esset,
1064 738 1234 796 decemviri
1252 737 1286 792 lib

239 845 350 906 badire
371 846 441 904 iussi
463 855 544 938 suqt,
573 855 602 904 et
630 846 666 919 Q.
688 847 800 904 Fabius
832 847 932 905 Pictor
953 845 1087 920 Delphos
1115 844 1158 900 ad
1174 823 1300 900 'oracul

270 951 374 1010 missus
396 961 440 1009 est
454 952 640 1021 sciscitatum,
665 953 769 1025 quibus
791 952 924 1027 precibus
945 931 1156 1026 suppliciisque
1179 949 1252 1006 deos
1278 974 1295 995 ιι

270 1064 334 1114 sent
364 1057 496 1132 placare,
529 1065 557 1114 et
586 1075 718 1130 quanam
741 1057 840 1114 lutura
871 1057 936 1114 finis
968 1055 1057 1113 tantis
1085 1053 1225 1112 cladibus
1257 1051 1301 1108 io
1335 1081 1338 1114 ι

240 1161 391 1222 blntsrim
424 1181 461 1218 ex
492 1161 631 1220 fatalibus
665 1162 746 1221 libris
778 1163 921 1220 sacrificia
957 1162 1069 1234 aliquot
1101 1159 1289 1217 extraordinu

270 1265 365 1334 lacte,
392 1266 467 1324 inter
496 1285 560 1341 que
583 1266 688 1326 Gallus
714 1278 743 1325 et
764 1267 868 1338 Galla,
896 1266 1017 1325 Graccus
1038 1273 1068 1322 et
1088 1264 1202 1324 Graeca
1224 1264 1252 1320 in
1273 1261 1291 1318 f·
1338 1293 1339 1326 2

273 1372 375 1430 boario
390 1373 444 1429 snb
460 1381 567 1430 terram
582 1371 643 1428 vivi
664 1370 783 1429 demissi
797 1372 908 1448 sunt-in
929 1371 1026 1429 locum
1047 1389 1123 1428 saxo
1145 1377 1299 1443 consssptu
1332 1398 1339 1432 ,ι

270 1479 328 1536 iam
352 1487 419 1534 ante
440 1479 543 1535 hostiis
564 1478 709 1546 humanis,
730 1477 848 1535 minime
865 1479 1001 1535 Romano
1022 1493 1118 1546 sacro,
1139 1474 1289 1531 imbutum,
1336 1507 1338 1512 .

241 1588 256 1640 7
353 1583 483 1640 Placatis
505 1583 592 1652 satis,
624 1593 656 1640 ut
677 1585 830 1652 rebantur,
860 1581 922 1638 deis
951 1583 992 1640 M.
1016 1579 1157 1639 Claudius
1181 1577 1296 1636 Marcell

271 1687 308 1742 ab
333 1685 418 1744 Ostia
440 1687 517 1744 milla
540 1697 568 1744 et
589 1687 762 1762 quingentos
785 1687 898 1758 milites,
922 1705 995 1761 quos
1017 1687 1046 1744 in
1067 1686 1195 1742 classem
1215 1683 1303 1756 scrip

240 1792 407 1860 8habebat,
429 1794 564 1860 Romam,
587 1801 618 1849 ut
640 1793 704 1849 urbi
724 1792 859 1867 prasidio
875 1801 979 1863 essent,
1003 1793 1105 1861 mittit3
1126 1792 1202 1866 ipse,
1224 1788 1302 1862 legio
1338 1820 1340 1854 ι

271 1897 393 1956 classica
422 1899 470 1970 (ea
492 1897 567 1973 legio
594 1900 680 1957 tertia
706 1898 783 1971 erat)
811 1917 876 1966 oum
904 1898 1026 1955 tribunis
1055 1896 1181 1954 militum
1204 1898 1297 1953 Teani
1336 1923 1340 1959 ι

272 2001 429 2061 Sidicinum
459 2003 623 2077 praemissa,
656 2003 749 2060 classe
777 2004 885 2060 tradita
917 2006 951 2063 P.
975 2003 1067 2060 Furio
1089 2004 1177 2060 Philo

142 2103 151 2114 “
240 2111 382 2183 9paucos
403 2117 471 2182 post
493 2108 554 2165 dies
577 2106 734 2166 Canusium
758 2110 870 2184 magnis
893 2109 1043 2166 itineribus
1065 2108 1224 2164 contendit.
1265 2107 1302 2162 In
1338 2137 1340 2168 ι

271 2212 396 2270 dictator
423 2231 461 2269 ax
486 2212 658 2270 auctoritate
687 2221 802 2288 patrum
824 2213 917 2271 dictus
946 2214 987 2270 M.
1009 2212 1110 2270 Iunius
1132 2223 1162 2270 et
1183 2214 1232 2274 Ti,
1255 2212 1288 2269 Se
1337 2245 1341 2276 ι

272 2317 390 2392 pronius
419 2317 559 2392 magister
581 2316 724 2391 equitum,
758 2318 863 2376 dilectu
892 2319 996 2386 edicto,
1031 2319 1159 2376 iuniores
1189 2320 1230 2375 ab
1255 2313 1308 2372 an'
1339 2347 1341 2370 ι

272 2423 465 2497 septendecim
500 2433 529 2480 et
558 2423 701 2497 quosdam
733 2431 921 2497 praetextatos
954 2424 1095 2492 scribunt;
1129 2434 1269 2499 quattuor
1297 2442 1341 2469 2³⁴

224 2531 260 2586 te
274 2527 317 2584 his
337 2527 466 2603 legiones
488 2537 517 2584 et
537 2529 615 2586 mille
637 2529 748 2602 equites
770 2526 874 2589 effecti.
917 2530 991 2586 Item
1014 2529 1052 2585 ad
1073 2529 1170 2586 socios
1185 2529 1318 2586 Latinum·

274 2650 330 2705 qne
351 2651 457 2689 nomen
479 2633 517 2690 ad
532 2632 636 2689 milites
651 2651 689 2690 ex
710 2631 837 2690 formula
858 2634 1041 2710 accipiendos
1064 2634 1188 2692 mittunt.
1235 2637 1315 2692 Arna
1339 2671 1341 2680 ι

274 2737 347 2807 tela,
377 2738 435 2795 alia
456 2739 554 2813 parari
583 2739 683 2796 iubent
715 2747 743 2794 et
772 2747 873 2797 vetera
902 2741 997 2815 spolia
1024 2740 1150 2797 hostium
1181 2740 1316 2797 detrahunt

226 2846 255 2900 ll
273 2843 389 2918 templis
409 2844 635 2919 porticibusque.
671 2819 718 2901 'Et
745 2845 833 2910 aliam
854 2845 979 2902 formam
1001 2845 1071 2902 novi
1094 2843 1217 2902 dilectus
1239 2841 1316 2916 inopis

274 2949 429 3008 liberorum
459 2950 585 3024 capitum
613 2967 648 3004 ao
676 2950 834 3006 necessitas
862 2951 954 3018 dadit;
985 2959 1050 3008 ooto
1084 2950 1175 3008 millia
1200 2953 1316 3008 iuvenum

274 3054 435 3112 validorum
466 3075 503 3112 ex
529 3054 668 3124 servitiis,
699 3054 778 3128 prius
805 3054 984 3112 sciscitantes
1016 3055 1163 3130 singulos,
1196 3055 1316 3112 vellentne

225 3159 261 3215 12
275 3160 407 3230 militare,
432 3170 530 3235 empta
544 3159 659 3234 publice
681 3169 877 3219 armaverunt.
919 3161 978 3218 Hic
1000 3161 1081 3218 miles
1104 3160 1199 3234 magis
1220 3157 1316 3235 placuit

275 3282 362 3338 quum
385 3265 478 3338 pretio
501 3264 611 3320 minora
634 3263 793 3320 redimendi
815 3264 947 3338 captivos
969 3266 1055 3340 copie
1072 3268 1164 3326 fieret.

178 3365 228 3434 58
357 3371 495 3443 Namque
517 3367 666 3426 Hannibal
683 3349 838 3426 secundum
867 3378 926 3426 tam
954 3388 1125 3444 prosperam
1161 3372 1200 3428 ad
1222 3369 1316 3428 canna

276 3491 403 3548 pugnam
426 3474 544 3532 victoris
574 3476 667 3548 magis
697 3493 785 3548 quam
813 3474 919 3531 bellum
949 3475 1076 3550 gerentis
1103 3475 1231 3532 intentus
1251 3471 1315 3530 curis.

245 3582 381 3650 lquum,
401 3579 523 3653 captivis
546 3580 694 3655 productis
715 3579 947 3654 segregatisque,
976 3580 1086 3649 socios,
1114 3579 1191 3638 sicut
1210 3589 1272 3637 aute
1291 3573 1315 3630 sl

276 3683 414 3740 Trebiam
451 3685 742 3758 Trasumennumque
776 3685 886 3755 lacum,
930 3687 1052 3761 benigne
1099 3685 1241 3742 allocutus
1273 3683 1315 3740 sine

275 3782 368 3862 pretio
396 3789 564 3860 dimisisset,
596 3794 747 3848 Romanos
775 3808 896 3865 quoque.
919 3801 1055 3862 vocatos,
1084 3790 1164 3866 quod
1191 3803 1314 3864 nunquam

246 3893 350 3951 ilalias
378 3903 480 3966 antea,
507 3895 578 3953 satis
600 3895 661 3952 miti
691 3914 824 3953 sermone
846 3897 1016 3970 alloquitur:
1049 3915 1106 3954 non
1129 3896 1313 3954 internecivum

277 3999 334 4056 sibi
362 4019 424 4058 esse
454 4019 518 4057 eum
545 4001 685 4058 Romanis
714 4000 833 4065 bellarm
866 4001 902 4055 de
933 4001 1073 4075 dignitate
1100 4011 1189 4076 atque
1217 3997 1314 4075 imperio
1338 4002 1339 4035 l
