2674 4542
307 237 366 292 214
522 235 602 292 Liber
621 231 722 282 XXIV.
761 233 809 296 (A.
823 247 886 286 111.
901 232 1065 294 tao-541.)

230 423 406 492 torporque
428 381 524 474 fossas
539 436 644 474 novem
661 427 695 473 'et
717 416 835 492 triginta
850 417 995 492 elephanti
1007 416 1081 490 pilis
1105 415 1227 473 confixi.
1273 420 1297 463 t.

263 540 380 596 quoque
411 522 514 597 praelio
546 524 584 580 ad
616 522 768 580 duodecim
798 521 889 578 millia
914 522 1064 578 hominum
1092 521 1233 578 dicuntur
1269 546 1298 569 »a

262 645 355 702 prope
376 626 432 682 tria
463 637 551 703 capta
580 646 643 685 cum
673 627 763 703 signis
791 625 962 683 militaribus
988 635 1101 701 septem
1132 635 1164 682 et
1196 626 1306 700 quinqua

231 731 352 806 aginta.
400 731 449 788 Ad
472 732 633 808 Auringem
654 732 722 788 inde
743 733 845 788 urbem
865 731 949 788 Poeni
970 749 1134 800 recessere,
1162 743 1208 802 et,
1229 743 1259 786 ut
1275 741 1317 788 ta·

261 836 324 893 ritis
346 836 485 906 instaret,
517 847 632 895 secutus
655 839 817 896 Romanus.
871 836 918 894 Ibi
945 835 1048 892 iterum
1072 835 1179 914 Scipio
1207 835 1316 895 leonculi

261 941 290 997 in
313 942 404 999 aciem
424 942 521 999 illatus
543 941 682 1012 conflixit,
704 961 757 1000 nec
777 942 869 998 dubia
889 941 1011 998 victoria
1025 939 1096 1010 fuit3
1122 943 1222 999 minus
1241 950 1318 998 tamn

263 1046 382 1104 dimidio
405 1047 531 1105 hostium
555 1066 643 1121 quam
665 1057 762 1118 antea,
784 1046 854 1121 quia
874 1046 1026 1120 pauciores
1046 1046 1263 1121 superfuerant
1281 1041 1318 1118 qn*

231 1155 434 1227 opugnarent,
457 1153 593 1212 occisum.
643 1151 702 1211 Sed
731 1170 803 1226 gens
824 1160 895 1208 nata
925 1151 1124 1206 instaurandis
1147 1149 1315 1226 reparandis·

263 1276 319 1332 que
341 1257 432 1328 bellis,
456 1259 585 1332 Magone
610 1258 648 1334 ad
670 1256 910 1330 conquisitionem
932 1255 1053 1312 militurn
1076 1275 1096 1311 o
1119 1254 1218 1313 fietne
1241 1256 1317 1325 mbae,

185 1359 188 1368 ’
262 1363 343 1420 brevi
365 1363 489 1438 replevit
510 1363 667 1420 exercitum
694 1362 865 1436 animosque
894 1360 932 1417 ad
954 1360 1128 1416 tentandum
1159 1361 1199 1416 de
1226 1361 1317 1432 integra

232 1472 408 1524 lcertamen
432 1466 509 1526 fecit.
545 1467 606 1524 Alii
630 1467 761 1543 plerique
784 1467 903 1536 milites,
925 1465 1032 1540 qnippe
1060 1485 1116 1540 pro
1141 1476 1229 1540 parte
1251 1463 1317 1520 tota

261 1573 338 1629 intra
359 1589 469 1646 paucos
491 1572 552 1628 dies
573 1572 660 1644 victa,
681 1572 783 1630 iisdem
807 1571 920 1641 animia,
943 1571 1047 1644 quibus
1070 1571 1200 1646 priores,
1223 1569 1315 1626 eoden-

231 1680 321 1751 8que
342 1686 446 1734 eventu
468 1695 643 1752 pugnavere.
687 1677 758 1734 Plus
781 1687 847 1732 octo
863 1675 953 1732 millia
973 1676 1125 1733 hominum
1151 1673 1315 1743 cassabant

263 1781 353 1838 multo
378 1783 472 1839 minus
497 1802 583 1858 quam
608 1783 685 1840 mille
713 1792 830 1856 captum
863 1791 891 1838 et
915 1780 998 1854 signa
1029 1780 1172 1838 militaria
1194 1780 1314 1855 quinqua·

261 1887 343 1962 ginta
364 1899 438 1948 octo
492 1887 532 1943 Et
553 1885 648 1961 spolia
677 1887 803 1961 plurima
830 1885 947 1944 Gallica
972 1884 1071 1954 fuere,
1101 1887 1187 1942 aurei
1218 1893 1312 1956 torques

263 1993 448 2067 armillaeque,
484 2010 607 2066 magnus
629 2009 779 2060 numerus;
807 1992 865 2047 duo
887 1990 973 2047 etiam
994 1990 1125 2064 insignes
1148 1991 1243 2065 reguli
1261 1985 1313 2046 Gal·

262 2096 355 2154 lorum
379 2095 597 2172 (Moeniacoepto
613 2105 641 2152 et
656 2095 794 2154 Vismaro
816 2096 935 2152 nomina
956 2094 1052 2168 erant)
1075 2114 1111 2151 eo
1134 2095 1241 2170 proelio
1260 2091 1312 2150 ceci-

262 2202 374 2258 derunt.
418 2201 493 2260 Octo
517 2201 662 2275 elephanti
684 2200 771 2275 capti,
793 2209 852 2256 tres
874 2199 969 2260 occisi.

230 2311 248 2365 9
347 2307 443 2378 Quum
465 2316 525 2362 tam
553 2323 701 2380 prosperae
732 2324 776 2360 res
804 2305 833 2360 in
856 2304 1001 2378 Hispania
1023 2315 1134 2373 essent,
1161 2301 1311 2362 verecundia

261 2412 412 2467 Romanos
436 2411 552 2467 tandem
576 2410 667 2484 cepit,
696 2412 857 2484 Saguntum
881 2410 1034 2484 oppidum,
1065 2429 1130 2484 quae
1154 2429 1244 2467 causa
1264 2403 1309 2462 balli

212 2523 248 2575 10
262 2527 346 2586 esset,
371 2527 506 2573 octavum
529 2516 589 2572 iam
613 2534 719 2572 annum
745 2515 799 2570 sub
829 2515 954 2570 hostium
976 2523 1122 2588 potestate
1157 2533 1230 2571 esse.
1267 2513 1309 2567 lta-

263 2640 320 2695 que
338 2621 369 2676 id
391 2622 540 2696 oppidum,
562 2622 592 2677 vi
613 2621 697 2696 pulso
721 2619 855 2694 prasidio
877 2618 999 2686 Punico,
1022 2631 1198 2694 receperunt
1218 2613 1310 2674 cultori-

213 2735 244 2788 11
263 2726 374 2798 busque
396 2727 531 2800 antiquis,
556 2745 630 2800 quos
652 2745 690 2782 ex
703 2724 738 2780 iia
753 2725 797 2780 vis
812 2723 968 2797 reliquerat
982 2723 1059 2794 belli,
1081 2724 1276 2788 restituerunt;
1292 2731 1310 2772 et

262 2830 458 2899 Turdetanos,
480 2831 529 2906 qni
551 2839 758 2888 contraxerant
773 2830 813 2886 eis
829 2847 893 2885 curn
910 2827 1203 2902 Carthaginiensibus
1218 2827 1309 2884 bellum

263 2933 292 2990 in
314 2945 487 3008 potestatem
509 2918 644 3022 redactos
676 2936 729 2992 sub
753 2953 862 2990 corona
885 2931 1077 2989 vendiderunt
1099 2935 1257 3008 urbemque
1275 2948 1310 2984 aa

263 3056 327 3096 runt
349 3029 489 3101 delerant.

165 3138 209 3208 43
346 3146 421 3202 Haec
440 3146 469 3200 in
491 3143 637 3219 Hispania
659 3143 696 3216 Q.
712 3146 817 3216 Fabio,
839 3146 880 3201 M.
903 3141 1025 3200 Claudio
1048 3142 1218 3200 consulibus
1239 3151 1310 3215 gesa.

231 3250 363 3306 araone
394 3269 481 3324 quum
514 3249 621 3306 tribuni
649 3249 741 3323 plebis
773 3249 842 3306 novi
871 3247 1073 3322 magistratum
1113 3247 1247 3316 inissent,
1273 3261 1306 3298 ex·

262 3352 370 3427 templo
399 3355 566 3411 censoribus
594 3355 630 3410 P.
655 3353 746 3410 Furio
769 3363 798 3410 et
827 3355 869 3411 M.
892 3352 985 3410 Atilio
1013 3371 1032 3406 a
1065 3351 1109 3410 Μ.
1133 3352 1252 3408 Metello
1274 3345 1307 3402 ui·

231 3458 339 3514 3bon0
376 3457 468 3532 plebis
501 3459 562 3516 dies
596 3459 674 3516 diota
710 3458 745 3513 ad
777 3456 916 3532 populum
950 3466 1002 3512 est.
1048 3453 1232 3528 Quaestorem
1261 3470 1307 3509 eon

160 3612 163 3619 .
204 3613 224 3628 ,,
260 3560 396 3634 proximo
419 3581 505 3634 anno,
531 3565 667 3640 adempto
690 3579 782 3635 equo,
812 3541 888 3617 tribu
910 3571 1063 3617 moverant
1085 3569 1174 3634 atque
1196 3557 1318 3617 aaranuffl‘

239 3643 391 3722 ¹fecerant
421 3678 540 3742 propter
566 3667 794 3725 coniurationem
826 3666 991 3722 deserenda
1017 3663 1112 3722 Italiae
1141 3666 1179 3722 ad
1211 3663 1306 3722 canna

262 3768 387 3840 factam;
429 3772 480 3828 sed
515 3791 620 3830 novem
658 3771 838 3828 tribunorum
876 3770 985 3826 auxilio
1022 3769 1105 3826 vetiti
1142 3789 1256 3828 oausam
1284 3765 1305 3818 1'11

232 3875 435 3948 lmagistratu
472 3876 567 3934 dicere
602 3875 770 3948 dimissique
808 3871 961 3950 [fuerant].
1019 3874 1066 3930 Ne
1102 3874 1224 3932 lustrum
1257 3888 1306 3947 per-
