<?xml version="1.0" encoding="UTF-8"?>
<!DOCTYPE html PUBLIC "-//W3C//DTD XHTML 1.0 Transitional//EN"
    "http://www.w3.org/TR/xhtml1/DTD/xhtml1-transitional.dtd">
<html xmlns="http://www.w3.org/1999/xhtml" xml:lang="en" lang="en">
 <head>
  <title>
</title>
<meta http-equiv="Content-Type" content="text/html;charset=utf-8" />
  <meta name='ocr-system' content='tesseract 3.04.00' />
  <meta name='ocr-capabilities' content='ocr_page ocr_carea ocr_par ocr_line ocrx_word'/>
</head>
<body>
  <div class='ocr_page' id='page_1' title='image "./titiliviihistor01ussigoog/titiliviihistor01ussigoog_0297.png"; bbox 0 0 2674 4542; ppageno 0'>
   <div class='ocr_carea' id='block_1_1' title="bbox 298 211 1011 276">
    <p class='ocr_par' dir='ltr' id='par_1_1' title="bbox 298 211 1011 276">
     <span class='ocr_line' id='line_1_1' title="bbox 298 211 1011 276; baseline -0.013 -6"><span class='ocrx_word' id='word_1_1' title='bbox 298 215 357 270; x_wconf 77' lang='lat'><strong>256</strong></span> <span class='ocrx_word' id='word_1_2' title='bbox 571 212 650 262; x_wconf 85' lang='lat' dir='ltr'><strong>Liber</strong></span> <span class='ocrx_word' id='word_1_3' title='bbox 666 211 755 268; x_wconf 83' lang='lat' dir='ltr'>XXV.</span> <span class='ocrx_word' id='word_1_4' title='bbox 792 212 841 274; x_wconf 85' lang='grc' dir='ltr'><strong>(Δ.</strong></span> <span class='ocrx_word' id='word_1_5' title='bbox 854 228 881 266; x_wconf 88' lang='lat' dir='ltr'><strong>u.</strong></span> <span class='ocrx_word' id='word_1_6' title='bbox 897 227 921 264; x_wconf 85' lang='lat' dir='ltr'><strong>c.</strong></span> <span class='ocrx_word' id='word_1_7' title='bbox 935 213 1011 276; x_wconf 74' lang='lat'><strong>5⁴2.)</strong></span> 
     </span>
    </p>
   </div>
   <div class='ocr_carea' id='block_1_2' title="bbox 142 394 1332 3097">
    <p class='ocr_par' dir='ltr' id='par_1_2' title="bbox 142 394 1332 3097">
     <span class='ocr_line' id='line_1_2' title="bbox 206 394 1324 470; baseline 0 -18"><span class='ocrx_word' id='word_1_8' title='bbox 206 395 243 452; x_wconf 82' lang='lat'><strong>¹2</strong></span> <span class='ocrx_word' id='word_1_9' title='bbox 256 402 381 452; x_wconf 86' lang='lat' dir='ltr'><strong>ceterum</strong></span> <span class='ocrx_word' id='word_1_10' title='bbox 403 404 557 470; x_wconf 85' lang='lat' dir='ltr'><strong>postquam</strong></span> <span class='ocrx_word' id='word_1_11' title='bbox 580 397 698 454; x_wconf 85' lang='lat' dir='ltr'><strong>tendere</strong></span> <span class='ocrx_word' id='word_1_12' title='bbox 719 397 758 453; x_wconf 86' lang='lat' dir='ltr'><strong>ad</strong></span> <span class='ocrx_word' id='word_1_13' title='bbox 779 415 812 454; x_wconf 88' lang='lat' dir='ltr'><strong>se</strong></span> <span class='ocrx_word' id='word_1_14' title='bbox 832 398 983 454; x_wconf 86' lang='lat' dir='ltr'><strong>Romanas</strong></span> <span class='ocrx_word' id='word_1_15' title='bbox 1006 414 1104 452; x_wconf 84' lang='lat' dir='ltr'><strong>navos</strong></span> <span class='ocrx_word' id='word_1_16' title='bbox 1129 394 1226 463; x_wconf 87' lang='lat' dir='ltr'><strong>vidit,</strong></span> <span class='ocrx_word' id='word_1_17' title='bbox 1245 394 1324 452; x_wconf 75' lang='lat' dir='ltr'><strong>mcer-</strong></span> 
     </span>
     <span class='ocr_line' id='line_1_3' title="bbox 255 499 1325 574; baseline -0.001 -18"><span class='ocrx_word' id='word_1_18' title='bbox 255 509 316 556; x_wconf 91' lang='lat' dir='ltr'><strong>tum</strong></span> <span class='ocrx_word' id='word_1_19' title='bbox 342 517 401 574; x_wconf 89' lang='lat' dir='ltr'><strong>qua</strong></span> <span class='ocrx_word' id='word_1_20' title='bbox 428 500 525 557; x_wconf 87' lang='lat' dir='ltr'><strong>subita</strong></span> <span class='ocrx_word' id='word_1_21' title='bbox 556 501 672 558; x_wconf 84' lang='lat' dir='ltr'><strong>territus</strong></span> <span class='ocrx_word' id='word_1_22' title='bbox 700 519 747 570; x_wconf 85' lang='lat' dir='ltr'><strong>re,</strong></span> <span class='ocrx_word' id='word_1_23' title='bbox 780 501 930 560; x_wconf 81' lang='lat' dir='ltr'><strong>Bomilcar</strong></span> <span class='ocrx_word' id='word_1_24' title='bbox 962 501 1030 558; x_wconf 82' lang='lat' dir='ltr'><strong>vela</strong></span> <span class='ocrx_word' id='word_1_25' title='bbox 1062 502 1095 558; x_wconf 89' lang='lat' dir='ltr'><strong>in</strong></span> <span class='ocrx_word' id='word_1_26' title='bbox 1129 500 1228 558; x_wconf 85' lang='lat' dir='ltr'><strong>altum</strong></span> <span class='ocrx_word' id='word_1_27' title='bbox 1252 499 1325 571; x_wconf 79' lang='lat' dir='ltr'><strong>dedit,</strong></span> 
     </span>
     <span class='ocr_line' id='line_1_4' title="bbox 254 598 1332 682; baseline -0.001 -20"><span class='ocrx_word' id='word_1_28' title='bbox 254 603 407 678; x_wconf 82' lang='lat' dir='ltr'>missisque</span> <span class='ocrx_word' id='word_1_29' title='bbox 442 605 548 663; x_wconf 88' lang='lat' dir='ltr'><strong>nuntiis</strong></span> <span class='ocrx_word' id='word_1_30' title='bbox 577 606 767 676; x_wconf 80' lang='lat' dir='ltr'><strong>Heracleam,</strong></span> <span class='ocrx_word' id='word_1_31' title='bbox 802 607 852 682; x_wconf 90' lang='lat' dir='ltr'><strong>qui</strong></span> <span class='ocrx_word' id='word_1_32' title='bbox 889 607 1040 664; x_wconf 75' lang='lat' dir='ltr'><strong>onerarias</strong></span> <span class='ocrx_word' id='word_1_33' title='bbox 1077 616 1169 663; x_wconf 88' lang='lat' dir='ltr'><strong>retro</strong></span> <span class='ocrx_word' id='word_1_34' title='bbox 1206 598 1332 663; x_wconf 75' lang='lat' dir='ltr'><strong>Ahican&#39;</strong></span> 
     </span>
     <span class='ocr_line' id='line_1_5' title="bbox 254 705 1323 789; baseline 0 -23"><span class='ocrx_word' id='word_1_35' title='bbox 254 720 384 786; x_wconf 90' lang='lat' dir='ltr'><strong>repetere</strong></span> <span class='ocrx_word' id='word_1_36' title='bbox 405 710 552 780; x_wconf 87' lang='lat' dir='ltr'><strong>iuberent,</strong></span> <span class='ocrx_word' id='word_1_37' title='bbox 581 713 644 788; x_wconf 88' lang='lat' dir='ltr'><strong>ipse</strong></span> <span class='ocrx_word' id='word_1_38' title='bbox 668 711 797 771; x_wconf 86' lang='lat' dir='ltr'><strong>Siciliam</strong></span> <span class='ocrx_word' id='word_1_39' title='bbox 819 721 1025 789; x_wconf 77' lang='lat' dir='ltr'><strong>praetervectus</strong></span> <span class='ocrx_word' id='word_1_40' title='bbox 1042 707 1229 768; x_wconf 82' lang='lat' dir='ltr'><strong>&#39;Tarentum</strong></span> <span class='ocrx_word' id='word_1_41' title='bbox 1258 705 1323 784; x_wconf 71' lang='lat' dir='ltr'><strong>peta</strong></span> 
     </span>
     <span class='ocr_line' id='line_1_6' title="bbox 206 815 1322 893; baseline -0.002 -21"><span class='ocrx_word' id='word_1_42' title='bbox 206 816 242 872; x_wconf 79' lang='lat'><strong>13</strong></span> <span class='ocrx_word' id='word_1_43' title='bbox 255 815 410 890; x_wconf 84' lang='lat' dir='ltr'><strong>Epicydes,</strong></span> <span class='ocrx_word' id='word_1_44' title='bbox 439 835 457 872; x_wconf 89' lang='lat' dir='ltr'><strong>a</strong></span> <span class='ocrx_word' id='word_1_45' title='bbox 485 826 568 874; x_wconf 87' lang='lat' dir='ltr'><strong>tants</strong></span> <span class='ocrx_word' id='word_1_46' title='bbox 595 824 714 893; x_wconf 90' lang='lat' dir='ltr'><strong>repente</strong></span> <span class='ocrx_word' id='word_1_47' title='bbox 744 817 898 874; x_wconf 86' lang='lat' dir='ltr'><strong>destitutus</strong></span> <span class='ocrx_word' id='word_1_48' title='bbox 921 836 989 892; x_wconf 90' lang='lat' dir='ltr'><strong>spe,</strong></span> <span class='ocrx_word' id='word_1_49' title='bbox 1018 835 1056 873; x_wconf 91' lang='lat' dir='ltr'><strong>ne</strong></span> <span class='ocrx_word' id='word_1_50' title='bbox 1087 818 1121 872; x_wconf 85' lang='lat' dir='ltr'><strong>r&#39;n</strong></span> <span class='ocrx_word' id='word_1_51' title='bbox 1154 815 1322 872; x_wconf 83' lang='lat' dir='ltr'><strong>obsidioueu</strong></span> 
     </span>
     <span class='ocr_line' id='line_1_7' title="bbox 255 921 1322 997; baseline 0.001 -22"><span class='ocrx_word' id='word_1_52' title='bbox 255 936 362 993; x_wconf 88' lang='lat' dir='ltr'><strong>magna</strong></span> <span class='ocrx_word' id='word_1_53' title='bbox 385 940 421 977; x_wconf 85' lang='lat' dir='ltr'><strong>ex</strong></span> <span class='ocrx_word' id='word_1_54' title='bbox 445 933 528 995; x_wconf 88' lang='lat' dir='ltr'><strong>parte</strong></span> <span class='ocrx_word' id='word_1_55' title='bbox 550 932 642 997; x_wconf 74' lang='lat' dir='ltr'><strong>capta</strong></span> <span class='ocrx_word' id='word_1_56' title='bbox 663 921 743 978; x_wconf 90' lang='lat' dir='ltr'><strong>urbis</strong></span> <span class='ocrx_word' id='word_1_57' title='bbox 764 922 880 992; x_wconf 80' lang='lat' dir='ltr'><strong>rediret,</strong></span> <span class='ocrx_word' id='word_1_58' title='bbox 902 922 1100 996; x_wconf 82' lang='lat' dir='ltr'><strong>Agrigentum</strong></span> <span class='ocrx_word' id='word_1_59' title='bbox 1125 921 1262 996; x_wconf 81' lang='lat' dir='ltr'><strong>navigat,</strong></span> <span class='ocrx_word' id='word_1_60' title='bbox 1282 937 1322 976; x_wconf 79' lang='lat' dir='ltr'><strong>ex·</strong></span> 
     </span>
     <span class='ocr_line' id='line_1_8' title="bbox 256 1027 1268 1101; baseline -0.001 -19"><span class='ocrx_word' id='word_1_61' title='bbox 256 1035 438 1100; x_wconf 85' lang='lat' dir='ltr'><strong>spectaturus</strong></span> <span class='ocrx_word' id='word_1_62' title='bbox 457 1027 550 1101; x_wconf 88' lang='lat' dir='ltr'><strong>magis</strong></span> <span class='ocrx_word' id='word_1_63' title='bbox 575 1035 709 1083; x_wconf 88' lang='lat' dir='ltr'><strong>eventum</strong></span> <span class='ocrx_word' id='word_1_64' title='bbox 732 1044 821 1100; x_wconf 86' lang='lat' dir='ltr'><strong>quam</strong></span> <span class='ocrx_word' id='word_1_65' title='bbox 844 1027 911 1083; x_wconf 91' lang='lat' dir='ltr'><strong>inde</strong></span> <span class='ocrx_word' id='word_1_66' title='bbox 934 1027 1091 1101; x_wconf 89' lang='lat' dir='ltr'><strong>quicquam</strong></span> <span class='ocrx_word' id='word_1_67' title='bbox 1118 1037 1268 1082; x_wconf 88' lang='lat' dir='ltr'><strong>moturus.</strong></span> 
     </span>
     <span class='ocr_line' id='line_1_9' title="bbox 159 1106 1321 1206; baseline -0.006 -13"><span class='ocrx_word' id='word_1_68' title='bbox 159 1123 208 1193; x_wconf 73' lang='lat'><strong>28</strong></span> <span class='ocrx_word' id='word_1_69' title='bbox 340 1132 412 1204; x_wconf 74' lang='lat' dir='ltr'><strong>Quae</strong></span> <span class='ocrx_word' id='word_1_70' title='bbox 444 1132 494 1189; x_wconf 89' lang='lat' dir='ltr'><strong>ubi</strong></span> <span class='ocrx_word' id='word_1_71' title='bbox 522 1132 551 1188; x_wconf 92' lang='lat' dir='ltr'><strong>in</strong></span> <span class='ocrx_word' id='word_1_72' title='bbox 577 1106 674 1188; x_wconf 77' lang='lat' dir='ltr'><strong>castra</strong></span> <span class='ocrx_word' id='word_1_73' title='bbox 702 1131 865 1190; x_wconf 89' lang='lat' dir='ltr'><strong>Siculorum</strong></span> <span class='ocrx_word' id='word_1_74' title='bbox 894 1141 962 1188; x_wconf 88' lang='lat' dir='ltr'><strong>sunt</strong></span> <span class='ocrx_word' id='word_1_75' title='bbox 991 1131 1150 1202; x_wconf 80' lang='lat' dir='ltr'><strong>nuntiata,</strong></span> <span class='ocrx_word' id='word_1_76' title='bbox 1184 1130 1321 1206; x_wconf 77' lang='lat' dir='ltr'><strong>Epicydea</strong></span> 
     </span>
     <span class='ocr_line' id='line_1_10' title="bbox 256 1233 1322 1312; baseline -0.002 -18"><span class='ocrx_word' id='word_1_77' title='bbox 256 1235 408 1311; x_wconf 78' lang='lat' dir='ltr'><strong>Syracusis</strong></span> <span class='ocrx_word' id='word_1_78' title='bbox 426 1235 599 1305; x_wconf 81' lang='lat' dir='ltr'><strong>excessisse,</strong></span> <span class='ocrx_word' id='word_1_79' title='bbox 630 1255 648 1292; x_wconf 84' lang='lat' dir='ltr'><strong>a</strong></span> <span class='ocrx_word' id='word_1_80' title='bbox 675 1233 964 1312; x_wconf 74' lang='lat' dir='ltr'><strong>Carthaginiensibus</strong></span> <span class='ocrx_word' id='word_1_81' title='bbox 990 1237 1125 1294; x_wconf 89' lang='lat' dir='ltr'><strong>relictam</strong></span> <span class='ocrx_word' id='word_1_82' title='bbox 1155 1236 1281 1292; x_wconf 84' lang='lat' dir='ltr'><strong>insulam</strong></span> <span class='ocrx_word' id='word_1_83' title='bbox 1298 1244 1322 1292; x_wconf 65' lang='lat' dir='ltr'><strong>a</strong></span> 
     </span>
     <span class='ocr_line' id='line_1_11' title="bbox 142 1323 1320 1417; baseline 0.001 -21"><span class='ocrx_word' id='word_1_84' title='bbox 142 1381 145 1386; x_wconf 86' lang='lat'><em>-</em></span> <span class='ocrx_word' id='word_1_85' title='bbox 224 1323 347 1416; x_wconf 77' lang='lat' dir='ltr'><strong>2pr0pe</strong></span> <span class='ocrx_word' id='word_1_86' title='bbox 381 1341 484 1398; x_wconf 80' lang='lat' dir='ltr'><strong>iterum</strong></span> <span class='ocrx_word' id='word_1_87' title='bbox 517 1342 654 1398; x_wconf 86' lang='lat' dir='ltr'><strong>traditam</strong></span> <span class='ocrx_word' id='word_1_88' title='bbox 686 1341 844 1410; x_wconf 85' lang='lat' dir='ltr'><strong>Romanis,</strong></span> <span class='ocrx_word' id='word_1_89' title='bbox 881 1341 994 1417; x_wconf 88' lang='lat' dir='ltr'><strong>legatos</strong></span> <span class='ocrx_word' id='word_1_90' title='bbox 1031 1342 1068 1397; x_wconf 92' lang='lat' dir='ltr'><strong>de</strong></span> <span class='ocrx_word' id='word_1_91' title='bbox 1106 1341 1320 1398; x_wconf 65' lang='lat' dir='ltr'><strong>condicionibus</strong></span> 
     </span>
     <span class='ocr_line' id='line_1_12' title="bbox 256 1446 1319 1521; baseline 0.002 -19"><span class='ocrx_word' id='word_1_92' title='bbox 256 1446 393 1502; x_wconf 85' lang='lat' dir='ltr'><strong>dedendae</strong></span> <span class='ocrx_word' id='word_1_93' title='bbox 415 1447 504 1518; x_wconf 90' lang='lat' dir='ltr'><strong>urbis,</strong></span> <span class='ocrx_word' id='word_1_94' title='bbox 526 1447 679 1521; x_wconf 87' lang='lat' dir='ltr'><strong>explorata</strong></span> <span class='ocrx_word' id='word_1_95' title='bbox 700 1447 780 1520; x_wconf 91' lang='lat' dir='ltr'><strong>prius</strong></span> <span class='ocrx_word' id='word_1_96' title='bbox 802 1463 855 1520; x_wconf 89' lang='lat' dir='ltr'><strong>per</strong></span> <span class='ocrx_word' id='word_1_97' title='bbox 877 1447 1024 1521; x_wconf 88' lang='lat' dir='ltr'><strong>colloquia</strong></span> <span class='ocrx_word' id='word_1_98' title='bbox 1038 1446 1202 1504; x_wconf 83' lang='lat' dir='ltr'><strong>voluntate</strong></span> <span class='ocrx_word' id='word_1_99' title='bbox 1226 1465 1319 1512; x_wconf 78' lang='lat' dir='ltr'><strong>corun,</strong></span> 
     </span>
     <span class='ocr_line' id='line_1_13' title="bbox 226 1549 1319 1625; baseline 0.001 -19"><span class='ocrx_word' id='word_1_100' title='bbox 226 1551 306 1625; x_wconf 83' lang='lat' dir='ltr'><strong>3qui</strong></span> <span class='ocrx_word' id='word_1_101' title='bbox 328 1551 550 1620; x_wconf 85' lang='lat' dir='ltr'><strong>obsidebantur,</strong></span> <span class='ocrx_word' id='word_1_102' title='bbox 573 1552 609 1607; x_wconf 87' lang='lat' dir='ltr'><strong>sd</strong></span> <span class='ocrx_word' id='word_1_103' title='bbox 635 1549 805 1608; x_wconf 86' lang='lat' dir='ltr'><strong>Marcellum</strong></span> <span class='ocrx_word' id='word_1_104' title='bbox 829 1551 953 1608; x_wconf 89' lang='lat' dir='ltr'><strong>mittunt.</strong></span> <span class='ocrx_word' id='word_1_105' title='bbox 1002 1551 1100 1624; x_wconf 84' lang='lat' dir='ltr'><strong>Quum</strong></span> <span class='ocrx_word' id='word_1_106' title='bbox 1133 1553 1222 1608; x_wconf 83' lang='lat' dir='ltr'><strong>haud</strong></span> <span class='ocrx_word' id='word_1_107' title='bbox 1243 1551 1319 1608; x_wconf 83' lang='lat' dir='ltr'><strong>ferma</strong></span> 
     </span>
     <span class='ocr_line' id='line_1_14' title="bbox 257 1655 1316 1732; baseline 0.002 -22"><span class='ocrx_word' id='word_1_108' title='bbox 257 1655 449 1729; x_wconf 78' lang='lat' dir='ltr'><strong>discreparet,</strong></span> <span class='ocrx_word' id='word_1_109' title='bbox 483 1657 567 1728; x_wconf 91' lang='lat' dir='ltr'><strong>quin,</strong></span> <span class='ocrx_word' id='word_1_110' title='bbox 601 1675 665 1730; x_wconf 80' lang='lat' dir='ltr'><strong>quae</strong></span> <span class='ocrx_word' id='word_1_111' title='bbox 694 1655 802 1729; x_wconf 89' lang='lat' dir='ltr'><strong>ubique</strong></span> <span class='ocrx_word' id='word_1_112' title='bbox 830 1675 930 1732; x_wconf 85' lang='lat' dir='ltr'><strong>regum</strong></span> <span class='ocrx_word' id='word_1_113' title='bbox 952 1656 1092 1725; x_wconf 82' lang='lat' dir='ltr'><strong>fuissent,</strong></span> <span class='ocrx_word' id='word_1_114' title='bbox 1123 1657 1316 1714; x_wconf 77' lang='lat' dir='ltr'><strong>Romanorum</strong></span> 
     </span>
     <span class='ocr_line' id='line_1_15' title="bbox 256 1760 1318 1836; baseline 0.001 -19"><span class='ocrx_word' id='word_1_115' title='bbox 256 1770 361 1829; x_wconf 89' lang='lat' dir='ltr'><strong>essent,</strong></span> <span class='ocrx_word' id='word_1_116' title='bbox 385 1760 489 1819; x_wconf 87' lang='lat' dir='ltr'><strong>Siculis</strong></span> <span class='ocrx_word' id='word_1_117' title='bbox 513 1769 610 1817; x_wconf 83' lang='lat' dir='ltr'><strong>cetera</strong></span> <span class='ocrx_word' id='word_1_118' title='bbox 631 1779 695 1817; x_wconf 92' lang='lat' dir='ltr'><strong>cum</strong></span> <span class='ocrx_word' id='word_1_119' title='bbox 722 1760 857 1818; x_wconf 84' lang='lat' dir='ltr'><strong>libertate</strong></span> <span class='ocrx_word' id='word_1_120' title='bbox 884 1779 918 1817; x_wconf 84' lang='lat' dir='ltr'><strong>ac</strong></span> <span class='ocrx_word' id='word_1_121' title='bbox 939 1761 1052 1836; x_wconf 77' lang='lat' dir='ltr'><strong>legibus</strong></span> <span class='ocrx_word' id='word_1_122' title='bbox 1081 1761 1145 1818; x_wconf 90' lang='lat' dir='ltr'><strong>suis</strong></span> <span class='ocrx_word' id='word_1_123' title='bbox 1174 1779 1318 1819; x_wconf 80' lang='lat' dir='ltr'><strong>servator·</strong></span> 
     </span>
     <span class='ocr_line' id='line_1_16' title="bbox 256 1845 1317 1941; baseline -0.004 -19"><span class='ocrx_word' id='word_1_124' title='bbox 256 1879 312 1934; x_wconf 91' lang='lat' dir='ltr'><strong>tur,</strong></span> <span class='ocrx_word' id='word_1_125' title='bbox 334 1865 462 1923; x_wconf 87' lang='lat' dir='ltr'><strong>evocatis</strong></span> <span class='ocrx_word' id='word_1_126' title='bbox 486 1865 524 1920; x_wconf 91' lang='lat' dir='ltr'><strong>ad</strong></span> <span class='ocrx_word' id='word_1_127' title='bbox 539 1865 714 1940; x_wconf 90' lang='lat' dir='ltr'><strong>colloquium</strong></span> <span class='ocrx_word' id='word_1_128' title='bbox 737 1865 782 1936; x_wconf 92' lang='lat' dir='ltr'><strong>iis,</strong></span> <span class='ocrx_word' id='word_1_129' title='bbox 805 1867 909 1941; x_wconf 89' lang='lat' dir='ltr'><strong>quibus</strong></span> <span class='ocrx_word' id='word_1_130' title='bbox 931 1868 969 1923; x_wconf 87' lang='lat' dir='ltr'><strong>ab</strong></span> <span class='ocrx_word' id='word_1_131' title='bbox 985 1845 1119 1941; x_wconf 79' lang='lat' dir='ltr'><strong>Epicyde</strong></span> <span class='ocrx_word' id='word_1_132' title='bbox 1140 1865 1263 1922; x_wconf 81' lang='lat' dir='ltr'><strong>creditae</strong></span> <span class='ocrx_word' id='word_1_133' title='bbox 1281 1879 1317 1918; x_wconf 76' lang='lat' dir='ltr'><strong>ra</strong></span> 
     </span>
     <span class='ocr_line' id='line_1_17' title="bbox 225 1970 1316 2041; baseline -0.003 -15"><span class='ocrx_word' id='word_1_134' title='bbox 225 1973 348 2041; x_wconf 78' lang='lat' dir='ltr'><strong>lerant,</strong></span> <span class='ocrx_word' id='word_1_135' title='bbox 370 1972 474 2028; x_wconf 86' lang='lat' dir='ltr'><strong>missos</strong></span> <span class='ocrx_word' id='word_1_136' title='bbox 495 1987 526 2026; x_wconf 88' lang='lat' dir='ltr'><strong>se</strong></span> <span class='ocrx_word' id='word_1_137' title='bbox 547 1971 633 2026; x_wconf 89' lang='lat' dir='ltr'><strong>simul</strong></span> <span class='ocrx_word' id='word_1_138' title='bbox 655 1971 693 2026; x_wconf 88' lang='lat' dir='ltr'><strong>ad</strong></span> <span class='ocrx_word' id='word_1_139' title='bbox 715 1971 895 2041; x_wconf 87' lang='lat' dir='ltr'><strong>Marcellum,</strong></span> <span class='ocrx_word' id='word_1_140' title='bbox 919 1971 1066 2028; x_wconf 86' lang='lat' dir='ltr'><strong>simulad</strong></span> <span class='ocrx_word' id='word_1_141' title='bbox 1096 1987 1150 2026; x_wconf 89' lang='lat' dir='ltr'><strong>eos</strong></span> <span class='ocrx_word' id='word_1_142' title='bbox 1181 1970 1222 2026; x_wconf 83' lang='lat' dir='ltr'><strong>ab</strong></span> <span class='ocrx_word' id='word_1_143' title='bbox 1246 1985 1316 2024; x_wconf 87' lang='lat' dir='ltr'><strong>exer·</strong></span> 
     </span>
     <span class='ocr_line' id='line_1_18' title="bbox 255 2074 1316 2151; baseline -0.004 -19"><span class='ocrx_word' id='word_1_144' title='bbox 255 2077 314 2133; x_wconf 88' lang='lat' dir='ltr'><strong>citu</strong></span> <span class='ocrx_word' id='word_1_145' title='bbox 336 2074 499 2134; x_wconf 90' lang='lat' dir='ltr'><strong>Siculorum</strong></span> <span class='ocrx_word' id='word_1_146' title='bbox 521 2074 610 2145; x_wconf 86' lang='lat' dir='ltr'><strong>ciunt,</strong></span> <span class='ocrx_word' id='word_1_147' title='bbox 632 2085 664 2132; x_wconf 91' lang='lat' dir='ltr'><strong>ut</strong></span> <span class='ocrx_word' id='word_1_148' title='bbox 685 2094 744 2131; x_wconf 87' lang='lat' dir='ltr'><strong>uns</strong></span> <span class='ocrx_word' id='word_1_149' title='bbox 759 2076 896 2146; x_wconf 89' lang='lat' dir='ltr'><strong>omnium,</strong></span> <span class='ocrx_word' id='word_1_150' title='bbox 918 2076 968 2151; x_wconf 91' lang='lat' dir='ltr'><strong>qui</strong></span> <span class='ocrx_word' id='word_1_151' title='bbox 990 2075 1198 2133; x_wconf 81' lang='lat' dir='ltr'><strong>obsiderentur</strong></span> <span class='ocrx_word' id='word_1_152' title='bbox 1221 2075 1316 2148; x_wconf 80' lang='lat' dir='ltr'><strong>quique</strong></span> 
     </span>
     <span class='ocr_line' id='line_1_19' title="bbox 256 2179 1313 2256; baseline 0 -20"><span class='ocrx_word' id='word_1_153' title='bbox 256 2189 340 2236; x_wconf 86' lang='lat' dir='ltr'><strong>extra</strong></span> <span class='ocrx_word' id='word_1_154' title='bbox 361 2180 541 2238; x_wconf 83' lang='lat' dir='ltr'><strong>obsidionem</strong></span> <span class='ocrx_word' id='word_1_155' title='bbox 563 2179 702 2249; x_wconf 80' lang='lat' dir='ltr'><strong>fuissent,</strong></span> <span class='ocrx_word' id='word_1_156' title='bbox 735 2179 853 2238; x_wconf 83' lang='lat' dir='ltr'><strong>fortuna</strong></span> <span class='ocrx_word' id='word_1_157' title='bbox 876 2191 965 2252; x_wconf 83' lang='lat' dir='ltr'><strong>asset,</strong></span> <span class='ocrx_word' id='word_1_158' title='bbox 995 2199 1069 2238; x_wconf 89' lang='lat' dir='ltr'><strong>neve</strong></span> <span class='ocrx_word' id='word_1_159' title='bbox 1098 2180 1185 2237; x_wconf 88' lang='lat' dir='ltr'><strong>alteri</strong></span> <span class='ocrx_word' id='word_1_160' title='bbox 1207 2179 1313 2256; x_wconf 80' lang='lat' dir='ltr'><strong>propriu</strong></span> 
     </span>
     <span class='ocr_line' id='line_1_20' title="bbox 224 2285 1311 2360; baseline -0.005 -15"><span class='ocrx_word' id='word_1_161' title='bbox 224 2286 310 2346; x_wconf 85' lang='lat' dir='ltr'><strong>5sibi</strong></span> <span class='ocrx_word' id='word_1_162' title='bbox 337 2286 552 2360; x_wconf 84' lang='lat' dir='ltr'><strong>paciscerentur</strong></span> <span class='ocrx_word' id='word_1_163' title='bbox 583 2286 748 2359; x_wconf 90' lang='lat' dir='ltr'><strong>quicquam.</strong></span> <span class='ocrx_word' id='word_1_164' title='bbox 799 2285 920 2360; x_wconf 87' lang='lat' dir='ltr'><strong>Recepti</strong></span> <span class='ocrx_word' id='word_1_165' title='bbox 947 2285 1051 2341; x_wconf 87' lang='lat' dir='ltr'><strong>deinde</strong></span> <span class='ocrx_word' id='word_1_166' title='bbox 1073 2286 1191 2357; x_wconf 88' lang='lat' dir='ltr'><strong>abiis,</strong></span> <span class='ocrx_word' id='word_1_167' title='bbox 1219 2299 1252 2342; x_wconf 84' lang='lat' dir='ltr'><strong>ut</strong></span> <span class='ocrx_word' id='word_1_168' title='bbox 1270 2304 1311 2340; x_wconf 87' lang='lat' dir='ltr'><strong>ne-</strong></span> 
     </span>
     <span class='ocr_line' id='line_1_21' title="bbox 253 2388 1310 2466; baseline -0.006 -18"><span class='ocrx_word' id='word_1_169' title='bbox 253 2391 395 2448; x_wconf 86' lang='lat' dir='ltr'><strong>cessarios</strong></span> <span class='ocrx_word' id='word_1_170' title='bbox 417 2389 603 2462; x_wconf 87' lang='lat' dir='ltr'><strong>hospitesque</strong></span> <span class='ocrx_word' id='word_1_171' title='bbox 631 2391 861 2466; x_wconf 74' lang='lat' dir='ltr'><strong>alloquerentur,</strong></span> <span class='ocrx_word' id='word_1_172' title='bbox 884 2388 1033 2464; x_wconf 88' lang='lat' dir='ltr'><strong>expositis,</strong></span> <span class='ocrx_word' id='word_1_173' title='bbox 1064 2408 1130 2464; x_wconf 83' lang='lat' dir='ltr'><strong>qnae</strong></span> <span class='ocrx_word' id='word_1_174' title='bbox 1153 2399 1245 2466; x_wconf 81' lang='lat' dir='ltr'><strong>pacta</strong></span> <span class='ocrx_word' id='word_1_175' title='bbox 1264 2390 1310 2445; x_wconf 86' lang='lat' dir='ltr'><strong>iau</strong></span> 
     </span>
     <span class='ocr_line' id='line_1_22' title="bbox 253 2494 1310 2570; baseline -0.007 -17"><span class='ocrx_word' id='word_1_176' title='bbox 253 2515 317 2553; x_wconf 90' lang='lat' dir='ltr'><strong>cum</strong></span> <span class='ocrx_word' id='word_1_177' title='bbox 340 2495 480 2552; x_wconf 87' lang='lat' dir='ltr'><strong>Marcello</strong></span> <span class='ocrx_word' id='word_1_178' title='bbox 502 2495 658 2564; x_wconf 84' lang='lat' dir='ltr'><strong>haberent,</strong></span> <span class='ocrx_word' id='word_1_179' title='bbox 685 2497 785 2554; x_wconf 87' lang='lat' dir='ltr'><strong>oblata</strong></span> <span class='ocrx_word' id='word_1_180' title='bbox 815 2513 867 2570; x_wconf 89' lang='lat' dir='ltr'><strong>spe</strong></span> <span class='ocrx_word' id='word_1_181' title='bbox 888 2495 990 2552; x_wconf 88' lang='lat' dir='ltr'><strong>salutis</strong></span> <span class='ocrx_word' id='word_1_182' title='bbox 1013 2494 1172 2569; x_wconf 84' lang='lat' dir='ltr'><strong>perpulere</strong></span> <span class='ocrx_word' id='word_1_183' title='bbox 1198 2513 1263 2562; x_wconf 88' lang='lat' dir='ltr'><strong>eos,</strong></span> <span class='ocrx_word' id='word_1_184' title='bbox 1286 2501 1310 2546; x_wconf 92' lang='lat' dir='ltr'><strong>ut</strong></span> 
     </span>
     <span class='ocr_line' id='line_1_23' title="bbox 241 2583 1309 2676; baseline -0.007 -17"><span class='ocrx_word' id='word_1_185' title='bbox 241 2583 349 2659; x_wconf 37' lang='lat' dir='ltr'><strong>*secum</strong></span> <span class='ocrx_word' id='word_1_186' title='bbox 371 2599 523 2676; x_wconf 78' lang='lat' dir='ltr'><strong>prafectos</strong></span> <span class='ocrx_word' id='word_1_187' title='bbox 547 2599 687 2674; x_wconf 83' lang='lat' dir='ltr'><strong>Epicydis</strong></span> <span class='ocrx_word' id='word_1_188' title='bbox 714 2600 888 2676; x_wconf 86' lang='lat' dir='ltr'><strong>Polyclitum</strong></span> <span class='ocrx_word' id='word_1_189' title='bbox 918 2609 947 2656; x_wconf 86' lang='lat' dir='ltr'><strong>st</strong></span> <span class='ocrx_word' id='word_1_190' title='bbox 967 2599 1174 2656; x_wconf 88' lang='lat' dir='ltr'><strong>Philistionem</strong></span> <span class='ocrx_word' id='word_1_191' title='bbox 1202 2609 1231 2656; x_wconf 89' lang='lat' dir='ltr'><strong>et</strong></span> <span class='ocrx_word' id='word_1_192' title='bbox 1250 2597 1309 2672; x_wconf 88' lang='lat' dir='ltr'><strong>Epi·</strong></span> 
     </span>
     <span class='ocr_line' id='line_1_24' title="bbox 222 2701 1309 2782; baseline -0.011 -14"><span class='ocrx_word' id='word_1_193' title='bbox 222 2713 239 2768; x_wconf 89' lang='grc'><strong>6</strong></span> <span class='ocrx_word' id='word_1_194' title='bbox 253 2707 354 2782; x_wconf 85' lang='lat' dir='ltr'><strong>cydon,</strong></span> <span class='ocrx_word' id='word_1_195' title='bbox 370 2706 416 2763; x_wconf 91' lang='lat' dir='ltr'><strong>cui</strong></span> <span class='ocrx_word' id='word_1_196' title='bbox 431 2705 542 2764; x_wconf 87' lang='lat' dir='ltr'><strong>Sindon</strong></span> <span class='ocrx_word' id='word_1_197' title='bbox 558 2722 719 2779; x_wconf 85' lang='lat' dir='ltr'><strong>cognomen</strong></span> <span class='ocrx_word' id='word_1_198' title='bbox 735 2715 807 2776; x_wconf 86' lang='lat' dir='ltr'><strong>erat,</strong></span> <span class='ocrx_word' id='word_1_199' title='bbox 822 2705 1058 2779; x_wconf 83' lang='lat' dir='ltr'><strong>aggrederentur.</strong></span> <span class='ocrx_word' id='word_1_200' title='bbox 1105 2703 1271 2762; x_wconf 78' lang='lat' dir='ltr'><strong>Interfectis</strong></span> <span class='ocrx_word' id='word_1_201' title='bbox 1282 2701 1309 2756; x_wconf 77' lang='lat' dir='ltr'><strong>iis</strong></span> 
     </span>
     <span class='ocr_line' id='line_1_25' title="bbox 253 2805 1307 2884; baseline -0.006 -16"><span class='ocrx_word' id='word_1_202' title='bbox 253 2823 282 2870; x_wconf 89' lang='lat' dir='ltr'><strong>et</strong></span> <span class='ocrx_word' id='word_1_203' title='bbox 313 2811 494 2868; x_wconf 85' lang='lat' dir='ltr'><strong>multitudino</strong></span> <span class='ocrx_word' id='word_1_204' title='bbox 525 2809 564 2866; x_wconf 88' lang='lat' dir='ltr'><strong>ad</strong></span> <span class='ocrx_word' id='word_1_205' title='bbox 596 2811 760 2866; x_wconf 88' lang='lat' dir='ltr'><strong>contionem</strong></span> <span class='ocrx_word' id='word_1_206' title='bbox 792 2821 913 2880; x_wconf 85' lang='lat' dir='ltr'><strong>vocata,</strong></span> <span class='ocrx_word' id='word_1_207' title='bbox 945 2810 1074 2884; x_wconf 85' lang='lat' dir='ltr'><strong>inopiam</strong></span> <span class='ocrx_word' id='word_1_208' title='bbox 1108 2827 1234 2884; x_wconf 74' lang='lat' dir='ltr'><strong>quaeque</strong></span> <span class='ocrx_word' id='word_1_209' title='bbox 1263 2805 1307 2881; x_wconf 88' lang='lat' dir='ltr'><strong>ipsi</strong></span> 
     </span>
     <span class='ocr_line' id='line_1_26' title="bbox 252 2914 1307 2989; baseline -0.008 -16"><span class='ocrx_word' id='word_1_210' title='bbox 252 2917 327 2974; x_wconf 91' lang='lat' dir='ltr'><strong>inter</strong></span> <span class='ocrx_word' id='word_1_211' title='bbox 347 2935 378 2973; x_wconf 90' lang='lat' dir='ltr'><strong>se</strong></span> <span class='ocrx_word' id='word_1_212' title='bbox 399 2914 523 2972; x_wconf 85' lang='lat' dir='ltr'><strong>fremere</strong></span> <span class='ocrx_word' id='word_1_213' title='bbox 545 2915 656 2972; x_wconf 90' lang='lat' dir='ltr'><strong>occulte</strong></span> <span class='ocrx_word' id='word_1_214' title='bbox 678 2914 755 2971; x_wconf 90' lang='lat' dir='ltr'><strong>soliti</strong></span> <span class='ocrx_word' id='word_1_215' title='bbox 776 2923 868 2985; x_wconf 86' lang='lat' dir='ltr'><strong>erant,</strong></span> <span class='ocrx_word' id='word_1_216' title='bbox 891 2915 1058 2988; x_wconf 89' lang='lat' dir='ltr'><strong>conquesti,</strong></span> <span class='ocrx_word' id='word_1_217' title='bbox 1082 2933 1251 2989; x_wconf 85' lang='lat' dir='ltr'><strong>quanquam</strong></span> <span class='ocrx_word' id='word_1_218' title='bbox 1273 2921 1307 2966; x_wconf 91' lang='lat' dir='ltr'><strong>tot</strong></span> 
     </span>
     <span class='ocr_line' id='line_1_27' title="bbox 253 3017 1332 3097; baseline -0.007 -18"><span class='ocrx_word' id='word_1_219' title='bbox 253 3021 331 3079; x_wconf 87' lang='lat' dir='ltr'><strong>mala</strong></span> <span class='ocrx_word' id='word_1_220' title='bbox 352 3029 497 3097; x_wconf 86' lang='lat' dir='ltr'><strong>urgerent,</strong></span> <span class='ocrx_word' id='word_1_221' title='bbox 519 3027 671 3094; x_wconf 87' lang='lat' dir='ltr'><strong>negarunt,</strong></span> <span class='ocrx_word' id='word_1_222' title='bbox 695 3018 842 3076; x_wconf 82' lang='lat' dir='ltr'><strong>fortunam</strong></span> <span class='ocrx_word' id='word_1_223' title='bbox 864 3020 1059 3076; x_wconf 85' lang='lat' dir='ltr'><strong>accusandam</strong></span> <span class='ocrx_word' id='word_1_224' title='bbox 1083 3038 1162 3090; x_wconf 85' lang='lat' dir='ltr'><strong>esse,</strong></span> <span class='ocrx_word' id='word_1_225' title='bbox 1190 3019 1265 3093; x_wconf 93' lang='lat' dir='ltr'><strong>quod</strong></span> <span class='ocrx_word' id='word_1_226' title='bbox 1283 3017 1306 3072; x_wconf 92' lang='lat' dir='ltr'><strong>in</strong></span> <span class='ocrx_word' id='word_1_227' title='bbox 1331 3035 1332 3060; x_wconf 63' lang='lat'><em>³</em></span> 
     </span>
    </p>
   </div>
   <div class='ocr_carea' id='block_1_3' title="bbox 1323 59 1349 2234">
    <p class='ocr_par' dir='ltr' id='par_1_3' title="bbox 1323 59 1349 2234">
     <span class='ocr_line' id='line_1_28' title="bbox 1323 59 1349 2234; baseline 0 0"><span class='ocrx_word' id='word_1_228' title='bbox 1323 59 1349 2234; x_wconf 95' lang='lat' dir='ltr'><strong> </strong></span> 
     </span>
    </p>
   </div>
   <div class='ocr_carea' id='block_1_4' title="bbox 214 3121 1331 4064">
    <p class='ocr_par' dir='ltr' id='par_1_4' title="bbox 222 3121 1305 3410">
     <span class='ocr_line' id='line_1_29' title="bbox 222 3121 1305 3202; baseline -0.008 -17"><span class='ocrx_word' id='word_1_229' title='bbox 222 3127 382 3202; x_wconf 82' lang='lat' dir='ltr'><strong>lipsorum</strong></span> <span class='ocrx_word' id='word_1_230' title='bbox 404 3135 480 3182; x_wconf 87' lang='lat' dir='ltr'><strong>esset</strong></span> <span class='ocrx_word' id='word_1_231' title='bbox 507 3133 665 3199; x_wconf 89' lang='lat' dir='ltr'><strong>potestate,</strong></span> <span class='ocrx_word' id='word_1_232' title='bbox 696 3141 784 3197; x_wconf 85' lang='lat' dir='ltr'><strong>quam</strong></span> <span class='ocrx_word' id='word_1_233' title='bbox 807 3123 855 3179; x_wconf 91' lang='lat' dir='ltr'><strong>diu</strong></span> <span class='ocrx_word' id='word_1_234' title='bbox 883 3143 919 3182; x_wconf 91' lang='lat' dir='ltr'><strong>ea</strong></span> <span class='ocrx_word' id='word_1_235' title='bbox 940 3135 1118 3200; x_wconf 88' lang='lat' dir='ltr'><strong>paterentur.</strong></span> <span class='ocrx_word' id='word_1_236' title='bbox 1177 3121 1305 3182; x_wconf 81' lang='lat' dir='ltr'><strong>Romanis</strong></span> 
     </span>
     <span class='ocr_line' id='line_1_30' title="bbox 252 3227 1305 3306; baseline -0.005 -18"><span class='ocrx_word' id='word_1_237' title='bbox 252 3251 370 3290; x_wconf 67' lang='lat' dir='ltr'><strong>(causam</strong></span> <span class='ocrx_word' id='word_1_238' title='bbox 393 3231 581 3306; x_wconf 86' lang='lat' dir='ltr'><strong>oppugnandi</strong></span> <span class='ocrx_word' id='word_1_239' title='bbox 603 3230 765 3306; x_wconf 87' lang='lat' dir='ltr'><strong>Syracusas</strong></span> <span class='ocrx_word' id='word_1_240' title='bbox 784 3227 874 3286; x_wconf 89' lang='lat' dir='ltr'><strong>fuisse</strong></span> <span class='ocrx_word' id='word_1_241' title='bbox 889 3229 1038 3286; x_wconf 86' lang='lat' dir='ltr'><strong>caritatem</strong></span> <span class='ocrx_word' id='word_1_242' title='bbox 1055 3229 1305 3305; x_wconf 84' lang='lat' dir='ltr'><strong>Syracusanorum,</strong></span> 
     </span>
     <span class='ocr_line' id='line_1_31' title="bbox 252 3333 1304 3410; baseline -0.005 -17"><span class='ocrx_word' id='word_1_243' title='bbox 252 3356 310 3394; x_wconf 93' lang='lat' dir='ltr'><strong>non</strong></span> <span class='ocrx_word' id='word_1_244' title='bbox 333 3337 445 3405; x_wconf 77' lang='lat' dir='ltr'><strong>odium3</strong></span> <span class='ocrx_word' id='word_1_245' title='bbox 473 3356 540 3393; x_wconf 90' lang='lat' dir='ltr'><strong>nam</strong></span> <span class='ocrx_word' id='word_1_246' title='bbox 570 3347 601 3392; x_wconf 88' lang='lat' dir='ltr'><strong>nt</strong></span> <span class='ocrx_word' id='word_1_247' title='bbox 623 3344 780 3410; x_wconf 85' lang='lat' dir='ltr'><strong>occupatas</strong></span> <span class='ocrx_word' id='word_1_248' title='bbox 808 3353 854 3391; x_wconf 88' lang='lat' dir='ltr'><strong>res</strong></span> <span class='ocrx_word' id='word_1_249' title='bbox 877 3336 914 3391; x_wconf 86' lang='lat' dir='ltr'><strong>ab</strong></span> <span class='ocrx_word' id='word_1_250' title='bbox 937 3335 1111 3392; x_wconf 90' lang='lat' dir='ltr'><strong>satellitibus</strong></span> <span class='ocrx_word' id='word_1_251' title='bbox 1133 3333 1304 3393; x_wconf 81' lang='lat' dir='ltr'><strong>Hannibalis.</strong></span> 
     </span>
    </p>

    <p class='ocr_par' dir='ltr' id='par_1_5' title="bbox 214 3440 1331 3620">
     <span class='ocr_line' id='line_1_32' title="bbox 214 3440 1331 3520; baseline -0.008 -21"><span class='ocrx_word' id='word_1_252' title='bbox 214 3515 220 3520; x_wconf 27' lang='grc' dir='ltr'>Ι</span> <span class='ocrx_word' id='word_1_253' title='bbox 252 3443 356 3499; x_wconf 89' lang='lat' dir='ltr'><strong>deinde</strong></span> <span class='ocrx_word' id='word_1_254' title='bbox 373 3442 555 3517; x_wconf 89' lang='lat' dir='ltr'><strong>Hieronymi,</strong></span> <span class='ocrx_word' id='word_1_255' title='bbox 585 3441 767 3516; x_wconf 86' lang='lat' dir='ltr'><strong>Hippocrate</strong></span> <span class='ocrx_word' id='word_1_256' title='bbox 789 3449 877 3514; x_wconf 90' lang='lat' dir='ltr'><strong>atque</strong></span> <span class='ocrx_word' id='word_1_257' title='bbox 901 3440 1041 3515; x_wconf 81' lang='lat' dir='ltr'><strong>Epicyde,</strong></span> <span class='ocrx_word' id='word_1_258' title='bbox 1071 3440 1226 3509; x_wconf 87' lang='lat' dir='ltr'><strong>audierint,</strong></span> <span class='ocrx_word' id='word_1_259' title='bbox 1254 3449 1302 3494; x_wconf 87' lang='lat' dir='ltr'><strong>tun</strong></span> <span class='ocrx_word' id='word_1_260' title='bbox 1330 3481 1331 3490; x_wconf 68' lang='grc'>,</span> 
     </span>
     <span class='ocr_line' id='line_1_33' title="bbox 251 3546 1302 3620; baseline -0.003 -15"><span class='ocrx_word' id='word_1_261' title='bbox 251 3548 357 3605; x_wconf 89' lang='lat' dir='ltr'><strong>bellum</strong></span> <span class='ocrx_word' id='word_1_262' title='bbox 381 3547 507 3603; x_wconf 89' lang='lat' dir='ltr'><strong>movisse</strong></span> <span class='ocrx_word' id='word_1_263' title='bbox 527 3557 555 3603; x_wconf 90' lang='lat' dir='ltr'><strong>et</strong></span> <span class='ocrx_word' id='word_1_264' title='bbox 577 3546 710 3602; x_wconf 89' lang='lat' dir='ltr'><strong>obsidere</strong></span> <span class='ocrx_word' id='word_1_265' title='bbox 731 3547 830 3603; x_wconf 89' lang='lat' dir='ltr'><strong>urbem</strong></span> <span class='ocrx_word' id='word_1_266' title='bbox 854 3546 985 3620; x_wconf 85' lang='lat' dir='ltr'><strong>coepisse,</strong></span> <span class='ocrx_word' id='word_1_267' title='bbox 1009 3556 1042 3601; x_wconf 89' lang='lat' dir='ltr'><strong>ut</strong></span> <span class='ocrx_word' id='word_1_268' title='bbox 1064 3546 1197 3602; x_wconf 90' lang='lat' dir='ltr'><strong>crudeles</strong></span> <span class='ocrx_word' id='word_1_269' title='bbox 1218 3556 1302 3620; x_wconf 78' lang='lat' dir='ltr'><strong>tyrsu-</strong></span> 
     </span>
    </p>

    <p class='ocr_par' dir='ltr' id='par_1_6' title="bbox 221 3649 1313 4064">
     <span class='ocr_line' id='line_1_34' title="bbox 221 3649 1302 3726; baseline -0.005 -16"><span class='ocrx_word' id='word_1_270' title='bbox 221 3655 304 3712; x_wconf 88' lang='lat' dir='ltr'><strong>8nos</strong></span> <span class='ocrx_word' id='word_1_271' title='bbox 327 3653 396 3722; x_wconf 89' lang='lat' dir='ltr'><strong>eius,</strong></span> <span class='ocrx_word' id='word_1_272' title='bbox 418 3670 477 3708; x_wconf 92' lang='lat' dir='ltr'><strong>non</strong></span> <span class='ocrx_word' id='word_1_273' title='bbox 498 3660 530 3708; x_wconf 91' lang='lat' dir='ltr'><strong>ut</strong></span> <span class='ocrx_word' id='word_1_274' title='bbox 550 3651 643 3726; x_wconf 89' lang='lat' dir='ltr'><strong>ipsam</strong></span> <span class='ocrx_word' id='word_1_275' title='bbox 669 3653 769 3708; x_wconf 91' lang='lat' dir='ltr'><strong>urbem</strong></span> <span class='ocrx_word' id='word_1_276' title='bbox 785 3659 995 3726; x_wconf 86' lang='lat' dir='ltr'><strong>expugnarent.</strong></span> <span class='ocrx_word' id='word_1_277' title='bbox 1041 3649 1225 3726; x_wconf 91' lang='lat' dir='ltr'><strong>Hippocrate</strong></span> <span class='ocrx_word' id='word_1_278' title='bbox 1245 3665 1302 3705; x_wconf 83' lang='lat' dir='ltr'><strong>vero</strong></span> 
     </span>
     <span class='ocr_line' id='line_1_35' title="bbox 251 3753 1302 3833; baseline -0.008 -18"><span class='ocrx_word' id='word_1_279' title='bbox 251 3759 439 3833; x_wconf 90' lang='lat' dir='ltr'><strong>interempto,</strong></span> <span class='ocrx_word' id='word_1_280' title='bbox 462 3757 592 3832; x_wconf 87' lang='lat' dir='ltr'><strong>Epicyde</strong></span> <span class='ocrx_word' id='word_1_281' title='bbox 613 3756 769 3813; x_wconf 91' lang='lat' dir='ltr'><strong>intercluso</strong></span> <span class='ocrx_word' id='word_1_282' title='bbox 798 3757 835 3814; x_wconf 89' lang='lat' dir='ltr'><strong>ab</strong></span> <span class='ocrx_word' id='word_1_283' title='bbox 861 3757 1013 3832; x_wconf 89' lang='lat' dir='ltr'><strong>Syracusis</strong></span> <span class='ocrx_word' id='word_1_284' title='bbox 1035 3765 1065 3812; x_wconf 92' lang='lat' dir='ltr'><strong>et</strong></span> <span class='ocrx_word' id='word_1_285' title='bbox 1085 3755 1231 3830; x_wconf 74' lang='lat' dir='ltr'><strong>praefectis</strong></span> <span class='ocrx_word' id='word_1_286' title='bbox 1253 3753 1302 3809; x_wconf 83' lang='lat' dir='ltr'><strong>eius</strong></span> 
     </span>
     <span class='ocr_line' id='line_1_36' title="bbox 251 3861 1301 3937; baseline -0.008 -16"><span class='ocrx_word' id='word_1_287' title='bbox 251 3865 369 3934; x_wconf 88' lang='lat' dir='ltr'><strong>occisis,</strong></span> <span class='ocrx_word' id='word_1_288' title='bbox 411 3862 699 3937; x_wconf 86' lang='lat' dir='ltr'><strong>Carthaginiensibus</strong></span> <span class='ocrx_word' id='word_1_289' title='bbox 744 3863 822 3920; x_wconf 91' lang='lat' dir='ltr'><strong>omni</strong></span> <span class='ocrx_word' id='word_1_290' title='bbox 865 3861 1049 3937; x_wconf 82' lang='lat' dir='ltr'><strong>possessione</strong></span> <span class='ocrx_word' id='word_1_291' title='bbox 1092 3861 1199 3920; x_wconf 74' lang='lat' dir='ltr'><strong>sieilia</strong></span> <span class='ocrx_word' id='word_1_292' title='bbox 1238 3871 1301 3917; x_wconf 86' lang='lat' dir='ltr'><strong>terra</strong></span> 
     </span>
     <span class='ocr_line' id='line_1_37' title="bbox 251 3961 1313 4064; baseline -0.008 -38"><span class='ocrx_word' id='word_1_293' title='bbox 251 3969 382 4042; x_wconf 86' lang='lat' dir='ltr'><strong>marique</strong></span> <span class='ocrx_word' id='word_1_294' title='bbox 410 3968 515 4042; x_wconf 89' lang='lat' dir='ltr'><strong>pulsis,</strong></span> <span class='ocrx_word' id='word_1_295' title='bbox 546 3987 633 4042; x_wconf 89' lang='lat' dir='ltr'><strong>quam</strong></span> <span class='ocrx_word' id='word_1_296' title='bbox 663 3985 815 4042; x_wconf 88' lang='lat' dir='ltr'><strong>superesse</strong></span> <span class='ocrx_word' id='word_1_297' title='bbox 843 3985 961 4025; x_wconf 84' lang='lat' dir='ltr'><strong>causam</strong></span> <span class='ocrx_word' id='word_1_298' title='bbox 989 3966 1153 4037; x_wconf 79' lang='lat' dir='ltr'><strong>Romanis,</strong></span> <span class='ocrx_word' id='word_1_299' title='bbox 1186 3961 1237 4024; x_wconf 81' lang='lat' dir='ltr'><strong>co&#39;r</strong></span> <span class='ocrx_word' id='word_1_300' title='bbox 1255 3981 1313 4064; x_wconf 35' lang='lat' dir='ltr'><strong>non&amp;</strong></span> 
     </span>
    </p>
   </div>
   <div class='ocr_carea' id='block_1_5' title="bbox 77 3975 134 4096">
    <p class='ocr_par' dir='ltr' id='par_1_7' title="bbox 77 3975 134 4096">
     <span class='ocr_line' id='line_1_38' title="bbox 77 3975 134 4096; baseline 0 -46"><span class='ocrx_word' id='word_1_301' title='bbox 77 3975 134 4096; x_wconf 59' lang='grc' dir='ltr'><strong>ΛἹ</strong></span> 
     </span>
    </p>
   </div>
   <div class='ocr_carea' id='block_1_6' title="bbox 0 0 1342 4542">
    <p class='ocr_par' dir='ltr' id='par_1_8' title="bbox 0 0 1342 4542">
     <span class='ocr_line' id='line_1_39' title="bbox 0 0 1342 4542; baseline 0 6"><span class='ocrx_word' id='word_1_302' title='bbox 0 0 1342 4542; x_wconf 95' lang='lat' dir='ltr'><strong> </strong></span> 
     </span>
    </p>
   </div>
  </div>
 </body>
</html>
