2748 4556
258 257 318 314 236
532 253 610 304 Liber
627 252 717 304 XXX.
753 253 799 308 (Δ.
812 267 837 304 u.
851 267 875 306 c.
889 254 964 316 set.)

168 443 203 497 ts
218 439 304 496 trium
326 437 426 496 venire
453 437 541 496 sinas.
590 435 621 496 Si
643 436 713 494 nihil
732 435 811 493 aliud
837 454 924 510 quam
949 436 1099 512 Syphacis
1121 456 1199 494 uxor
1219 437 1288 494 iuis·

219 560 296 614 sem,
330 551 428 600 tamen
456 541 592 600 Numida
618 551 706 617 atque
735 542 765 598 in
792 542 894 599 eedem
920 559 1035 598 mecum
1065 541 1174 599 Africa
1202 540 1288 617 geniti

168 653 203 708 16
219 665 307 721 quum
331 645 499 722 alienigene
520 655 549 704 et
570 646 682 704 externi
702 646 788 703 fidem
810 645 937 720 experiri
959 645 1097 716 mallem;
1122 647 1193 722 quid
1217 645 1287 704 Car·

218 751 392 826 thaginieusi
414 752 451 808 ab
473 752 623 822 Romano,
653 751 722 825 quid
751 751 816 808 filiae
838 753 1035 810 Hasdrubalis
1057 753 1223 810 timendum
1245 753 1289 813 sit.

217 857 309 915 vides.
358 856 391 915 Si
425 855 505 914 nulla
540 875 573 914 re
607 855 665 913 alia
699 864 797 930 potes,
833 867 927 914 morte
959 877 1007 914 me
1042 868 1077 915 ut
1109 859 1240 916 vindices
1272 877 1288 912 a

169 968 203 1022 ll
218 965 417 1021 Romanorum
441 962 578 1032 arbitrio,
606 979 658 1018 oro
680 963 897 1036 obtestorque.“
941 965 1055 1021 Forma
1077 973 1145 1021 erat
1167 963 1287 1037 insignis

219 1075 248 1124 et
281 1066 486 1124 florentissima
524 1077 604 1124 tatas.
663 1067 768 1140 ltaque
806 1085 893 1141 quum
934 1068 1021 1124 modo
1055 1087 1165 1142 penae,
1207 1069 1287 1125 modu

219 1175 350 1230 dextram
374 1173 553 1247 amplectens
574 1172 603 1228 in
626 1171 670 1240 id,
701 1173 804 1229 necui
826 1175 961 1230 Romano
982 1173 1170 1243 traderetur,
1200 1173 1284 1230 fidem

218 1287 403 1352 exposceret,
436 1277 613 1352 propiusque
643 1276 798 1334 blanditias
827 1277 922 1335 oratio
951 1287 1028 1334 esset
1059 1297 1153 1352 quam
1178 1295 1286 1353 preces.

170 1386 205 1443 ts
218 1400 276 1438 nou
308 1381 338 1438 iu
370 1381 597 1439 misericordiam
637 1381 723 1438 modo
755 1383 910 1458 prolapsus
940 1393 984 1439 est
1017 1383 1137 1440 animus
1158 1381 1287 1439 victoris.

217 1487 278 1556 sed,
308 1497 340 1544 ut
371 1497 414 1544 est
435 1505 526 1562 genus
548 1487 742 1545 Numidarum
772 1487 802 1543 iu
823 1487 968 1545 Venerem
1002 1507 1156 1563 praeceps,
1189 1505 1286 1544 amore

217 1593 340 1667 captivae
367 1593 460 1650 victor
487 1602 598 1667 captus.
642 1593 723 1649 Data
754 1593 858 1650 dextra
879 1593 908 1648 in
935 1592 980 1662 id,
1019 1594 1102 1666 quod
1124 1595 1286 1668 petebatur.

169 1701 204 1755 tu
218 1698 380 1772 obligandae
400 1697 476 1766 fidei,
498 1698 528 1754 in
549 1699 658 1772 regiam
679 1697 819 1754 concedit.
871 1695 939 1752 Tum
958 1715 1022 1753 vero
1038 1707 1176 1772 reputare
1189 1715 1284 1754 secum

216 1803 296 1877 ipse,
332 1799 574 1875 quemadmodum
604 1803 739 1877 promissi
765 1802 851 1860 fidem
873 1810 1034 1876 prestaret.
1084 1802 1175 1875 Quod
1199 1821 1284 1878 quum

218 1906 355 1982 expedire
376 1926 433 1964 nou
457 1918 569 1982 posset,
606 1908 644 1964 ab
671 1925 772 1963 amore
800 1907 984 1963 temerarium
1013 1917 1103 1980 atque
1133 1908 1285 1983 impudens

166 2016 203 2072 20
218 2021 366 2069 mutuatur
387 2012 552 2082 consilium3
573 2013 690 2088 nuptias
712 2013 741 2069 in
763 2031 827 2070 eum
844 2013 938 2088 ipsum
956 2011 1032 2069 diem
1051 2013 1154 2087 parari
1169 2023 1285 2105 ‘repente

173 2160 175 2169 ,
218 2118 313 2188 iubet,
336 2117 462 2191 nequid
485 2118 660 2192 relinqueret
681 2119 785 2192 integri
807 2127 857 2174 aut
878 2117 969 2174 Laelio
998 2125 1049 2173 aut
1074 2117 1133 2192 ipsi
1156 2117 1283 2193 Scipioni

218 2223 385 2280 consulendi
401 2223 481 2279 velut
502 2223 531 2279 iu
554 2223 710 2297 captivam,
734 2241 797 2296 quae
819 2223 982 2280 Masinissa
1004 2223 1063 2279 iam
1082 2231 1180 2296 nupta
1201 2221 1283 2280 foret.

166 2329 200 2384 rt
218 2327 317 2384 Factis
344 2327 451 2402 nuptiis
479 2327 644 2403 supervenit
675 2327 795 2395 Laelius,
829 2337 858 2385 et
887 2329 961 2385 adeo
990 2347 1049 2384 non
1080 2327 1284 2387 dissimulavit

217 2431 384 2506 improbare
405 2450 437 2488 se
458 2431 584 2501 factum,
607 2444 638 2488 ut
659 2433 753 2506 primo
777 2433 863 2489 etiam
886 2451 951 2490 oum
975 2432 1113 2508 Syphace
1136 2442 1165 2488 et
1183 2432 1284 2490 ceteris

217 2536 340 2610 captivis
375 2537 533 2593 detractam
570 2555 634 2593 eam
674 2537 740 2593 lecto
771 2537 879 2612 geniali
907 2538 1020 2595 mittere
1048 2540 1087 2594 ad
1117 2539 1281 2614 Scipionem

166 2642 203 2696 22
218 2652 339 2699 conatus
373 2643 418 2703 sit.
469 2641 570 2698 Victus
603 2642 705 2698 deinde
738 2642 872 2716 precibus
893 2641 1064 2712 Masinissa,
1099 2645 1221 2715 orantis,
1255 2655 1285 2699 ut

219 2746 384 2814 arbitrium,
417 2749 508 2804 utrius
538 2765 638 2822 regum
668 2746 791 2804 duorum
813 2746 937 2805 fortunae
959 2748 1089 2804 accessio
1112 2748 1282 2823 Sophoniba

218 2861 302 2920 esset,
326 2852 363 2908 ad
376 2852 541 2927 Scipionem
556 2851 694 2922 reiiceret,
718 2853 807 2909 misso
824 2853 958 2928 Syphace
975 2863 1003 2908 et
1022 2853 1158 2928 captivis,
1173 2864 1283 2910 ceteras

204 2947 304 3012 ¹urbes
334 2957 494 3026 Numidiae,
529 2976 593 3031 quae
620 2957 760 3032 praesidiis
788 2957 876 3033 regiis
904 2958 1091 3028 tenebantur,
1128 2958 1283 3015 adiuvante

218 3061 375 3118 Masinissa
395 3063 506 3138 recipit.

125 3163 164 3230 13
303 3166 466 3241 Syphacem
489 3169 518 3224 in
541 3179 638 3224 cestra
661 3165 764 3221 adduci
786 3184 874 3239 quum
896 3177 973 3223 esset
987 3166 1165 3237 nuntiatum,
1190 3167 1280 3224 omme

189 3270 297 3328 2velut
329 3271 366 3326 ad
398 3273 593 3345 spectaculum
626 3271 763 3346 triumphi
796 3271 948 3328 multitudo
977 3269 1070 3328 effusa
1101 3281 1156 3332 est.
1205 3273 1282 3329 Pras-

219 3373 340 3430 cedebat
368 3375 431 3449 ipse
452 3378 581 3446 vinctus;
613 3377 788 3450 sequebatur
815 3394 887 3450 grex
916 3376 1054 3434 nobilium
1078 3377 1280 3434 Numidarum.

218 3479 311 3546 Tum,
342 3494 481 3554 quantum
511 3482 633 3556 quisque
660 3481 814 3554 plurimum
846 3490 974 3556 poterat,
1011 3483 1209 3556 magnitudini
1229 3483 1280 3557 Sy·

188 3585 336 3658 3phaei5,
358 3585 444 3642 farnae
465 3587 573 3662 gentis,
596 3586 747 3643 victoriam
770 3575 852 3642 suam
876 3585 1009 3660 augendo
1032 3586 1180 3644 addebat:
1203 3587 1278 3644 illum

218 3706 281 3744 esse
302 3707 419 3763 regern,
448 3690 528 3747 cuius
550 3699 663 3746 tantum
685 3691 829 3747 maiestati
852 3690 910 3766 duo
932 3690 1127 3765 potentissimi
1147 3691 1179 3748 iu
1201 3691 1278 3750 terris

187 3793 368 3853 lambuerint
382 3795 491 3869 populi,
513 3795 663 3852 Romanus
676 3793 991 3870 Carthaginiensisque,
1013 3804 1044 3851 ut
1061 3794 1173 3871 Scipio,
1195 3798 1277 3872 impe·

216 3905 297 3955 rator
333 3917 411 3968 suus,
441 3899 478 3955 ad
515 3899 670 3956 amicitiem
703 3900 764 3956 eius
796 3899 969 3974 petendam,
1004 3899 1107 3956 relicta
1134 3901 1279 3976 provincis

218 4002 361 4074 Hispania
393 4003 593 4075 exercituque,
637 4004 750 4060 duabus
790 4003 1044 4078 quinqueremibus
1082 4004 1112 4061 in
1151 4005 1276 4062 Africam
