2700 4426
441 197 518 248 naa
534 196 622 248 xxu.
659 195 856 264 (nonan.)
940 208 948 217 ⁸
1095 196 1134 260 ot

111 380 242 451 alteram,
264 380 310 438 oui
332 398 410 437 mors
430 380 481 438 filii
502 379 577 438 falso
599 379 745 440 nbntiata'
759 392 840 454 erat,
867 372 999 440 maetam
1029 387 1176 443 sedentem

111 483 200 553 domi,
222 484 260 541 ad
282 484 407 559 primum
430 495 615 561 conspectum
636 487 782 545 redeuntis
803 487 854 545 filii
875 488 983 562 gaudio
1013 489 1103 546 nimio
1126 510 1176 548 ex·

110 589 281 645 animatam.
330 591 469 648 Senatum
491 574 630 666 praetores
649 608 701 666 per
723 593 784 650 dies
806 593 918 667 aliquot
940 595 977 650 ab
1000 602 1064 651 orto
1086 614 1177 670 usque
1194 601 1228 655 14

110 694 149 752 ad
171 690 348 751 occidentem
372 696 462 751 solem
484 695 514 752 in
536 697 615 754 curia
636 697 775 768 retinent,
806 699 1016 769 consultantes,
1049 718 1176 774 quonam

109 800 184 856 duce
202 809 251 856 aut
275 798 379 873 quibus
400 800 491 875 copiis
515 801 610 858 resisti
630 802 789 860 victoribus
811 803 911 861 Poenis
932 815 1040 878 posset.

194 905 369 979 Priusquam
397 904 468 960 satis
497 915 577 962 certa
597 907 718 964 consilia
747 916 855 979 esseut,
882 928 985 984 repens
1015 910 1073 967 alia
1103 929 1175 968 nun-
1249 909 1272 976 8

108 1011 199 1068 tiator
219 1012 332 1080 clades,
354 1019 493 1084 quattuor
520 1011 610 1067 millia
634 1012 761 1086 equitum
787 1031 851 1070 oum
880 1012 915 1073 C.
938 1012 1077 1072 Centenio
1107 1033 1176 1089 pro·

108 1123 233 1190 praetore
258 1115 349 1171 missa
382 1106 424 1171 ad¹
446 1115 587 1190 collegam
620 1116 658 1173 ab
686 1117 810 1175 Servilio
844 1117 961 1175 consule
987 1119 1017 1175 in
1043 1119 1168 1178 Umbria
1263 1165 1282 1230 Λ
1300 1133 1323 1205 )

109 1236 168 1292 quo
189 1228 256 1292 post
281 1235 410 1292 pugnam
433 1220 470 1276 ad
492 1222 726 1278 Trasumennum
756 1222 886 1279 auditam
917 1232 1085 1280 averterant
1112 1223 1166 1280 iter
1330 1268 1347 1329 Ἰ

109 1325 147 1379 ab
167 1323 335 1380 Hannibale
355 1324 558 1382 circumventa.
604 1326 676 1383 Eius
696 1326 739 1383 rei
761 1326 843 1383 fama
869 1328 950 1385 varie
970 1327 1101 1385 homines
1123 1286 1182 1385 aa
1189 1329 1207 1385 2
1293 1308 1320 1367 Λ

108 1426 185 1488 fecit.
229 1429 319 1497 Pars,
348 1430 498 1504 occupatis
528 1431 639 1488 maiore
666 1430 834 1505 aegritudine
855 1415 974 1501 animis,
1004 1429 1099 1490 levem
1129 1452 1166 1491 ex

108 1534 326 1609 comparatione
356 1535 484 1609 priorum
520 1537 631 1593 ducere
665 1544 808 1592 recentem
845 1535 972 1610 equitum
1008 1538 1166 1606 iacturam3

107 1658 176 1716 pars
190 1658 249 1696 non
263 1640 302 1709 id,
324 1641 403 1713 quod
418 1641 572 1711 acciderat,
587 1660 641 1725 per
661 1659 692 1697 se
707 1641 859 1711 aestimare,
881 1641 942 1710 sed,
963 1650 995 1699 ut
1009 1643 1039 1699 in
1062 1640 1167 1700 affecto
1184 1645 1200 1700 3

107 1762 229 1820 corpore
252 1748 385 1819 quamvis
406 1745 477 1803 levis
500 1763 589 1802 cauea
609 1727 704 1821 inagis
726 1762 814 1818 quam
838 1744 935 1802 valido
962 1747 1083 1822 gravior
1103 1765 1169 1803 sen-

106 1850 220 1917 tiretur,
256 1850 379 1906 ilatum
401 1869 485 1925 aegras
514 1861 544 1908 et
566 1849 678 1907 affectas
699 1850 810 1907 civitati
839 1850 1033 1925 quodcunque
1056 1851 1203 1909 adversil

106 1955 252 2024 incideret,
277 1973 335 2011 nou
357 1974 452 2012 rerum
478 1956 684 2030 magnitudine,
708 1955 759 2012 sed
780 1954 891 2010 viribus
913 1956 1085 2025 extenuatis,
1108 1975 1172 2030 quae

107 2059 187 2129 nihil,
210 2061 289 2134 quod
304 2071 488 2135 aggravaret,
504 2062 565 2134 pati
579 2069 706 2135 possent,
728 2057 928 2115 aestimandum
951 2077 1022 2116 esse.
1067 2062 1203 2135 Itaque5

109 2162 147 2218 ad
177 2165 337 2221 remedium
369 2165 429 2221 iam
462 2166 511 2222 diu
547 2183 640 2239 neque
680 2163 873 2221 desideratum
912 2183 965 2222 neo
1002 2166 1171 2237 adhibitum,

109 2267 278 2327 dictatorem
302 2270 463 2338 dicendum,
486 2271 589 2328 civitas
612 2269 758 2344 confugit3
788 2279 816 2327 et
838 2269 908 2344 quia
931 2279 960 2326 et
981 2272 1081 2328 consul
1103 2273 1172 2328 abe-

107 2384 163 2444 rat,
186 2393 205 2432 a
227 2393 285 2449 quo
308 2393 365 2430 uno
385 2375 442 2431 dici
456 2393 543 2448 posse
564 2377 726 2445 videbatur,
753 2393 806 2430 nec
821 2394 873 2450 per
890 2387 1061 2452 occupatam
1084 2377 1171 2434 armis
1243 2418 1247 2423 -

108 2479 227 2536 Punicis
261 2480 377 2537 Italiam
410 2479 495 2536 facile
530 2491 593 2538 erat
617 2490 669 2538 aut
699 2480 830 2538 nuntium
864 2487 915 2536 aut
945 2480 1056 2539 litteras
1089 2483 1172 2553 mitti,

108 2603 161 2642 nco
172 2584 342 2642 dictatorem
357 2593 467 2640 amatus
477 2585 586 2660 populo
601 2604 700 2642 creare
714 2595 839 2661 poterat,
855 2587 933 2661 quod
945 2605 1092 2661 nunquam
1105 2597 1171 2644 ante
1185 2591 1202 2646 6

109 2707 174 2745 eam
195 2689 271 2746 diem
292 2689 402 2747 lactum
425 2701 497 2760 erat,
519 2691 688 2749 dictatorem
709 2691 834 2768 populus
857 2691 965 2748 creavit
986 2691 1023 2764 Q.
1046 2693 1170 2749 Fabium

108 2795 270 2851 Maximum
293 2804 322 2851 et
342 2794 512 2868 magistrum
534 2797 661 2870 equitum
684 2798 725 2854 M.
740 2798 900 2854 Minucium
922 2794 1046 2864 Rufum3
1069 2795 1201 2869 hisque7

108 2899 256 2974 negotium
278 2902 315 2957 ab
338 2911 440 2959 senatu
466 2903 576 2972 datum,
606 2911 639 2958 nt
667 2921 766 2959 muros
794 2892 945 2975 turresque
973 2900 1053 2957 urbis
1073 2901 1170 2957 firma·

106 3013 172 3061 rent
193 3015 221 3062 et
244 3005 381 3080 praesidia
402 3005 596 3080 disponerent,
619 3008 721 3082 quibus
742 3009 813 3066 locis
835 3007 989 3075 videretur,
1011 3015 1171 3081 pontesque

107 3109 302 3167 rescinderent
334 3111 496 3168 fluminum:
527 3131 582 3188 pro
615 3113 686 3168 urbe
723 3131 758 3168 ao
791 3113 943 3187 penatibus
976 3111 1170 3170 dimicandum

106 3233 179 3285 esse,
202 3217 319 3289 quaudo
343 3217 458 3273 Italiam
480 3218 554 3274 tueri
575 3217 748 3291 nequissent.

190 3321 341 3379 Hannibal
361 3331 440 3378 recto
463 3323 564 3378 itinere
585 3298 637 3396 per
657 3322 810 3380 Umbriam
832 3339 925 3396 usque
948 3323 985 3379 ad
1008 3322 1168 3398 Spoletium
1243 3321 1266 3387 tl

106 3427 196 3486 venit.
243 3427 325 3495 Inde,
348 3445 436 3500 quum
457 3426 647 3501 perpopulato
670 3445 741 3501 agro
764 3427 864 3482 urbem
889 3444 1060 3504 oppugnare
1084 3428 1201 3487 ador-2

104 3540 152 3588 tus
174 3539 262 3599 esset,
292 3549 357 3588 cum
390 3549 498 3606 magna
521 3532 598 3588 caede
629 3549 746 3587 suorum
768 3530 918 3604 repulsus,
949 3533 1114 3590 coniectans
1134 3552 1171 3589 ex

107 3634 191 3691 unius
222 3636 343 3693 coloniae
373 3637 453 3693 haud
473 3639 598 3692 mammas
618 3636 735 3693 minime
756 3653 896 3710 prospere
917 3645 1033 3692 tentatae
1051 3637 1170 3705 viribus,

107 3746 217 3812 quanta
240 3739 331 3796 moles
352 3742 493 3798 Romanae
516 3741 594 3798 urbis
617 3750 701 3809 esset,
726 3741 755 3796 in
778 3760 880 3816 agrum
902 3741 1041 3798 Picenum
1064 3742 1200 3800 avertit3

106 3845 170 3914 iter,
190 3859 249 3903 nou
270 3846 358 3921 eopia
381 3846 475 3902 solum
497 3846 591 3922 omnis
612 3847 727 3921 generis
749 3846 865 3921 frugum
888 3846 1094 3915 abundantem,
1117 3846 1167 3901 sed

106 3949 244 4006 refertum
266 3951 380 4026 preda,
411 3970 499 4026 quam
522 3951 612 4010 effuse
643 3951 720 4010 avidi
744 3960 831 4025 atque
862 3960 978 4026 egentes
1007 3951 1167 4026 rapiebant.

134 4069 198 4108 Livius
214 4079 238 4107 ex
251 4079 290 4108 roc.
304 4068 401 4117 Madvigii.
429 4070 460 4107 nt
937 4060 950 4102 5
