2812 4556
380 225 456 274 utun
473 221 548 276 xxl.
587 219 788 285 (aonam.)
1033 223 1072 280 tt

34 407 157 478 rediere,
192 418 230 466 ut
253 409 303 465 vix
326 408 452 466 letitiam
482 406 612 464 victoriae
633 406 779 462 sentirent.
824 405 928 479 Itaque
957 413 1042 463 nocte
1070 404 1145 463 iri-8

34 512 180 587 sequenti,
206 531 300 587 quum
324 510 488 588 praesidium
509 517 671 568 castrorum
692 519 722 567 et
743 510 822 585 quod
843 509 986 584 reliquum
1008 511 1114 568 annom·

34 637 93 674 rum
115 636 156 674 ex
181 636 299 693 magua
325 627 408 694 parte
437 615 560 674 militum
589 623 666 685 erat,
692 613 805 672 ratibus
832 613 970 672 Trebiam
998 612 1115 672 traiice-

34 733 106 792 rent,
130 732 188 782 ant
213 723 287 782 nihil
309 741 425 782 sensere
447 722 632 796 obstrepente
654 718 754 795 pluvia
773 728 837 788 aut,
872 719 942 795 quia
962 720 1020 778 iam
1051 722 1145 778 mo-9

34 828 96 886 veri
128 829 302 902 nequibant
335 845 395 902 pree
427 826 598 886 lassitudine
628 843 663 882 ao
696 824 877 894 vulneribus,
912 825 1018 882 sentire
1052 842 1115 882 sese

36 933 283 1002 dissimularunt,
315 932 478 1007 quietisque
508 931 609 990 Poenis
640 931 728 988 tacito
764 929 879 1004 agmine
911 931 949 986 ab
980 930 1116 1005 Scipione

38 1036 158 1094 consule
184 1037 336 1094 exercitus
359 1036 541 1094 Placentiam
564 1046 608 1095 est
629 1035 795 1111 perductus,
816 1035 883 1092 iude
905 1035 990 1092 Pado
1012 1034 1115 1092 treiec-

37 1149 81 1196 tus
103 1140 310 1212 Cremonam,
339 1161 376 1202 ne
405 1143 527 1200 duorum
557 1141 734 1200 exercituum
765 1140 892 1198 hibernis
922 1158 980 1196 una
1001 1138 1116 1198 colonia

39 1255 237 1318 premeretur.

119 1351 258 1408 Romam
281 1357 379 1406 tantus
394 1357 488 1406 terror
502 1369 539 1408 ex
553 1352 609 1410 hac
624 1351 707 1410 clade
726 1350 855 1426 perlatus
876 1359 929 1422 est,
952 1357 983 1408 ut
1004 1349 1062 1406 iam
1078 1348 1115 1406 ad
1168 1345 1211 1414 57

42 1456 142 1513 urbem
157 1457 331 1513 Romanam
346 1453 496 1512 crederent
509 1453 621 1512 inseetis
642 1455 732 1530 signis
746 1457 859 1513 hostem
878 1463 1042 1522 venturum,
1063 1469 1117 1520 neo

44 1560 204 1634 quiequam
229 1559 292 1636 spei
314 1569 366 1616 aut
388 1559 487 1616 auxilii
510 1579 583 1631 esse,
606 1579 664 1636 quo
680 1581 699 1618 a
720 1560 812 1636 portis
834 1560 1036 1632 moenibusque
1057 1556 1115 1614 vim

46 1674 191 1720 arcerent:
228 1683 288 1721 uno
314 1664 432 1721 consule
461 1665 500 1721 ed
521 1665 656 1724 Ticinum
684 1667 778 1735 victo,
807 1666 930 1727 alterum
957 1682 995 1722 ex
1017 1661 1147 1722 Sicilia-2

44 1778 235 1840 revocatum3
257 1769 372 1826 duobus
394 1769 569 1841 consulibus,
591 1771 704 1828 duobus
728 1769 928 1828 consularibus
944 1767 1118 1826 exercitibus

48 1873 137 1944 victis,
160 1893 240 1950 qnos
263 1873 337 1931 elios
359 1873 461 1942 duces,
491 1891 564 1947 quas
587 1874 661 1932 alias
688 1874 817 1949 legiones
839 1892 912 1943 esse,
934 1891 999 1947 quae
1020 1888 1118 1928 arces·

50 1979 164 2036 santur?
201 1982 252 2038 Ita
273 1976 379 2035 territis
402 1976 591 2052 Sempronius
615 1980 717 2038 consul
749 1978 880 2049 advenit,
912 1976 1022 2052 ingenti
1043 1975 1148 2051 peri-3

52 2083 111 2139 culo
132 2105 188 2160 per
212 2082 322 2141 effusos
352 2082 461 2157 passim
485 2083 522 2140 ad
552 2084 740 2159 praedandum
771 2085 898 2142 hostium
929 2080 1039 2156 equites
1067 2099 1118 2136 uu-

55 2185 133 2244 docia
158 2189 258 2263 magis
286 2177 374 2261 quam
404 2189 523 2246 consilio
558 2199 609 2247 eut
630 2207 682 2266 spe
714 2189 834 2246 fallendi
859 2185 1062 2254 resistendive,
1095 2184 1119 2241 si

49 2308 101 2348 non
116 2291 243 2365 falleret,
266 2303 473 2368 transgressus.
506 2294 542 2352 Id
558 2296 636 2368 quod
653 2313 741 2352 unum
758 2293 886 2352 maxime
911 2292 941 2348 iu
964 2289 1148 2366 praesentiat

52 2395 282 2469 desiderabatur,
305 2398 429 2456 couritiis
452 2399 652 2457 consularibus
675 2399 797 2469 habitis,
825 2399 856 2455 in
877 2397 1000 2456 hiberna
1028 2394 1141 2498 redqitA
1226 2390 1351 2502 Aibat),

52 2498 143 2560 Creati
165 2505 301 2562 consules
324 2503 378 2562 Cu.
401 2503 540 2563 Servilius
565 2513 595 2560 et
615 2503 650 2562 C.
673 2504 843 2562 Flaminius.

129 2607 266 2668 Ceterum
289 2629 326 2667 ne
346 2609 468 2666 hiberna
489 2611 606 2683 quidem
634 2610 775 2668 Romanis
802 2609 900 2683 quieta
930 2615 1026 2677 erant,
1054 2623 1109 2662 va·
1134 2613 1150 2666 5

55 2714 181 2784 gentibue
196 2716 308 2792 passim
323 2713 460 2774 Numidis
476 2713 621 2788 equitibus
640 2725 678 2785 et,
701 2724 732 2772 ut
751 2731 872 2788 qunque
885 2713 921 2770 iis
936 2710 1121 2786 impeditiora

58 2829 148 2892 eraut,
176 2819 332 2880 Celtiberis
358 2813 600 2894 Lusitanisque'
623 2821 735 2880 Omnes
762 2818 851 2892 igitur
874 2817 1001 2891 undique
1030 2815 1121 2874 clausi

58 2935 227 2982 conmeatus
254 2933 352 2995 erant,
383 2923 438 2980 uisi
467 2942 540 2999 quoa
564 2925 648 2982 Pedo
682 2941 773 2980 naves
804 2922 1006 2980 subveherent.
1049 2920 1150 2981 Eme

60 3027 160 3096 porium
196 3048 289 3105 prope
313 3029 494 3088 Placentiam
520 3029 575 3088 fuit
604 3040 633 3088 et
665 3047 754 3104 opere
783 3045 891 3101 magno
919 3025 1062 3084 munitum
1091 3035 1120 3082 et

61 3130 147 3190 valido
167 3137 315 3194 firmatum
337 3133 482 3211 praesidio.
525 3135 598 3192 Eius
627 3134 739 3192 castelli
764 3130 953 3207 expugnandi
980 3149 1032 3207 spe
1055 3151 1120 3190 cum

64 3237 195 3308 equitibus·
212 3259 248 3298 ao
268 3241 326 3298 levi
340 3249 491 3297 armatura
512 3239 659 3314 profectus
677 3238 837 3307 Hannibal,
860 3255 949 3311 quum
965 3237 1121 3312 plurimum

66 3338 90 3396 iu
109 3345 226 3404 celando
248 3345 362 3421 incepto
384 3345 423 3402 ad
452 3342 586 3402 effectum
608 3345 671 3421 spei
693 3343 858 3411 habuisset,
889 3352 974 3399 nocte
1002 3345 1121 3402 adortus

66 3462 115 3503 uon
134 3449 236 3508 fefellit
262 3450 375 3524 vigiles.
424 3451 538 3508 Tantus
567 3459 686 3524 repente
713 3448 824 3506 clauim
852 3454 897 3504 est
927 3449 1067 3519 sublatus,
1088 3457 1150 3510 ut?

69 3548 210 3612 Paeana
232 3572 349 3630 quoque
374 3554 530 3612 audiretur.
579 3556 686 3629 Itaque
708 3555 762 3612 sub
783 3554 877 3612 lucem
903 3570 967 3612 eum
992 3555 1122 3630 equitatu

69 3660 154 3716 ansul
167 3660 279 3732 aderat,
301 3658 387 3722 iussis
409 3659 554 3734 quadrato
571 3659 688 3733 agmine
701 3659 864 3734 legionibus
885 3658 979 3733 sequi.
1022 3660 1121 3733 Eque·
1136 3665 1153 3720 8

72 3768 118 3820 stre
136 3765 246 3822 interim
267 3763 401 3840 proelium
423 3765 625 3835 commissum,
654 3765 683 3822 in
706 3783 779 3840 quo,
810 3763 879 3839 quie
901 3763 1017 3822 saucius
1038 3765 1123 3822 Hau-

73 3864 138 3926 nibul
154 3888 254 3948 pugna
268 3871 402 3941 excessit,
423 3889 535 3947 pavore
549 3869 683 3930 hostibus
697 3870 812 3940 iniecto,
834 3867 985 3926 &feneum
1008 3870 1124 3945 egregie

74 3976 217 4041 presidium
249 3986 303 4040 est.
363 3978 529 4036 Paucorum
561 3976 629 4034 inde
668 3976 779 4034 dierum
812 3973 908 4049 quiete
941 3985 1058 4049 sumpte
1095 3979 1154 4035 et9

96 4083 147 4125 livius
162 4101 184 4128 cs
198 4100 239 4128 ree.
255 4089 355 4137 ludvigli.
384 4087 416 4126 lll.
809 4113 815 4139 r
890 4085 906 4125 4
