2748 4556
290 221 350 278 utu
561 191 645 268 'nur
661 217 750 270 xxx.
788 217 870 280 (aa
888 215 999 277 assi.)

217 403 423 461 unaminiter
445 402 572 477 acceptis
599 411 625 458 et
647 401 676 456 in
699 418 844 458 carcerem
867 399 1006 469 conditis,
1042 417 1119 456 auro
1147 406 1303 472 argentoque

248 509 377 580 reddito,
409 508 510 585 gratio
534 505 638 581 legatis
667 513 759 576 actua,
792 513 880 579 atque
905 505 1025 580 insuper
1048 523 1178 560 munera
1199 503 1261 559 data
1278 522 1304 558 ac

218 617 349 684 dnonas,
372 613 477 688 quibus
498 611 528 668 in
551 611 727 687 Hispaniam
750 619 971 668 reverterentur.
1020 611 1138 667 Mentio
1163 608 1260 665 danda
1277 608 1307 663 ab

248 717 411 774 senioribus
440 715 520 774 iacta
552 725 610 786 est,
643 715 759 790 segnius
787 715 918 772 homines
940 715 1020 772 bona
1043 735 1138 790 quam
1163 714 1239 771 mala
1258 731 1309 769 sen·

250 821 321 891 tire;
343 821 465 878 transitu
486 822 516 878 in
542 821 658 879 ltaliam
683 820 857 878 Hannibalis
880 829 1020 894 quantum
1044 822 1172 878 terroris
1194 817 1310 895 pauoris·

249 945 305 1002 que
320 935 405 994 esset,
420 925 598 995 meminisse3
621 943 694 1000 quas
711 924 816 983 deinde
835 925 941 993 clades,
964 943 1039 998 quos
1056 925 1156 982 luctus
1173 921 1312 981 incidisse?

220 1031 325 1087 7Visa
352 1039 449 1088 castra
480 1031 607 1087 hostium
644 1051 660 1087 c
696 1031 784 1086 muris
814 1029 909 1098 urbis;
947 1047 1012 1102 quae
1042 1041 1118 1086 vota
1145 1027 1311 1103 singulorum

249 1137 509 1209 universorumque
537 1133 648 1192 fuisse?
683 1133 796 1208 quoties
822 1133 853 1189 in
878 1133 1007 1192 conciliis
1036 1152 1131 1192 voces
1162 1151 1265 1191 manus
1283 1132 1311 1186 ad

219 1239 351 1298 declam
373 1239 582 1315 porrigentium
606 1240 732 1308 auditas,
754 1257 790 1294 an
812 1257 941 1312 unquam
959 1240 1008 1296 illa
1025 1240 1089 1296 (lies
1106 1239 1228 1297 futurus
1242 1249 1313 1294 esset.

251 1363 309 1420 quo
347 1363 470 1402 vacuam
503 1345 635 1402 hostibus
668 1343 784 1400 Italiam
822 1345 900 1401 bona
936 1363 1009 1419 pace
1045 1346 1203 1402 florentem
1237 1342 1313 1398 visuri

219 1447 371 1508 sanant?
419 1449 544 1507 Dedisse
565 1449 594 1506 id
618 1450 688 1506 deos
710 1448 827 1506 tandem
849 1457 932 1506 sexto
957 1451 1072 1506 decimo
1095 1451 1217 1508 demum
1239 1467 1313 1515 anuo,

250 1573 303 1612 neo
325 1572 398 1624 esse,
420 1555 469 1628 qui
494 1554 555 1612 deis
577 1564 675 1630 grates
694 1553 823 1627 agendas
846 1563 994 1624 censeant3
1017 1556 1094 1612 adeo
1112 1575 1153 1612 ne
1168 1553 1314 1612 advenien-

251 1672 308 1718 tem
345 1658 460 1733 quidem
497 1659 622 1734 gratiam
651 1657 783 1716 homines
811 1659 934 1733 benigne
964 1661 1117 1734 accipere,
1158 1661 1263 1718 nedum
1288 1668 1311 1710 m

203 1769 236 1821 10
250 1765 403 1841 praeteritae
424 1763 496 1821 satis
518 1781 661 1820 memores
682 1762 748 1821 sint
797 1761 1018 1821 Conclamatum
1048 1765 1160 1823 deinde
1187 1785 1224 1823 ex
1246 1761 1311 1820 omni

250 1879 334 1947 parte
357 1869 443 1927 curie
465 1877 525 1937 est,
559 1867 600 1923 uti
622 1867 743 1924 referret
765 1869 799 1925 P.
821 1867 920 1925 AElius
942 1881 1065 1944 praet0r3
1104 1872 1312 1941 decretumque,

250 1985 282 2032 ut
305 1974 433 2048 quinque
454 1973 516 2028 dies
538 1973 616 2028 circa
639 1971 737 2028 omnia
756 1972 921 2047 pulvinaria
936 1974 1163 2050 supplicaretur,
1188 1974 1312 2032 victima·

252 2097 310 2154 que
332 2078 457 2135 maiores
479 2076 698 2132 immolarentur
719 2085 833 2134 centum
854 2078 964 2152 viginti.

200 2187 232 2240 ll
332 2183 396 2240 Iam
425 2180 544 2238 dimisso
571 2180 661 2238 Lalio
688 2180 850 2256 legatisque
880 2183 1052 2253 Masinissae,
1083 2203 1176 2258 quum
1200 2184 1310 2243 Cartha·
1365 2181 1366 2197 ¹

249 2287 420 2363 giniensium
455 2286 568 2360 legatos
603 2286 640 2342 de
671 2303 745 2360 pace
778 2287 816 2343 ad
846 2297 977 2345 senatum
1010 2288 1163 2345 venientes
1193 2288 1311 2347 Puteolis

249 2392 344 2462 visos,
373 2390 441 2447 inde
462 2399 540 2447 terra
561 2398 700 2448 venturos
725 2391 843 2448 allatum
868 2403 958 2464 esset,
979 2395 1114 2451 revocari
1138 2393 1176 2450 C.
1201 2395 1308 2451 Laelium

202 2496 377 2573 siptacen,
410 2506 442 2554 ut
470 2513 569 2552 corum
597 2515 632 2552 eo
660 2496 697 2552 de
728 2514 802 2570 pace
831 2507 975 2571 ageretur.
1022 2497 1058 2571 Q.
1082 2499 1210 2556 Fulvius
1232 2497 1311 2557 Gillo,
1366 2537 1367 2546 ,

250 2603 363 2676 legatus
397 2599 560 2675 Scipionis,
598 2598 854 2675 Carthaginienses
875 2601 1001 2658 Romam
1034 2603 1178 2674 adduxit3
1216 2605 1310 2678 quihus
1366 2595 1367 2600 ’

250 2706 347 2764 vetitis
374 2705 486 2782 ingredi
513 2705 614 2762 urbem
641 2705 799 2780 hospitium
826 2705 855 2762 in
878 2705 947 2762 villa
971 2707 1103 2780 publica,
1140 2719 1262 2766 senatus
1281 2706 1310 2763 ad

150 2809 196 2879 22
250 2812 340 2870 sedem
374 2811 503 2868 Bellonae
526 2811 612 2867 datus
644 2819 696 2870 est.
745 2809 915 2868 Orationem
947 2811 1068 2868 eandem
1097 2811 1203 2883 ferme,
1232 2831 1309 2887 quan

187 2993 190 2997 β
251 2917 330 2992 apud
351 2915 526 2991 Scipionem,
556 2916 739 2986 habuerunt,
772 2916 887 2991 culpam
914 2934 1028 2972 omnem
1057 2917 1126 2973 belli
1158 2938 1178 2974 a
1202 2919 1310 2994 publico

217 3021 370 3079 ioousilio
400 3021 429 3078 in
458 3019 653 3078 Hannibalem
682 3027 841 3089 vertentem
874 3009 939 3078 eum
970 3021 1080 3078 iniussu
1109 3033 1231 3080 senatus
1260 3041 1310 3078 non

248 3126 342 3201 Alpes
357 3126 454 3196 modo,
474 3125 526 3182 sed
546 3123 690 3182 Hiberum
719 3141 836 3198 quoque
857 3133 1078 3200 transgressum,
1099 3145 1154 3184 nec
1175 3130 1311 3186 Romanis

248 3231 353 3301 solum,
374 3231 425 3288 sed
448 3238 515 3286 ante
537 3229 625 3286 etiam
640 3227 810 3302 Saguntinis
831 3230 947 3305 privato
969 3231 1088 3288 consilio
1110 3232 1221 3289 bellum
1243 3233 1310 3289 intu-

217 3335 334 3406 3lisse3
364 3336 477 3392 senatui
503 3352 538 3392 ac
559 3333 669 3409 populo
692 3331 940 3408 Carthaginiensi,
962 3336 986 3393 si
1009 3337 1072 3411 quis
1094 3355 1165 3393 vere
1186 3339 1310 3402 aestimet,

217 3437 342 3498 lfoedus
375 3440 413 3498 ad
443 3459 508 3496 eam
538 3439 614 3496 diem
642 3439 813 3498 inviolatum
843 3457 908 3496 esse
929 3459 993 3497 cum
1015 3442 1178 3511 Romanis3
1219 3444 1309 3518 itaque

248 3543 319 3600 nihil
340 3544 420 3601 aliud
441 3545 496 3602 sibi
517 3545 686 3603 mandatum
709 3561 772 3601 esse
803 3544 845 3601 uti
875 3556 1022 3621 peterent,
1054 3565 1142 3620 quam
1175 3559 1209 3606 ut
1231 3550 1260 3605 in
1278 3567 1309 3604 ee

248 3665 337 3722 pace,
373 3667 437 3724 quas
471 3659 618 3724 postremo
651 3668 716 3707 oum
751 3647 783 3710 O.
807 3651 927 3708 Lutatio
959 3651 1039 3710 facta
1071 3663 1165 3725 esset,
1200 3672 1307 3711 manere

217 3754 353 3814 5liceret.
402 3755 498 3828 Quum
521 3774 602 3814 more
632 3755 738 3812 tradito
760 3756 891 3830 patribus
912 3765 1084 3832 potestatam
1108 3758 1305 3834 interrogandi,

227 3861 272 3916 ‹si
294 3860 359 3934 quie
382 3861 451 3935 quid
472 3861 575 3932 vellet,
607 3861 722 3935 legatos
743 3870 851 3936 pretor
874 3861 1006 3934 fecisset,
1038 3864 1244 3940 senioresque,
1264 3863 1304 3939 qui

248 3961 405 4018 federibus
427 3961 633 4033 interfuerant,
666 3965 725 4022 alia
748 3965 797 4022 alii
818 3965 1047 4040 interrogarent,
1075 3985 1129 4024 nec
1152 3967 1304 4026 meminisse
