2680 4546
334 1461 528 1538 'biber
563 1461 733 1539 XXVl.

504 1655 603 1664 o·—

4 1737 59 1850 Ua.
91 1788 236 1846 Fulvius
260 1786 459 1860 Centumalus,
481 1792 517 1851 P.
540 1790 686 1866 Sulpicius
708 1789 810 1848 Galba
839 1789 973 1846 consules
996 1807 1083 1863 quum
1100 1796 1262 1844 auctas.

6 1894 93 1950 dibus
118 1890 253 1950 Martiis
274 1892 476 1967 magistratum
497 1895 631 1965 inissent,
659 1903 761 1952 senatu
784 1894 814 1950 in
837 1891 1013 1967 Capitolium
1033 1912 1087 1950 vo·

4 2008 71 2067 tato,
97 1999 142 2055 de
168 2015 208 2052 re
229 1996 356 2072 publica,
378 1997 414 2054 de
436 1998 685 2056 administratione
707 1997 784 2066 belli,
807 1996 843 2053 de
864 1996 1021 2070 provinciis
1036 2015 1086 2053 ex·

4 2103 213 2176 crcitibusque
242 2110 342 2176 patres
370 2104 583 2164 consuluerunt.
636 2103 673 2177 Q,
696 2102 818 2171 Fulvio,
847 2103 928 2176 App.
953 2099 1117 2171 Claudio,2

1 2208 108 2282 prioris
135 2204 216 2263 anni
237 2203 413 2277 consulibus,
443 2219 632 2282 prorogatum
654 2207 807 2282 imperium
829 2214 874 2264 est
895 2215 983 2278 atque
1005 2223 1086 2262 exer·

1100 1862 1262 1913 acheli.

2 2311 83 2379 citus,
113 2325 202 2383 quos
224 2309 382 2380 habebant,
404 2311 521 2382 decreti,
547 2312 758 2384 adiectumque,
779 2330 816 2368 ne
831 2329 849 2367 a
864 2309 977 2384 Capua,
999 2329 1087 2384 quam

1 2415 210 2480 obsidebant,
245 2413 443 2485 abscederent,
477 2415 647 2489 priusquam
669 2425 894 2490 expugnassent.
948 2415 994 2471 Ea
1026 2416 1118 2470 tum3

1 2539 73 2590 cura
99 2517 243 2576 maxime
264 2517 389 2576 intentos
410 2518 540 2575 habebat
561 2519 728 2590 Romanos,
758 2539 818 2578 non
839 2521 877 2577 ab
898 2519 944 2576 ira
965 2528 1088 2589 tantum,

2 2644 69 2699 quae
107 2623 145 2680 itu
181 2621 294 2679 nullam
324 2641 453 2696 unquam
483 2622 629 2680 civitatem
660 2623 763 2682 iustior
792 2622 861 2694 fuit,
892 2641 978 2697 quam
1010 2623 1118 2697 quodi

4 2731 76 2786 urbs
100 2738 172 2784 tam
195 2725 303 2782 nobilis
324 2744 360 2783 ac
381 2736 501 2801 potens,
529 2726 604 2782 siem
626 2726 788 2784 defectione
808 2745 863 2784 sua
884 2736 1015 2784 traxerat
1036 2727 1088 2783 ali·

6 2843 80 2906 quot
103 2829 251 2907 populos,
278 2829 321 2886 ita
343 2839 461 2905 recepta
481 2830 655 2888 inclinatura
676 2850 776 2889 rursus
799 2831 912 2888 animos
934 2831 1090 2888 videbatur

6 2938 45 2993 sd
78 2934 199 2993 veteris
232 2931 347 3007 imperii
378 2943 553 3008 respectum.
610 2935 651 2992 Et
685 2937 857 3011 pratoribus
884 2933 991 3008 prioris
1020 2934 1119 2994 annii

6 3043 48 3100 Μ.
71 3040 169 3098 Iunio
192 3037 223 3094 iu
244 3036 379 3108 Etruria,
415 3039 451 3094 P.
473 3037 646 3113 Sempronio
674 3040 706 3096 in
726 3039 827 3100 Gallia
861 3058 928 3096 cum
949 3038 1026 3094 binis
1046 3038 1090 3095 le:

7 3145 163 3220 gionibus,
187 3157 262 3216 quas
287 3140 465 3212 habuerant,
491 3151 681 3216 prorogatum
703 3153 748 3201 est
768 3144 929 3219 imperium.
976 3144 1120 3203 Prono-6

8 3257 118 3322 gatum
140 3255 170 3304 et
194 3247 236 3304 M.
259 3245 416 3314 Marcello,
442 3256 475 3302 ut
495 3265 550 3321 pro
573 3248 742 3304 consulein
764 3247 864 3307 Sicilia
884 3248 999 3322 reliqua
1020 3245 1088 3304 belli

9 3354 173 3427 perficeret
200 3369 235 3408 eo
263 3349 407 3418 exercitu,
441 3367 526 3423 quem
553 3351 688 3408 haberet:
720 3352 746 3408 si
774 3351 978 3426 supplemento
1013 3358 1116 3424 opust

11 3465 109 3525 esset,
131 3455 282 3530 suppleret
303 3455 339 3510 de
358 3452 536 3527 legionibus,
557 3454 663 3528 quibus
687 3456 724 3512 P.
747 3454 899 3513 Cornelius
925 3463 1088 3530 propretor

12 3560 43 3616 in
67 3560 173 3618 Sicilia
194 3567 346 3635 praesset,
375 3559 444 3615 dum
472 3577 510 3615 ne
536 3578 623 3633 quem
644 3557 762 3616 militem
783 3559 893 3633 legeret
916 3577 954 3614 ex
975 3577 1010 3614 eo
1032 3566 1119 3622 nu·8

13 3683 112 3734 mero,
134 3665 240 3738 quibus
259 3671 378 3728 matus
393 3662 559 3720 missionem
572 3664 755 3737 reditumque
768 3663 798 3718 in
812 3663 938 3736 patriam
952 3672 1089 3736 negasset

16 3777 90 3825 ante
112 3767 181 3826 belli
202 3769 297 3827 finem.
342 3766 376 3824 C.
405 3767 551 3842 Sulpicio,
582 3769 629 3826 cui
655 3767 754 3826 Sicilia
778 3776 929 3836 evenerat,
962 3767 1026 3823 duae
1046 3766 1118 3830 le·9

17 3873 133 3947 giones,
155 3889 229 3947 quas
250 3873 287 3928 P.
310 3869 462 3955 Cornelius
483 3872 642 3942 habuisset,
663 3872 786 3928 deusta
808 3880 838 3926 et
857 3869 1087 3944 supplementum

19 3977 57 4033 de
81 3977 209 4034 exercitu
232 3974 286 4033 Cn.
310 3975 417 4044 Fulvii,
439 3975 489 4049 qni
509 3977 607 4050 priore
628 3993 705 4034 auno
726 3974 756 4030 in
777 3973 888 4048 Apulia
907 3972 984 4030 faede
998 3990 1089 4028 omaus

49 4089 116 4126 urvis·
131 4101 205 4127 sna.
219 4087 319 4134 anauga
347 4085 373 4122 rv
859 4081 871 4124 t
