2700 4426
379 144 457 194 Liber
474 143 587 196 xxvn.
624 145 671 208 (A.
686 143 733 198 ch.
745 145 817 208 uos.)
1055 147 1091 202 89

73 323 113 382 Μ.
138 325 274 384 Valerius
302 327 438 384 Laevinus
470 326 509 403 (ei
538 345 654 401 quoque
676 328 751 385 enim
773 338 962 404 prorogatum
983 327 1134 402 imperium

72 430 128 502 est)
151 431 291 502 classem,
313 451 378 508 quae
400 433 437 489 ad
460 433 588 492 Siciliam
611 442 687 503 erat,
712 435 830 490 navium
855 433 1038 509 septuaginta
1060 432 1133 488 obti-

71 544 169 605 neret3
202 535 322 594 adderet
351 556 385 594 eo
415 538 534 613 triginta
561 556 668 609 naves,
701 558 765 614 quae
793 539 831 596 ad
858 540 1016 595 Tarentum
1040 536 1136 610 priore

35 694 37 698 .
73 636 149 695 anno
171 639 301 710 fueraut3
335 660 399 699 curn
423 662 458 700 ea
479 652 592 700 centum
615 643 732 700 navium
755 644 865 713 classe,
887 643 912 698 si
933 643 1079 698 videretur
1101 641 1136 710 ei,

71 745 232 817 praedatum
259 747 289 802 in
318 746 450 804 Africam
479 749 633 807 traiiceret.
687 746 725 802 Et
753 747 785 803 P.
807 745 949 819 Sulpicio,
981 755 1012 803 ut
1034 747 1134 803 eadem
1153 751 1186 805 10

72 850 164 908 classe
186 851 389 909 Macedoniam
419 853 623 928 Graeciamque
656 852 835 927 provinciam
863 852 997 920 haberet,
1033 868 1135 925 proro-

72 963 171 1029 gatum
198 954 228 1011 in
251 973 356 1014 annum
379 959 531 1034 imperium
556 967 607 1016 est.
657 959 704 1014 De
726 958 853 1027 duabus,
887 975 958 1029 quae*
975 955 1012 1012 ad
1034 956 1134 1012 urbem

71 1061 197 1117 Romam
225 1059 357 1132 fuerant,
391 1062 553 1138 legionibus
586 1063 657 1119 nihil
690 1071 841 1118 mutatum.
889 1060 1136 1135 Supplementum‚
1151 1066 1183 1118 ll

73 1184 130 1239 quo
165 1183 238 1239 opus
275 1175 363 1236 esset,
399 1168 557 1224 scriberent
590 1167 738 1236 consules,
771 1166 952 1239 permissum.
1007 1165 1077 1224 Una
1109 1173 1137 1220 et

72 1269 175 1345 viginti
201 1270 362 1346 legionibus
386 1289 424 1327 eo
444 1290 520 1327 anno
545 1270 694 1328 defensum
719 1270 871 1344 imperium
894 1271 1058 1327 Romanum
1082 1279 1134 1327 est.

72 1377 112 1434 Et
131 1378 167 1433 P.
185 1375 296 1433 Licinio
316 1376 399 1433 Varo
421 1377 537 1450 praetori
560 1378 671 1433 urbano
693 1375 840 1451 negotium
863 1375 973 1446 datum,
994 1385 1026 1432 ut
1046 1395 1136 1434 naves
1154 1377 1186 1431 12

72 1481 175 1555 longas
198 1478 315 1553 triginta
337 1487 449 1535 veteres
470 1483 614 1552 reliceret,
649 1501 712 1556 quae
734 1479 825 1538 Ostiae
851 1488 965 1548 arants
985 1489 1014 1536 et
1034 1481 1136 1555 viginti

72 1603 164 1642 novas
188 1602 278 1641 naves
300 1585 392 1643 sociis,
409 1585 564 1642 navalibus
583 1587 725 1661 impleret,
748 1595 779 1642 ut
793 1585 1003 1660 quinquaginta
1017 1585 1135 1642 navium

73 1690 166 1746 classe
200 1707 281 1745 oram
317 1690 405 1746 maris
437 1690 562 1747 vicinam
596 1692 661 1748 urbi
682 1693 823 1749 Romanae
852 1691 926 1747 tueri
947 1701 1055 1764 posset.
1101 1688 1135 1747 C.
1153 1692 1187 1747 13

73 1793 247 1867 Calpurnius
276 1794 382 1851 vetitus
412 1796 451 1852 ab
484 1795 602 1862 Arretio
624 1813 742 1853 movere
764 1795 936 1862 exereitum,
968 1794 1022 1850 uisi
1049 1798 1136 1868 quum

73 1916 222 1956 successor
242 1899 383 1967 venisset;
417 1899 493 1956 idem
515 1909 544 1956 et
565 1900 682 1956 Tubulo
704 1901 892 1974 imperatum,
925 1900 1043 1957 atinde
1065 1918 1137 1974 prae-

73 2003 156 2078 cipue
179 2012 303 2072 caveret,
324 2022 361 2059 ne
383 2022 442 2077 qua
462 2022 540 2060 nova
561 2005 682 2062 consilia
703 2013 883 2079 caperentur.

156 2110 301 2165 Praetores
328 2110 358 2164 in
379 2108 544 2182 provincias
566 2108 703 2183 profecti3
735 2110 867 2166 consules
887 2109 989 2184 religio
1012 2112 1137 2176 tenebat,
1188 2104 1232 2173 23

74 2213 161 2286 quod,
190 2213 330 2288 prodigiis
359 2213 471 2286 aliquot
496 2214 644 2284 nuntiatis,
672 2233 731 2271 non
752 2214 839 2272 facile
859 2215 991 2271 litabant.
1040 2213 1080 2271 Et
1101 2217 1167 2271 ex2

74 2315 236 2392 Campania
270 2320 401 2375 nuntiata
434 2325 532 2388 eraut,
573 2317 682 2393 Capuae
710 2320 783 2377 ditas
809 2321 901 2389 aedes,
938 2319 1077 2374 Fortunae
1111 2326 1138 2375 et
1174 2377 1176 2381 ,

72 2421 191 2491 Martis,
232 2431 260 2477 et
293 2423 426 2496 sepulcra
461 2421 572 2496 aliquot
603 2423 639 2478 de
671 2424 740 2480 caelo
776 2434 871 2494 tacta;
912 2423 1011 2482 Cumis
1051 2423 1137 2495 (adeo

74 2525 199 2581 minimis
222 2525 308 2582 etiam
339 2526 425 2582 rebus
447 2545 540 2600 prava
560 2526 662 2601 religio
684 2528 783 2584 inserit
804 2528 886 2604 deos)
910 2546 1005 2585 mures
1027 2527 1056 2583 in
1078 2528 1139 2584 aede

75 2630 155 2685 lovis
185 2647 286 2685 aurum
314 2630 435 2698 rosisse,
475 2627 575 2685 Casini
602 2648 725 2687 examen
754 2633 852 2707 apium
881 2633 983 2706 ingens
1011 2632 1041 2687 in
1073 2632 1138 2688 foro

76 2733 254 2801 consedisse,
276 2742 305 2789 et
329 2732 419 2791 Ostiis
441 2751 553 2789 murum
577 2743 749 2808 portamque
768 2736 804 2791 da
823 2736 892 2792 caelo
916 2744 1035 2805 tactam,
1058 2734 1169 2793 Caere3

74 2837 230 2895 vulturium
259 2838 374 2895 volasse
400 2838 429 2894 in
456 2838 545 2895 aedem
577 2840 674 2910 Iovis,
706 2840 846 2897 Vulsiniis
876 2840 1017 2914 sanguine
1043 2840 1150 2895 lacum·

75 2960 219 3000 manasse.
267 2944 382 2999 Horum
413 2943 612 3017 prodigiorum
642 2963 732 3002 eausa
759 2945 833 3002 diem
856 2963 943 3001 unum
966 2943 1168 3018 supplicatiol

74 3047 137 3106 tuit.
184 3043 244 3104 Per
277 3049 336 3104 dies
369 3048 480 3122 aliquot
512 3050 614 3107 hostiae
646 3051 771 3108 maiores
798 3051 859 3106 sine
887 3050 1018 3107 litatione
1050 3067 1138 3119 caesae,

74 3153 182 3226 diuque
216 3171 273 3208 uon
304 3153 461 3228 impetrata
491 3173 551 3229 pax
579 3155 674 3211 deum.
722 3157 757 3212 Iu
788 3157 884 3231 cupita
906 3153 1074 3222 consulum,
1107 3172 1139 3209 re

75 3259 192 3333 publica
213 3258 358 3327 incolumi,
383 3257 537 3316 exitiabilis
559 3260 757 3334 prodigiorum
781 3269 900 3316 eventus
922 3258 1016 3316 vertit

80 3367 85 3374 “
159 3363 234 3419 Ludi
253 3363 440 3437 Apollinares
466 3363 502 3437 Q.
523 3365 638 3436 Fulvio,
660 3366 739 3439 App.
754 3364 870 3421 Claudio
892 3363 1085 3420 consuliture
1106 3360 1170 3417 Ra

77 3464 211 3523 Cornelio
234 3466 316 3525 Sulla
335 3477 460 3542 praetore
478 3470 591 3526 urbano
607 3469 731 3543 primum
747 3467 817 3525 facti
838 3478 933 3538 erant;
957 3466 1024 3522 inde
1040 3481 1139 3520 omnes

76 3568 211 3644 deinceps
237 3581 374 3645 praetores
397 3573 500 3629 urbani
520 3572 664 3643 fecerant3
686 3574 737 3630 sed
758 3574 788 3629 in
810 3591 896 3629 uuum
920 3570 1026 3628 anuum
1049 3588 1139 3627 vova-

77 3674 148 3731 bant
180 3673 282 3749 dieque
313 3676 423 3733 incerto
454 3676 609 3734 faciebant.
658 3679 703 3734 Eo
743 3695 819 3733 anuo
849 3675 1013 3750 pestilentia
1041 3673 1171 3749 gravisd
1210 3732 1211 3737 χ

76 3779 176 3836 incidit
197 3780 227 3836 iu
251 3782 351 3837 urbem
376 3798 530 3855 agrosque,
551 3801 615 3856 quae
637 3791 733 3839 tamen
750 3781 843 3856 magis
857 3781 886 3837 in
902 3782 1019 3838 morbos
1037 3781 1140 3853 longos

77 3902 165 3958 quam
201 3885 231 3941 in
266 3885 467 3959 perniciabiles
504 3887 606 3946 evasit.
666 3885 738 3943 Eius
773 3885 942 3961 pestilentiae
984 3902 1073 3941 causa
1113 3883 1169 3938 etl
