2704 4552
322 221 378 276 154
581 216 659 266 Liber
675 215 778 266 xxm.
816 215 863 278 [A.
877 229 903 267 u.
918 229 941 268 c.
956 215 1027 278 tut.)

276 399 395 457 Iunonis
410 399 546 469 Laciniae,
568 399 617 456 ubi
638 398 721 456 navis
735 398 849 456 occulta
870 398 899 454 in
922 397 1048 456 statione
1062 405 1147 469 erat,¹
1162 398 1288 474 perveni
1325 429 1337 468 -1

189 559 197 575 ,
245 503 348 560 31nde
375 502 496 578 profecti
528 523 616 578 quum
648 503 738 560 altum
765 512 909 572 tenerent,
938 503 1084 578 conspecti
1111 523 1130 560 a
1160 504 1250 562 classe
1269 503 1295 560 lb
1335 537 1337 574 ι

170 665 173 672 ,
243 613 365 665 4ιιιιιιιι
397 616 477 679 sunt,
511 627 575 683 quae
606 608 741 683 praesidio
764 616 827 665 erat
852 605 995 664 Calabriae
1015 608 1164 668 litoribus.
1209 607 1289 664 Valeri
1335 627 1337 682 ι

276 712 400 770 Flaccus
415 731 549 770 cercuros
564 712 602 770 ad
615 713 844 786 persequendam
856 713 1119 787 retrahendamque
1131 732 1238 772 navem
1252 732 1288 786 qu
1333 749 1337 788 ,

276 817 409 887 misisset,
431 818 525 892 primo
540 804 641 892 fugere
655 817 726 892 regii
742 817 846 887 conati,
869 817 980 888 deinde,
995 817 1044 875 ubi
1059 818 1213 878 celeritate
1226 815 1287 874 vinci
1333 837 1337 892 ι

213 999 216 1006 ⁴
276 931 434 992 senserunt,
456 921 574 979 tradunt
588 939 620 978 ss
634 921 784 992 Romanis,
805 931 834 978 ct
856 922 895 978 ad
915 922 1082 997 praefectum
1097 924 1205 982 classis
1219 922 1301 980 addu

245 1024 365 1101 5quum
390 1035 540 1101 quaereret,
563 1028 612 1100 qui
633 1035 662 1083 et
682 1026 758 1083 unde
779 1035 808 1084 et
830 1045 888 1100 quo
910 1027 1058 1084 tenderent
1081 1046 1219 1100 cursum,
1240 1029 1299 1084 Χί4
1330 1074 1335 1095 ,

276 1133 387 1208 phanes
402 1133 495 1208 primo
518 1132 589 1190 satis
609 1131 667 1188 iam
690 1130 779 1188 semel
802 1130 874 1188 felix
895 1131 1075 1189 mendacium
1091 1142 1219 1203 struere,
1239 1133 1305 1188 aPtl
1331 1155 1332 1158 ¹

275 1237 356 1312 lippo
371 1255 403 1294 se
417 1238 456 1294 ad
469 1238 620 1295 Romanos
641 1236 759 1292 missum
782 1235 820 1292 ad
841 1237 883 1300 Μ,
905 1235 1065 1306 Valerium,
1088 1238 1128 1295 ad
1145 1257 1233 1312 quem
1252 1254 1289 1291 uu
1335 1275 1337 1312 ,

276 1342 331 1399 iter
359 1351 451 1400 tutum
472 1340 575 1412 fuerit,
602 1339 784 1417 pervenisse,
814 1327 1005 1415 Campaniam
1027 1359 1170 1417 superare
1199 1340 1297 1414 nequi

211 1483 213 1488 ,
245 1441 396 1521 6saeptam
426 1447 551 1502 hostium
577 1447 725 1521 praesidiis.
779 1446 894 1504 Deinde
922 1455 954 1502 ut
974 1446 1102 1504 Punicus
1135 1445 1232 1502 cultus
1254 1439 1306 1500 hs'

276 1563 379 1625 tueque
401 1557 550 1625 suspectos
563 1549 675 1624 legatos
690 1548 758 1609 fecit
771 1551 956 1621 Hannibalis,
976 1551 1232 1626 interrogatosque
1245 1565 1296 1604 ser
1333 1612 1336 1621 Ι

247 1652 410 1730 7prodidit,
432 1663 493 1710 tum
515 1654 667 1711 comitibus
683 1673 782 1712 eorum
803 1655 928 1712 seductis
950 1673 984 1711 ac
1006 1664 1084 1712 metu
1099 1654 1220 1724 territis,
1239 1653 1282 1709 litt
1332 1702 1336 1725 ,

277 1778 393 1835 quoque
422 1759 460 1817 ab
487 1759 653 1817 Hannibale
680 1760 719 1816 ad
744 1760 912 1836 Philippum
942 1760 1066 1817 inventas
1092 1769 1121 1816 et
1150 1769 1239 1837 pacta
1262 1757 1297 1812 in
1332 1812 1336 1831 ἵ

244 1859 372 1940 lis-egem
397 1864 591 1922 Macedonum
614 1866 794 1939 Poenumque
813 1866 925 1926 ducem.
973 1864 1085 1937 Quibus
1110 1866 1183 1922 satis
1208 1859 1300 1936 coguit‘
1331 1912 1336 1932 ‚

276 1971 414 2046 optimum
448 1971 541 2027 visum
569 1977 613 2026 est
642 1969 773 2043 captivos
803 1969 980 2044 comitesque
1009 1989 1110 2026 eorum
1139 1970 1261 2027 Romam
1290 1988 1292 1995 ·
1334 2018 1336 2021 .

275 2084 405 2134 senatum
436 2083 488 2131 aut
513 2075 553 2130 ad
578 2073 725 2141 consules,
757 2073 920 2147 ubicunque
949 2082 1059 2144 essent,
1093 2092 1183 2148 quam
1214 2072 1290 2147 primu

244 2172 439 2256 9deportare.
492 2176 542 2234 Ad
566 2177 596 2233 id
629 2177 785 2234 celerrimae
814 2178 941 2252 quinque
966 2196 1056 2235 naves
1082 2178 1203 2236 delectae
1236 2195 1265 2233 ac
1286 2171 1309 2229 L,

276 2283 413 2340 Valerius
435 2281 550 2352 Antias,
571 2281 620 2355 qui
640 2291 786 2356 praesset,
809 2282 926 2352 missus,
949 2281 1032 2355 eique
1054 2277 1311 2352 mandatumst

277 2405 377 2443 omnes
401 2405 491 2442 naves
512 2386 625 2462 legatos
654 2386 811 2462 separatim
839 2385 1042 2444 custodiendos
1067 2385 1211 2445 divideret
1239 2387 1310 2442 dares
1336 2405 1337 2472 p

278 2495 484 2568 que‘operam,
505 2511 541 2550 ne
563 2492 641 2567 quod
663 2491 699 2549 iis
722 2491 895 2565 colloquium
917 2491 991 2547 inter
1011 2509 1043 2548 se
1071 2511 1145 2548 neve
1168 2511 1232 2566 qum
1256 2506 1310 2546 cou-

276 2597 432 2654 municatio
455 2597 565 2654 consilii
590 2604 671 2654 esset.

226 2705 263 2758 10
291 2723 312 2754 a
359 2703 418 2759 Per
439 2704 514 2759 idem
537 2710 651 2776 tempus
672 2702 774 2758 Romae
808 2718 895 2773 quum
927 2704 965 2758 A.
989 2698 1142 2758 Cornelius
1166 2697 1308 2762 Mammula

277 2825 313 2861 ex
337 2805 472 2879 Sardinia
493 2805 643 2881 provincia
672 2804 828 2876 decedens,
851 2805 1010 2877 retulisset,
1031 2807 1092 2880 qui
1121 2815 1214 2864 status
1240 2815 1309 2862 remu

229 2914 259 2966 ll
277 2915 304 2968 in
335 2912 430 2968 insula
460 2919 547 2968 esset:
579 2909 686 2966 bellum
717 2927 751 2966 ac
775 2907 964 2966 defectionem
995 2929 1095 2968 omnes
1119 2920 1262 2986 spectare;
1288 2901 1309 2974 Q·

277 3017 414 3087 Mucium,
434 3016 484 3090 qui
505 3014 688 3072 successisset
709 3013 779 3084 sibi,
808 3013 951 3088 gravitate
979 3014 1040 3071 caeli
1062 3033 1259 3090 aquarumque
1277 3009 1308 3064 sd·

199 3195 203 3208 ι
277 3122 438 3178 venientem
462 3129 629 3194 exceptum,
657 3137 713 3174 non
744 3126 803 3175 tam
833 3119 862 3174 in
889 3119 1081 3193 periculosum
1108 3137 1197 3194 quam
1218 3119 1308 3190 longum

248 3225 410 3281 ·morbum
436 3222 620 3297 implicitum,
650 3223 698 3280 diu
730 3223 768 3279 ad
795 3223 863 3281 belli
892 3223 990 3280 munia
1017 3222 1187 3282 sustinenda
1207 3220 1308 3282 inutilem

226 3326 350 3396 rasore,
373 3327 587 3401 exercitumque
608 3327 649 3384 ibi
670 3335 701 3384 ut
724 3326 795 3386 satis
816 3328 931 3384 firmum
953 3335 1065 3401 pacatae
1086 3328 1241 3403 provincia
1259 3341 1310 3401 pru

277 3433 369 3488 sidem
396 3449 473 3501 esse,
505 3431 546 3488 ita
577 3431 717 3507 imparem
747 3433 839 3502 bello,
873 3432 951 3506 quod
982 3441 1091 3490 motum
1118 3432 1156 3490 iri
1183 3433 1309 3489 videretur.

230 3539 266 3595 13¹
279 3537 467 3592 decreverunt
498 3545 612 3611 patres,
649 3546 681 3594 ut
716 3537 752 3610 Q.
779 3537 900 3593 Fulvius
932 3536 1055 3594 Flaccus
1088 3538 1216 3612 quinque
1246 3530 1310 3592 mulis

279 3639 423 3716 peditum,
459 3642 685 3716 quadringentos
721 3641 831 3714 equites
863 3640 1002 3698 scriberet
1037 3660 1161 3716 eamque
1194 3639 1309 3716 legionen

229 3751 263 3804 14
278 3745 371 3820 primo
394 3765 510 3820 quoque
524 3755 654 3819 tempore
673 3744 702 3800 in
726 3744 890 3802 Sardiniam
910 3746 1106 3804 traiiciendam
1129 3753 1249 3813 curarat,
1268 3739 1311 3798 mit·

280 3860 411 3924 tenetque
432 3869 497 3908 cum
519 3850 656 3925 imperio,
689 3868 773 3923 qnam
796 3850 851 3925 ipsi
877 3849 1035 3920 videretur,
1063 3850 1111 3923 qui
1134 3851 1310 3924 remgerus

226 3954 264 4006 15
281 3954 380 4027 quoad
394 3953 509 4012 Mucius
531 3952 734 4014 convaluisset.
777 3954 826 4010 Ad
848 3972 911 4010 sam
932 3973 992 4010 rem
1013 3954 1117 4012 missus
1137 3963 1180 4012 est
1200 3953 1235 4012 T.
1249 3951 1310 4007 blau·
