2700 4426
423 167 501 218 Liber
519 167 633 218 xxv-11.
671 166 719 231 (A.
734 164 782 217 ch.
797 164 869 230 208.)
1089 172 1128 226 95

106 349 322 408 interfectorum
355 351 412 408 rati
443 351 624 408 occasionem
657 351 791 426 supplicii
821 349 901 425 peti,
939 349 1061 407 remisso
1091 355 1201 408 retro?

107 455 208 513 nuntio
231 455 368 531 (perfuga
389 465 485 513 autem
508 458 658 514 Romanus
680 455 768 529 erat),
789 464 820 511 ut
840 455 902 511 sine
927 455 1037 510 arbitro
1056 455 1171 525 milites,

108 579 172 634 quae
187 558 302 631 vellent,
324 571 451 636 agerent,
475 560 637 635 oppidanos
658 578 711 635 per
732 578 830 617 muros
852 559 989 632 urbisque
1009 570 1174 635 opportuna

106 665 174 724 loca
199 666 230 722 in
258 666 430 723 stationibus
460 665 631 741 disponunt3
666 665 813 721 custodias
843 665 1015 740 vigiliasque
1048 666 1079 722 in
1107 667 1203 723 eamd

106 780 221 829 noctem
259 772 395 828 intentius
432 772 593 840 instruunt3
637 771 714 828 circa
752 780 882 845 portam,
924 788 983 843 qua
1019 781 1170 828 venturum

107 879 220 935 hostem
248 879 401 945 rebantur,
436 877 514 950 quod
541 877 657 933 roboris
685 875 714 931 iu
742 875 876 949 praesidio
899 885 977 946 erat,
1010 888 1170 952 opponunt.

107 981 257 1039 Hannibal
291 991 396 1056 quarta
432 981 530 1055 vigilia
564 979 655 1037 ferme
692 980 731 1037 ad
764 981 864 1037 urbem
901 981 1030 1040 accessit.
1079 980 1201 1038 Primis

107 1087 231 1162 agminis
253 1095 336 1144 eraut
353 1086 481 1161 perfugae
499 1088 698 1143 Romanorum
721 1095 749 1141 et
776 1103 859 1141 arma
869 1087 1003 1142 Romana
1014 1086 1170 1148 habebant.

107 1192 143 1262 Ii,
165 1191 214 1248 ubi
237 1192 275 1248 ad
296 1201 410 1266 portam
433 1201 475 1247 est
496 1198 624 1258 ventum,
648 1188 750 1244 Latine
769 1206 869 1246 omnes
883 1189 1033 1262 loquentes
1045 1190 1172 1247 excitant

107 1297 209 1373 vigiles
237 1297 401 1372 aperirique
430 1303 546 1371 portam
578 1294 694 1350 iubent:
718 1295 866 1350 consulem
888 1293 999 1353 adesse.
1049 1295 1170 1369 Vigiles,
1188 1303 1221 1356 10

108 1402 187 1459 velut
208 1402 245 1458 ad
261 1420 362 1457 vocem
384 1421 484 1458 corum
507 1399 640 1468 excitati,
660 1399 844 1468 tumultuari,
880 1399 1042 1473 trepidare,
1076 1402 1171 1458 moliri

107 1516 232 1583 portam.
281 1506 439 1564 Cataracta
460 1505 572 1563 deiecta
594 1505 694 1561 clausa
717 1513 794 1574 erat;
824 1522 888 1560 eam
911 1504 1017 1578 partim
1039 1505 1170 1561 vectibus

107 1613 224 1682 levant,
260 1611 365 1686 partim
395 1610 511 1668 funibus
540 1610 704 1667 subducunt
733 1609 762 1664 in
789 1617 899 1664 tantum
929 1609 1105 1678 altitudinis,
1140 1620 1171 1666 ut

107 1716 205 1773 subire
225 1715 297 1772 recti
323 1695 450 1792 possent
499 1716 628 1773 Vixdum
657 1715 727 1771 satis
749 1715 869 1788 patebat
890 1714 958 1783 iter,
993 1732 1082 1786 quum
1104 1734 1169 1788 per·
1188 1721 1219 1775 li

107 1819 184 1895 fugae
215 1820 345 1877 certatim
376 1829 463 1876 ruunt
493 1839 545 1895 per
577 1829 707 1895 portam3
738 1828 766 1874 et
797 1837 884 1892 quum
918 1819 1046 1874 sexcenti
1078 1819 1170 1876 ferme

106 1925 280 1995 intrassent,
308 1925 429 1982 remisso
447 1926 525 1997 fune,
548 1945 606 2000 quo
629 1942 770 1998 suspensa
791 1932 868 1992 erat,
892 1931 1041 1979 cataracta
1063 1941 1170 1998 magno

108 2031 203 2087 sonitu
225 2030 336 2088 cecidit.
386 2030 549 2104 Salapitani
574 2029 623 2086 alii
650 2027 789 2104 perfugas
810 2027 989 2102 negligenter
1009 2047 1047 2084 ex
1069 2029 1171 2086 itinere
1187 2031 1221 2087 12

108 2152 247 2210 suspensa
269 2135 410 2206 humeris,
443 2145 475 2191 ut
495 2137 574 2192 inter
591 2143 726 2209 pacatos,
757 2115 902 2207 gerentes
918 2151 1001 2191 arma
1020 2135 1171 2207 invadunt,

107 2239 157 2296 alii
178 2259 193 2295 e
218 2240 290 2295 turri
310 2240 371 2297 eius
387 2250 479 2315 portae
494 2240 641 2313 mumsque
660 2238 749 2309 saxis,
771 2239 900 2309 sudibus,
922 2238 988 2313 pilis
1009 2240 1171 2297 absterrent

106 2344 228 2400 hostem.
276 2345 324 2401 Ita
350 2346 418 2402 inde
446 2344 596 2403 Hannibal
624 2354 738 2400 suamet
757 2343 820 2417 ipse
841 2342 944 2400 frauda
966 2353 1068 2419 captus
1091 2346 1170 2416 abiit,
1188 2344 1222 2400 13

106 2447 312 2528 profectusque
351 2451 388 2511 ad
428 2451 588 2507 Locrorum
628 2448 799 2506 solvendam
841 2448 1035 2518 obsidionem,
1082 2468 1169 2524 quam

106 2553 144 2608 L.
160 2550 276 2608 Cincius
296 2571 409 2609 summa
424 2554 463 2622 vi,
486 2555 621 2628 operibus
636 2563 903 2626 tormentorumque
918 2555 995 2610 omni
1013 2571 1119 2628 genere
1134 2574 1171 2611 ex

108 2656 207 2714 Sicilia
229 2656 360 2726 advecto,
382 2659 579 2731 oppugnabat.
629 2658 751 2731 Magoni
773 2657 831 2713 iam
856 2657 935 2713 haud
957 2656 1048 2715 ferme
1062 2660 1170 2730 fidenti,
1187 2667 1223 2758 il

106 2769 282 2818 retenturum
299 2759 540 2834 defensurumque
561 2779 592 2818 se
613 2763 724 2832 urbem,
743 2762 837 2836 prima
853 2779 919 2836 spes
932 2755 1025 2819 morte
1040 2764 1187 2821 nuntiata

106 2866 238 2922 Marcelli
262 2865 379 2922 affulsit.
427 2866 549 2924 Secutus
574 2865 642 2922 inde
663 2865 795 2935 nuntius,
823 2864 1034 2938 Hannibalem,
1065 2869 1171 2924 Numi·
1187 2874 1222 2928 15

107 2971 208 3027 darum
231 2971 360 3044 equitatu
385 2969 551 3043 praemisse,
580 2970 694 3045 ipsum,
717 2979 856 3046 quantum
880 2971 1042 3027 accelerare
1062 2981 1170 3046 posset,

107 3093 171 3132 cum
199 3075 327 3149 peditum
361 3074 475 3148 agmine
502 3073 594 3147 sequi.
643 3075 749 3150 ltaque
778 3076 828 3132 ubi
859 3076 983 3150 primum
1016 3076 1170 3144 Numidas,
1190 3083 1222 3137 16

108 3181 184 3236 edito
211 3199 227 3236 e
249 3180 371 3254 speculis
400 3179 492 3253 signo,
515 3179 674 3236 adventare
695 3181 799 3251 sensit,
821 3190 850 3238 et
869 3181 933 3256 ipse
954 3179 1101 3255 patefacta
1125 3200 1171 3236 re·

107 3294 192 3359 pente
217 3294 303 3361 porta
329 3284 414 3340 ferox
442 3283 472 3339 in
500 3284 597 3339 hostes
627 3285 759 3359 erumpit.
796 3285 836 3343 Et
857 3287 960 3360 primo,
986 3284 1079 3358 magis
1102 3285 1171 3357 quia

106 3390 264 3464 improviso
293 3391 324 3446 id
351 3389 474 3458 fecerat,
509 3406 596 3462 quarn
629 3389 707 3463 quod
728 3409 783 3465 par
806 3391 915 3448 viribus
938 3396 1030 3458 esset,
1064 3405 1170 3462 anceps

108 3503 253 3550 certamen
275 3502 352 3565 erat;
377 3494 489 3563 deinde,
511 3502 543 3550 ut
566 3510 768 3568 supervenere·
781 3496 930 3565 Numidae,
957 3501 1055 3550 tantus
1076 3511 1171 3567 pavor
1187 3502 1220 3555 17

107 3598 248 3656 Romanis
277 3609 322 3655 est
346 3599 482 3668 iniectus,
517 3605 548 3654 ut
568 3598 676 3671 passim
700 3598 738 3653 ad
761 3618 841 3655 mare
863 3617 896 3654 ac
917 3615 1008 3654 naves
1029 3595 1171 3672 fugerent,

107 3702 214 3760 relictis
244 3703 379 3776 operibus
410 3703 616 3775 machinisque,
639 3701 743 3774 quibus
773 3721 871 3759 muros
900 3696 1076 3776 quatiebadt.
1124 3703 1171 3758 Ita

107 3809 234 3865 adventu
256 3807 431 3864 Hannibalis
452 3808 548 3864 solante
570 3806 730 3861 Locrorum
753 3804 866 3862 obsidio
890 3815 943 3862 est.

198 3910 349 3986 Crispinus
382 3921 537 3986 postquam
569 3910 600 3965 in
628 3910 759 3966 Bruttios
786 3907 946 3984 profectum
974 3906 1168 3966 Hannibalem
1223 3903 1270 3971 29·
