2700 4426
432 212 626 263 nrberxxrv.
662 212 710 278 (A.
728 211 864 276 casn.)
1073 216 1131 280 211

105 396 207 452 sedem
232 397 370 455 violatam
394 415 466 464 esse,
489 406 549 453 turn
572 415 641 453 vero
665 397 751 453 etiam
781 397 831 471 qui
858 405 926 452 ante
952 396 1031 453 dubii
1052 396 1177 466 irrorent,

108 499 241 557 defecere
263 501 300 558 ad
332 503 449 559 Poenos.
504 501 699 575 Hippocrates
720 501 787 558 inde
816 501 1027 576 Murgantiam,
1050 500 1176 559 Himilco
1192 505 1228 559 10

109 605 304 680 Agrigentum
327 626 390 664 sese
414 608 537 682 recepit,
566 624 653 679 quum
684 606 767 662 acciti
799 606 1038 681 aproditoribus
1059 607 1176 681 nequic-

106 728 198 783 quam
228 711 266 767 ad
294 713 430 770 Hennam
466 712 621 770 exercitum
652 711 858 770 admovissent.
913 710 1069 767 Marcellus
1097 717 1176 768 retro
1192 717 1225 768 ll

108 815 138 870 in
154 816 313 874 Leontinos
335 818 423 888 redit,
444 817 648 889 frumentoque
669 824 697 872 et
712 816 920 872 commeatibus
943 815 1007 872 aliis
1028 817 1057 872 in
1080 826 1177 874 castra

70 929 76 936 ⁴
105 921 267 990 convectis,
290 923 424 997 prasidio
440 923 555 979 modico
576 922 616 978 ibi
638 921 747 991 relicto,
770 922 808 976 ad
825 920 985 996 Syracusas
1001 921 1197 978 obsidendas-

107 1024 200 1082 venit.
245 1026 318 1083 Inde
346 1030 424 1102 App.
447 1026 570 1085 Claudio
593 1028 718 1084 Romam
742 1027 779 1082 ud
812 1026 991 1082 consulatum
1020 1025 1173 1100 petendum
1192 1027 1227 1082 12

108 1131 209 1199 misso,
232 1133 266 1190 T.
291 1131 454 1204 Quinctium
471 1129 635 1205 Crispinum
657 1132 686 1188 in
709 1132 770 1188 eius
790 1131 886 1188 locu'm
908 1129 994 1185 classi
1015 1131 1175 1204 castrisque

105 1235 230 1309 praeiicit
253 1237 408 1293 veteribus.
456 1236 524 1309 Ipse
551 1237 739 1294 hibernacula
767 1234 894 1309 quinque
919 1234 1010 1291 millia
1035 1253 1173 1310 passuum
1192 1238 1227 1294 13

103 1340 145 1416 ud
169 1340 326 1417 Hexapylo
351 1344 477 1412 (Leonta
499 1349 605 1398 vocant
625 1341 733 1414 locum)
766 1333 935 1398 communiit
956 1339 1174 1414 aedifioavitque.

109 1445 183 1500 Haec
204 1445 233 1500 in
254 1445 352 1504 Sicilia
373 1446 525 1520 usquead
548 1447 718 1521 principium
741 1444 843 1503 hiemis
865 1454 957 1519 gesta.

193 1551 306 1607 Eadem
335 1560 434 1607 aestate
464 1560 491 1606 et
524 1548 588 1606 cut'n
622 1552 759 1626 Philippo
792 1569 875 1624 rege,
910 1550 988 1623 qnod
1017 1549 1075 1605 iam
1108 1559 1174 1606 ante
1219 1545 1267 1613 40

104 1663 275 1730 suspectum
306 1657 417 1724 fuerat,
450 1664 558 1712 motum
588 1655 692 1711 bellurn
724 1664 776 1712 est.
826 1655 930 1729 Legati
960 1654 997 1709 ab
1020 1651 1108 1710 Orico
1137 1652 1205 1713 ad2

108 1761 153 1822 M.
169 1760 318 1818 Valerium
342 1769 494 1834 praetorem
517 1768 666 1830 venerunt,
688 1759 888 1834 praesidentem
912 1758 998 1816 classi
1018 1757 1174 1814 Brundisio

109 1863 313 1940 Calabriaeque
351 1846 428 1922 circa
462 1864 610 1931 litoribus,
650 1863 814 1919 nuntiantes
845 1863 1014 1938 Philippum
1048 1863 1173 1937 primum

108 1971 299 2046 Apolloniam
324 1978 460 2040 tentasse,
488 1970 590 2026 lembis
612 1968 768 2025 biremibus
797 1977 911 2024 centum
933 1967 1036 2042 viginti
1056 1966 1175 2023 flumine

109 2075 235 2141 adverso
257 2076 442 2144 subvectum3
474 2074 591 2143 deinde,
613 2082 646 2130 ut
664 2091 700 2129 ea
721 2090 767 2128 res
788 2073 901 2130 tardior
930 2091 982 2149 spe
1010 2070 1106 2137 fuerit,
1136 2072 1205 2130 ads

107 2178 229 2238 Oricum
249 2179 322 2236 clam
338 2188 422 2237 nocte
439 2180 596 2237 exercitum
612 2178 787 2246 admovisse,
809 2197 933 2252 eamque
953 2178 1065 2248 urbem,
1087 2177 1172 2234 sitam

107 2283 139 2340 in
171 2284 275 2359 plano,
295 2302 400 2359 ,neque
427 2259 567 2341 moenibus
599 2302 694 2358 neque
715 2282 785 2339 viris
807 2292 895 2357 atque
917 2283 1005 2340 armis
1034 2283 1173 2353 validam,

108 2386 203 2464 primo
226 2389 335 2464 impetu
366 2405 535 2463 oppressam
558 2407 629 2445 esse.
677 2389 751 2444 Haec
777 2386 943 2443 nuntiantes
972 2390 1111 2456 orabant,
1142 2391 1203 2443 utt

108 2513 195 2569 opem
218 2493 306 2550 ferret
327 2494 497 2566 hostemque
522 2493 602 2548 haud
624 2492 742 2549 dubium
764 2492 905 2548 Romanis
927 2493 1000 2549 mari
1028 2512 1062 2549 ac
1094 2501 1173 2549 terra

108 2619 129 2656 a
162 2597 313 2656 maritimis
334 2597 453 2654 urbibus
487 2605 613 2666 arceret,
647 2616 710 2671 quae
734 2598 772 2654 ob
795 2596 903 2653 nullam
935 2597 1022 2653 aliam
1046 2597 1174 2667 oausam,

108 2703 165 2760 nisi
195 2703 274 2777 quod
306 2702 488 2758 imminerent
509 2703 611 2771 Italiae,
639 2709 816 2776 peterentur.
869 2700 911 2756 M.
933 2700 1080 2771 Valerius,
1102 2703 1205 2759 dno-'5

107 2827 174 2866 rum
216 2806 335 2864 millium
379 2807 513 2881 prasidio
549 2809 642 2863 relicto
673 2808 883 2882 propositoque
918 2805 959 2860 eis
989 2807 1025 2864 P.
1054 2806 1174 2863 Valerio

109 2914 225 2988 legato,
253 2930 318 2970 cum
340 2912 433 2968 classe
456 2912 596 2969 instructa
618 2920 782 2985 parataque
807 2919 844 2980 et,
871 2909 947 2983 quod
970 2909 1063 2984 longae
1085 2929 1175 2967 naves

110 3018 233 3075 militum
265 3035 371 3091 capere
392 3035 450 3072 non
468 3024 616 3091 poterant,
649 3016 678 3071 in
710 3015 860 3072 onerarias
893 3015 1050 3089 impositis,
1083 3015 1175 3073 altero

110 3122 158 3180 die
188 3121 307 3180 Oricum
339 3121 485 3195 pervenit3
519 3122 678 3195 urbemque
697 3139 772 3190 eam,
802 3119 859 3176 levi
884 3127 998 3175 tenente
1030 3120 1206 3193 praesidiqd

110 3227 190 3301 quod
221 3226 357 3284 recedens
387 3225 525 3282 inderem
553 3225 723 3300 reliquerat,
771 3224 849 3281 haud
883 3242 990 3298 magno
1018 3227 1175 3283 certamina

72 3324 80 3339 ²
110 3331 228 3405 recepit.
271 3330 376 3404 Legati
400 3349 435 3387 eo
457 3331 494 3387 ab
516 3330 676 3405 Apollonia
697 3338 853 3399 venerunt,
875 3330 1039 3386 nuntiantes
1068 3331 1096 3386 in
1120 3331 1205 3388 ob·7

110 3436 222 3493 sidione
243 3452 322 3503 sese,
354 3434 432 3509 quod
454 3435 575 3491 deficere
604 3436 641 3491 ah
663 3435 803 3492 Romanis
833 3434 956 3502 nollent,
987 3451 1050 3490 esso
1082 3454 1175 3509 neque

109 3541 253 3598 sustinere
276 3539 351 3596 ultra
373 3517 432 3596 uim
448 3539 641 3596 Macedonum
663 3557 759 3614 posse,
782 3539 837 3595 nisi
859 3538 1022 3613 praesidium
1047 3539 1177 3596 mittatur

110 3648 286 3704 Romanurn.
333 3647 492 3702 Facturum
517 3659 557 3712 se,
579 3662 643 3717 quae
672 3643 787 3711 vellent,
817 3642 976 3716 pollicitus,
998 3642 1055 3698 duo
1086 3642 1207 3700 millia8

110 3750 289 3808 delectorum
317 3749 437 3806 militum
467 3748 589 3806 navibus
618 3748 713 3822 longis
743 3748 830 3804 mittit
852 3746 890 3802 ad
918 3747 1022 3802 ostium
1051 3747 1175 3805 fluminis

112 3874 178 3913 oum
200 3853 337 3930 praefeoto
363 3854 473 3910 socium
496 3853 531 3926 Q.
553 3853 658 3910 Naevio
680 3853 785 3920 Crista,
807 3851 871 3907 viro
886 3849 1010 3924 impigro
1033 3860 1061 3907 et
1081 3853 1175 3926 perito

113 3960 231 4020 militiae.
274 3961 319 4026 Is,
346 3959 485 4034 expositis
506 3957 535 4014 in
557 3968 663 4014 terram
686 3956 824 4017 militibus
851 3955 1033 4029 navibusque
1056 3955 1208 4014 Oricum9

931 4056 978 4108 14·
