2704 4552
286 155 342 211 104
561 151 638 200 Liber
656 150 742 200 XXII.
784 151 830 212 (Δ.
842 165 867 202 u.
880 164 903 201 c.
916 149 989 212 5³8.)

209 335 325 410 erugo
357 353 483 408 namque
517 334 555 391 ed
587 334 686 392 Aliam
724 332 798 392 sicut
835 335 934 390 urbem
970 332 1118 408 prodidit,
1158 331 1206 388 ita
1242 356 1267 375 2

241 441 328 497 citam
361 439 505 509 seruerim
545 439 582 496 ed
614 438 732 498 Cannas
764 438 922 514 fugientem
955 438 1103 496 consulem
1141 437 1199 494 vix
1236 453 1271 508 q

241 545 380 620 quaginta
410 545 501 602 secuti
529 553 610 614 sunt,
645 542 763 600 alterius
785 543 933 600 morientis
965 561 1056 618 prope
1089 552 1177 600 totus
1207 559 1265 603 w
1282 550 1297 583 ³

240 662 286 708 tus
308 650 373 710 fuit.

210 755 227 808 4
324 756 406 814 Binis
434 754 588 811 incastris
612 772 699 828 quum
733 756 886 812 multitudo
913 753 1074 812 semiermis
1101 754 1169 812 sins
1194 751 1297 818 ducib

240 872 325 931 esset,
356 860 497 928 nuntium,
519 859 569 934 qui
592 859 621 915 in
643 861 803 918 maioribus
825 871 917 929 erant,
940 860 1070 930 mittunt,
1104 859 1178 916 dum
1204 855 1295 932 praeli·

239 966 343 1023 deinde
365 985 403 1023 ex
425 964 525 1022 latitia
551 965 642 1038 apulis
667 965 806 1041 fatigatos
837 966 918 1040 quies
950 977 1093 1024 nocturna
1119 966 1228 1022 hostes
1252 981 1295 1036 p>

240 1082 347 1140 meret,
377 1079 409 1128 ut
436 1069 474 1128 ad
506 1089 538 1127 se
569 1070 740 1127 transirent:
768 1089 826 1128 uno
855 1072 971 1148 agmine
993 1070 1156 1130 Canusium
1179 1067 1294 1125 abituro

210 1173 312 1234 5esse.
367 1176 443 1234 Eam
469 1175 641 1232 sententiam
669 1175 719 1232 alii
747 1185 839 1234 totam
864 1176 1030 1251 aspernari;
1062 1194 1115 1232 eur
1136 1175 1219 1232 enim
1239 1171 1294 1228 ab:

241 1283 291 1356 qui
312 1300 343 1338 se
366 1290 526 1350 arcessant,
546 1280 627 1355 ipsos
649 1299 708 1338 non
730 1282 842 1351 venire,
866 1299 954 1355 quum
975 1300 1058 1356 aequa
1080 1277 1223 1354 coniungi
1245 1296 1289 1351 pa:

241 1385 325 1444 sent?
348 1387 416 1461 quia
437 1385 572 1442 videlieet
593 1385 679 1459 plena
699 1386 825 1442 hostium
849 1386 948 1442 omnia
968 1386 999 1442 iu
1023 1385 1120 1444 medio
1143 1393 1258 1448 esseut,
1285 1408 1294 1429 ιη

240 1491 363 1548 aliorum
395 1509 481 1564 quam
513 1507 567 1546 sua
594 1507 720 1564 corpora
751 1500 832 1546 tanto
865 1491 993 1565 periculo
1007 1491 1143 1548 »mallent
1176 1489 1304 1546 obiicere.

209 1593 315 1652 talliis
340 1613 398 1652 non
421 1604 480 1652 tarn
506 1596 648 1652 sententia
679 1596 831 1671 displicere
863 1614 951 1669 quam
980 1596 1094 1652 animus
1117 1596 1230 1652 deesse.
1271 1591 1298 1646 P.

240 1700 428 1775 Sempronius
451 1697 616 1757 Tuditanus
639 1702 769 1758 tribunus
792 1700 913 1757 militum
938 1698 1032 1774 ,Capi
1053 1719 1125 1775 argo
1151 1695 1299 1756 mavultir

239 1806 333 1880 inquit
356 1806 413 1875 „ab
437 1805 610 1864 avarissimo
625 1815 653 1863 et
670 1805 868 1862 crudelissimo
883 1806 977 1874 hoste,
999 1805 1197 1879 aestimarique
1212 1800 1298 1876 capita

239 1921 337 1968 vestra
361 1921 389 1969 et
411 1911 525 1984 exquiri
546 1912 641 1986 pretia
663 1912 701 1968 ab
722 1909 978 1984 interrogantibus,
1000 1912 1153 1970 Romanus
1175 1909 1247 1967 civis
1268 1904 1299 1960 sit

240 2035 277 2072 an
306 2017 428 2074 Latinus
459 2017 569 2086 socius,
602 2026 633 2072 ut
665 2035 702 2072 ex
731 2024 780 2072 tua
812 1999 986 2072 contumelia
1014 2026 1043 2073 et
1079 2016 1198 2074 miseria
1226 2007 1296 2070 alteri

211 2114 333 2178 7honos
362 2121 527 2195 quaeratur?
573 2111 642 2180 Non
675 2133 722 2191 tu,
755 2120 779 2176 si
812 2120 927 2194 quidem
963 2121 997 2181 L.
1027 2121 1145 2180 AEmilii
1172 2117 1298 2178 consulis.

241 2226 290 2300 qui
312 2243 343 2282 se
365 2227 439 2282 bene
462 2227 536 2283 mori
560 2245 647 2301 quem
670 2225 793 2301 turpiter
814 2225 911 2282 vivere
934 2225 1051 2296 maluit,
1082 2236 1111 2284 st
1141 2234 1184 2284 tot
1211 2221 1297 2282 fortis·

151 2409 155 2418 ι
241 2330 378 2388 simorum
401 2329 539 2401 virorum,
563 2332 611 2406 qui
634 2332 712 2390 circa
741 2349 806 2388 eum
829 2330 966 2388 cumulati
987 2330 1100 2402 iacent,
1129 2331 1208 2388 cives
1231 2327 1294 2385 estis.

210 2434 301 2493 used
323 2445 479 2508 antequam
502 2437 640 2513 opprimit
663 2439 715 2494 lux
737 2433 906 2509 maioraque
928 2436 1053 2492 hostium
1077 2437 1197 2512 agmina
1217 2436 1295 2491 obsa-

240 2541 323 2616 piunt
349 2541 417 2608 iter,
447 2559 500 2615 par
527 2543 595 2612 hos,
625 2543 675 2618 qui
703 2539 859 2596 inordinati
881 2549 968 2614 atque
989 2541 1176 2616 incompositi
1195 2541 1294 2597 obstre-

210 2645 313 2720 9punt
334 2645 436 2720 portis,
461 2665 657 2722 erumpamus.
709 2647 802 2704 Ferro
823 2653 912 2718 atque
934 2645 1058 2702 audacia
1079 2649 1125 2702 via
1145 2647 1179 2702 fit
1205 2662 1295 2719 quem·

240 2751 284 2807 vis
316 2769 368 2825 per
400 2749 546 2807 confertos
575 2754 684 2811 hostes.
738 2750 837 2808 Cuneo
867 2751 983 2823 quidem
1012 2751 1068 2808 hoc
1096 2751 1197 2807 laxum
1219 2757 1295 2822 atque
1342 2814 1343 2817 Ἴ

193 2921 202 2932 .
241 2856 366 2913 solutum
391 2874 510 2931 agmen,
540 2866 571 2912 ut
592 2857 617 2913 si
639 2856 708 2913 nihil
732 2856 841 2923 obstet,
872 2855 1007 2913 disiicias.
1059 2856 1166 2930 Itaque
1187 2855 1226 2911 ite
1245 2871 1296 2908 me·

241 2982 321 3032 eum,
352 2962 401 3037 qui
435 2970 463 3018 et
485 2971 598 3018 vosmet
621 2962 701 3042 ipsos
733 2970 761 3017 et
782 2978 842 3016 rem
873 2959 1017 3034 publicam
1051 2961 1165 3016 salvam
1190 2958 1293 3016 vultis!

192 3066 313 3124 leaeo
339 3067 389 3123 ubi
419 3066 497 3123 dicta
527 3066 622 3137 dedit,
653 3065 767 3140 stringit
795 3065 939 3140 gladium,
976 3084 1127 3140 cuneoque
1155 3065 1233 3124 facto
1252 3080 1295 3138 per

192 3171 223 3224 ll
241 3172 351 3228 medios
371 3171 453 3228 vadit·
474 3170 587 3240 hostes,
619 3178 663 3238 et,
693 3190 781 3245 qaum
804 3170 834 3226 in
856 3171 931 3228 latus
954 3171 1103 3240 dextrum,
1125 3172 1205 3245 quod
1225 3181 1294 3246 pate·

241 3279 305 3346 bat,
340 3275 482 3356 Numidae
504 3273 709 3345 iacularsntar,
742 3276 890 3334 translatis
922 3277 951 3332 in
983 3277 1116 3334 dextrum
1140 3275 1242 3344 scutis,
1271 3274 1293 3330 in

241 3381 353 3438 maiora
387 3389 485 3438 caetra
511 3379 549 3436 ad
582 3389 736 3437 sexcentos
759 3392 922 3452 evaserunt,
955 3390 1042 3455 atque
1069 3381 1136 3438 inde
1166 3381 1291 3456 protinus,

173 3499 177 3504 ·
240 3485 297 3542 alio
321 3503 427 3560 magno
450 3486 567 3560 agmine
590 3485 741 3554 adiuncto,
763 3483 921 3542 Canusium
946 3485 1104 3545 incolumes
1126 3486 1290 3562 perveniunt.

145 3639 149 3644 .
191 3590 312 3650 12Haec
345 3589 423 3664 apud
452 3591 545 3648 victos
576 3591 670 3665 magis
700 3589 809 3664 impetu
839 3590 1018 3660 animorum,
1052 3610 1138 3666 quem
1160 3592 1290 3666 ingenium

241 3714 323 3763 suum
354 3696 458 3771 cuique
489 3707 540 3752 aut
568 3695 629 3750 fors
659 3692 764 3762 dabat,
793 3711 881 3766 quarn
904 3713 941 3750 ex
963 3694 1083 3752 consilio
1105 3696 1233 3771 ipsorum
1252 3703 1291 3751 aut
1342 3716 1343 3803 q

240 3802 362 3877 imperio
386 3802 555 3877 cuiusquam
580 3800 750 3875 agebantur.

145 3903 187 3971 51
323 3906 490 3964 Hannibali
515 3905 620 3963 victori
654 3921 741 3976 quum
775 3904 862 3960 ceteri
895 3903 1061 3960 circumfusi
1092 3907 1289 3979 gratularentur
