2700 4426
421 203 511 253 ‘aruer
529 203 630 253 xxm.
668 205 866 270 (acuere.)
915 175 920 180 ’
1083 215 1133 271 131

114 387 255 460 talenta†
278 383 486 462 dictatorque¹)
501 379 565 445 'cnm
582 388 711 463 Magone
725 391 754 446 in
769 390 943 464 Hispaniam
959 383 1123 467 praemissus
1139 402 1211 456 est8

115 494 154 549 ad
176 492 364 549 conducenda
386 491 488 566 viginti
510 492 600 550 millia
624 494 768 569 peditum,
791 504 930 568 quattuor
951 499 1095 573 equitum,
1119 503 1180 576 qui·

116 599 170 653 bus
183 598 334 666 exereitus,
349 595 439 671 quiin
450 597 537 654 Italia
549 599 657 675 quique
668 601 696 657 in
709 600 854 675 Hispania
865 611 956 672 erant,
968 606 1182 680 supplerentur.

200 701 334 760 Ceterum
367 703 444 770 haec,
481 712 512 759 ut
539 704 569 759 in
590 705 722 761 secundis
744 707 846 776 rebus,
877 708 1002 780 segniter
1023 709 1181 784 otioseque
1236 710 1276 778 14

113 813 211 882 gesta3
247 810 397 867 Romanos
429 817 534 882 praeter
568 809 683 866 insitam
717 810 888 868 industriam
925 814 1027 870 animis
1061 814 1180 872 fortuna

114 907 352 971 etiam'cunctari
370 914 552 988 prohibebat.
596 916 675 972 Nam
698 934 751 972 nec
773 911 873 973 consul
896 917 946 973 ulli
967 920 1018 989 rei,
1042 938 1106 994 quae
1128 926 1209 996 pera

112 1037 180 1076 eum
203 1020 317 1094 agenda
341 1027 432 1091 esset,
455 1020 569 1091 deerat,
591 1030 620 1077 et
642 1021 765 1078 dictator
790 1023 830 1078 M.
852 1023 953 1079 Iunius
974 1025 1066 1095 Pera,
1093 1027 1183 1106 rebus¹

113 1125 218 1182 divinis
249 1123 386 1200 perfectis
411 1125 544 1200 latoque,
576 1134 608 1182 ut
635 1126 723 1191 solet,
756 1127 794 1184 ad
825 1129 980 1202 populum,
1014 1139 1045 1187 ut
1074 1151 1179 1206 equum

111 1230 268 1288 escendere
289 1230 396 1301 liceret,
419 1242 523 1307 praeter
545 1231 617 1288 duas
640 1233 768 1289 urbanas
790 1232 929 1308 legiones,
952 1253 1015 1308 quae
1037 1235 1178 1311 principio

113 1335 182 1391 anni
206 1355 224 1392 a
257 1336 421 1393 consulibus
452 1337 620 1412 conscriptae
647 1337 776 1408 fuerant,
809 1348 837 1394 et
865 1357 1015 1396 servorum
1037 1340 1178 1413 ,dilectum

113 1442 307 1516 cohortesque
328 1461 365 1498 ex
387 1459 458 1516 agro
482 1443 590 1500 Piceno
614 1453 643 1499 et
664 1441 779 1500 Gallico
802 1422 952 1515 collectas,
986 1445 1023 1500 ad
1045 1445 1207 1508 ultimum3

111 1524 204 1620 prope
226 1547 386 1620 desperatae
406 1548 449 1604 rei
471 1547 592 1622 publica
615 1548 769 1617 auxilium,
801 1566 889 1621 quum
911 1550 1034 1606 honesta
1059 1552 1177 1608 utilibus

111 1646 410 1722 cedunt,‘descendit,
434 1653 594 1728 edixitque,
626 1653 675 1726 qui
699 1652 851 1727 capitalem
873 1653 1004 1710 fraudem
1028 1655 1091 1711 ausi
1114 1657 1176 1730 qui-

112 1772 169 1828 que
191 1757 320 1831 pecuniae
340 1757 459 1814 iudicati
488 1757 517 1813 in
550 1757 672 1813 vinculis
695 1767 805 1827 essent,
839 1759 888 1833 qui
916 1777 1014 1815 eorum
1046 1761 1123 1834 apud
1145 1780 1177 1817 se

111 1860 217 1918 milites
243 1864 360 1932 fierent,
394 1881 443 1920 eos
477 1881 555 1919 noxa
577 1862 757 1937 pecuniaque
786 1878 849 1917 sese
877 1863 988 1919 exsolvi
1019 1864 1173 1926 iussurum.

109 1967 157 2024 Ea
190 1986 242 2024 sex
273 1968 363 2025 rnillia
394 1968 541 2025 bominum
573 1967 696 2025 Gallicis
724 1966 839 2040 spoliis,
870 1986 934 2041 quae
967 1969 1113 2043 triumpho
1142 1969 1231 2029 dt

113 2072 252 2129 Flaminii
274 2072 414 2129 translata
437 2082 535 2141 erant,
560 2069 694 2138 armavit,
716 2070 814 2142 itaque
838 2089 901 2128 curn
923 2072 1026 2147 viginti
1049 2074 1176 2148 quinque

110 2176 244 2234 millibus
261 2165 440 2235 armatorum
463 2179 500 2235 ab
522 2179 594 2234 urbe
615 2173 816 2249 proficiscitur.

212 2282 371 2352 Hannibal,
396 2281 500 2358 Capua
521 2290 647 2355 recepta,
670 2297 759 2353 quum
786 2279 889 2335 iterum
912 2280 1205 2356 Neapolitanorum5

110 2387 225 2443 animos
255 2388 360 2462 partim
383 2406 443 2462 spe,
474 2386 593 2462 partim.
614 2393 691 2441 metu
727 2383 918 2457 nequicquam
956 2393 1110 2458 tentasset,
1144 2391 1173 2446 in

109 2508 214 2564 agrum
234 2491 382 2548 Nolanum
413 2491 570 2548 exercitum
598 2489 739 2557 traducit,
766 2498 798 2544 ut
822 2507 881 2544 non
903 2490 1045 2548 hostiliter
1066 2495 1205 2564 statim,ss

109 2596 180 2670 quia
195 2601 260 2652 non'
270 2598 449 2672 desperabat
463 2595 656 2653 voluntariam
672 2593 856 2663 deditionem,
877 2594 928 2665 ita,
950 2594 975 2650 si
993 2608 1187 2667 morarentur¹

110 2718 203 2775 spem,
225 2702 296 2758 nihil
318 2721 428 2771 eorum,
451 2721 515 2776 quae
536 2700 597 2778 pati
619 2709 670 2756 aut
691 2699 793 2755 timere
814 2708 942 2772 possent,
964 2703 1175 2774 praetermissu-

107 2822 168 2862 rus.
216 2805 351 2877 Senatus,
375 2825 409 2864 ac
431 2807 558 2863 maxime
572 2806 714 2880 primores
737 2803 807 2872 eius,
828 2803 858 2859 in
880 2803 1018 2863 societate
1038 2809 1203 2871 Romana?

107 2926 174 2966 curn
207 2911 264 2967 fide
295 2922 440 2986 perstare3
470 2911 552 2986 plebs
584 2928 742 2980 novarum,
774 2916 806 2964 ut
836 2907 925 2976 solet,
957 2927 1053 2967 rerum
1086 2922 1174 2987 atque

107 3013 285 3071 Hannibalis
306 3025 369 3073 tota
400 3034 464 3072 esse
485 3024 651 3088 metumque
680 3032 817 3088 agrorum
844 3012 1040 3087 populationis
1071 3027 1099 3073 et
1120 3038 1174 3094 pa-

107 3119 209 3176 tienda
229 3120 259 3176 in
282 3121 432 3178 obsidione
457 3122 547 3177 multa
561 3119 666 3196 gravia
686 3118 862 3192 indignaque
876 3136 1040 3192 proponere
1061 3124 1174 3194 animo;

106 3242 204 3298 neque
230 3236 362 3285 auctores
385 3226 553 3283 defectionis
575 3225 703 3280 deerant.
751 3222 857 3296 Itaque
886 3223 936 3279 ubi
957 3235 1090 3285 senatum
1113 3231 1204 3287 me-8

106 3339 154 3386 tus
177 3330 262 3405 cepit,
293 3332 318 3395 si
338 3331 493 3406 propalam
516 3331 679 3398 tenderent,
710 3328 804 3384 resisti
825 3327 1000 3386 multitudini
1022 3335 1173 3390 concitatae

105 3453 167 3492 non
203 3454 306 3511 posse,
343 3436 469 3493 secunda
505 3435 667 3492 simulando
705 3431 871 3490 dilationem
909 3434 979 3490 mali
1013 3436 1172 3499 inveniunt.

105 3540 329 3598 Placereenim
350 3540 404 3597 sibi
429 3539 618 3597 defectionem
644 3541 682 3597 ad
705 3538 901 3597 Hannibalem
924 3539 1075 3611 simulant;
1109 3546 1172 3618 qui·
1186 3547 1205 3601 9

105 3643 161 3699 bus
183 3653 280 3700 autern
308 3645 524 3702 condicionibus
545 3646 575 3702 in
596 3645 690 3702 foedus
712 3643 926 3717 amicitiamque
948 3662 1055 3702 novam
1078 3656 1171 3705 trans·

105 3757 189 3818 eant,
217 3767 320 3822 parurn
350 3760 491 3812 constare.
539 3753 586 3808 Ita
607 3751 702 3825 spatio
724 3758 839 3823 sumpto
854 3748 966 3821 legatos
987 3768 1111 3824 propere
1134 3753 1170 3809 ad
1187 3757 1223 3811 10

150 3917 174 3984 ¹)
193 3921 224 3969 In
254 3908 344 3973 litteris
371 3926 519 3974 dictator
546 3924 610 3972 latet
629 3935 750 3971 numerus
774 3927 799 3967 et
822 3933 918 3968 nornen
941 3919 1053 3970 hominis
1079 3922 1170 3983 (reluta
1204 3979 1207 3984 Ι

196 3990 252 4040 Dc.
272 3991 458 4058 Beatarque
477 4004 522 4044 aut
544 3994 577 4042 D.
599 3991 824 4050 Carthaloque
843 3989 988 4049 similiave).

937 4074 967 4123 9,
