2700 4426
426 216 506 267 csso
522 216 611 268 xxv.
649 217 847 282 (scum.)
933 281 937 287 ,
1071 219 1130 275 235

106 397 264 456 maritimis
291 399 502 458 commeatibus
529 400 707 476 propiusque
736 402 865 476 inopiam
896 410 981 465 erant
1008 400 1174 457 obsidentes

105 521 197 577 quam
231 503 352 563 obsessi.
395 503 555 573 Hannibal,
591 507 758 565 convocatis
789 506 967 581 principibus
998 504 1174 572 Tarentinis,
1190 505 1224 561 12

107 626 210 665 omnes
225 617 380 683 presentes
395 606 580 665 difficultates
596 611 744 685 exposuit:
766 630 860 685 nequo
879 611 954 669 arcis
975 619 1036 668 tam
1058 608 1174 664 munitas

104 703 313 788 'expugnanda
343 731 461 770 cernere
483 712 561 770 viam
591 733 686 789 neque
707 715 735 772 in
764 716 1099 790 obsidionequicquam
1120 713 1173 769 ha·
1209 789 1212 792 ἢ

108 818 179 876 bere
200 818 279 893 spei,
309 818 400 875 donec
422 819 496 875 mari
523 820 622 876 hostes
648 821 812 895 potiantnr3
841 822 920 897 quod
940 822 966 879 ai
986 838 1077 877 naves
1107 818 1173 888 sint,
1190 818 1225 875 13

107 923 214 998 quibus
235 931 414 980 commeatus
436 923 533 980 invehi
558 926 724 999 prohibeat,
746 927 892 1002 extemplo
915 935 965 983 aut
986 926 1173 982 abscessuros

108 1035 161 1084 aut
190 1028 339 1085 dedituros
367 1046 400 1085 se
428 1029 534 1086 hostes.
582 1031 826 1088 Assentiebantnr
852 1029 1018 1097 Terentiui3
1046 1036 1173 1084 ceterum
1190 1029 1225 1084 14

107 1130 144 1200 ei,
167 1131 217 1204 qui
232 1131 383 1189 consilium
399 1131 524 1199 afferret,
547 1153 631 1210 opem
648 1153 765 1208 quoque
786 1136 815 1192 in
837 1154 901 1193 eam
916 1154 978 1192 rem
994 1131 1172 1191 afferendam

107 1237 267 1294 censebant
294 1254 366 1293 esse.
419 1238 547 1295 Punicas
578 1239 654 1295 enim
686 1257 777 1295 naves
805 1257 841 1295 ex
872 1238 972 1296 Sicilia
1004 1238 1111 1294 accit-as
1142 1237 1173 1294 id
1189 1239 1224 1294 15

106 1359 195 1416 posse
212 1340 322 1410 facere3
346 1360 424 1410 suas,
448 1332 511 1415 quae
526 1343 589 1400 sinu
605 1345 712 1419 exiguo
726 1345 803 1400 intus
819 1343 936 1400 inclusas
957 1351 1062 1412 essent,
1084 1361 1173 1415 quum

107 1445 236 1502 claustra
250 1455 351 1520 portus
372 1447 464 1504 hostis
487 1448 620 1517 haberet,
643 1449 887 1522 quemadmodum
909 1447 977 1503 inde
998 1447 1027 1502 in
1040 1455 1172 1521 apertum

107 1569 189 1608 mare
204 1550 362 1608 evasuras?
379 1553 550 1620 „Evadent“
567 1553 661 1627 inquit
671 1553 844 1610 Hannibal:
865 1554 988 1623 „Multa
1004 1571 1067 1626 quae
1081 1551 1172 1625 impe·
1188 1550 1225 1605 16

107 1655 170 1712 dita
190 1664 295 1714 natura
316 1665 391 1726 sunt,
407 1657 527 1713 consilio
542 1659 742 1732 expediuntur.
790 1658 900 1719 Urbem
923 1659 952 1715 in
967 1675 1071 1731 campo
1086 1655 1171 1711 sitam

107 1760 235 1828 habetis;
256 1761 351 1836 planae
372 1768 401 1817 et
415 1761 486 1817 satis
506 1761 573 1818 lata
593 1762 648 1818 viar
670 1771 770 1836 patent
790 1764 819 1820 in
834 1781 935 1820 omnes
949 1769 1055 1838 partes.
1103 1760 1172 1829 Via,
1188 1760 1222 1814 17

107 1882 172 1938 qnae
185 1883 203 1920 e
216 1873 303 1939 portu
318 1884 370 1940 per
381 1865 505 1923 mediam
517 1867 617 1922 urbem
633 1869 671 1924 ad
686 1888 767 1925 mare
781 1868 952 1924 transmissa
968 1875 1021 1935 eet,
1034 1865 1173 1940 plaustris

107 1969 294 2025 transveham
310 1993 401 2030 naves
415 1975 494 2032 haud
510 1991 617 2046 magna
632 1973 717 2043 mole,
737 1982 766 2029 et
788 1991 867 2028 mare
882 1979 1013 2039 nostrum
1028 1970 1091 2037 erit,
1114 1986 1172 2043 quo

106 2091 183 2131 nunc
203 2075 302 2132 hostes
323 2079 486 2153 potiuntur,
510 2089 538 2136 et
558 2077 635 2134 illinc
657 2078 746 2148 mari,
767 2077 833 2136 hinc
850 2085 929 2133 terra
952 2073 1172 2132 circumsedebi-

109 2197 174 2236 mus
197 2200 308 2250 arcem3
340 2181 430 2240 immo
459 2184 540 2241 brevi
566 2191 617 2239 aut
646 2183 776 2240 relictam
804 2183 841 2238 ab
869 2179 1001 2237 hostibus
1033 2186 1084 2235 aut
1107 2195 1171 2234 cum

106 2283 179 2359 ipsis
200 2286 332 2342 hostibus
354 2287 530 2362 capiemus.“
576 2289 653 2344 'Herc
675 2288 769 2344 oratio
790 2305 849 2343 non
872 2303 952 2360 spem
975 2279 1224 2341 modoetiae-18

107 2397 164 2459 tus,
186 2391 237 2446 sed
256 2391 404 2466 ingentem
427 2392 513 2449 etiam
536 2393 616 2449 ducis
639 2393 859 2450 admirationem
889 2389 966 2449 fecit.
1015 2387 1174 2446 Contracta

108 2496 255 2569 extemplo
280 2496 408 2570 undique
429 2498 560 2572 plaustra
580 2498 736 2571 iunctaque
757 2497 832 2553 inter
852 2515 892 2565 se,
924 2504 952 2551 et
973 2493 1114 2550 machinae
1135 2492 1173 2547 ad

108 2600 311 2657 subducendas
338 2619 428 2656 naves
457 2602 597 2672 admota,
630 2593 829 2675 munitumque
850 2601 917 2667 iter,
951 2617 1009 2672 quo
1041 2597 1174 2654 faciliora

108 2704 241 2779 plaustra
265 2705 417 2778 minorque
445 2706 537 2762 moles
561 2707 591 2763 in
620 2708 741 2763 transitu
765 2715 848 2762 esset.
899 2704 1033 2760 Iumenta
1054 2702 1121 2759 inde
1145 2711 1174 2758 et
1190 2697 1225 2752 19

109 2809 240 2866 homines
269 2810 411 2866 contracti
439 2819 468 2866 et
497 2829 570 2885 opus
592 2811 715 2885 impigre
736 2818 877 2883 coeptum
908 2826 1077 2881 paucosque
1106 2815 1174 2881 post

69 2954 72 2959 -
109 2913 172 2971 dies
200 2914 301 2972 classis
331 2913 472 2971 instructa
501 2933 536 2970 ac
557 2923 662 2988 parata
682 2895 905 2970 circumvehitur
929 2930 1025 2969 arcem
1054 2921 1083 2966 et
1107 2918 1174 2966 ante

109 3034 144 3074 os
169 3017 264 3092 ipsum
287 3029 388 3092 portus
404 3038 528 3076 ancoras
548 3018 625 3076 iacit.
672 3020 760 3075 Hunc
781 3026 888 3073 statum
912 3035 1008 3073 rerum
1023 3015 1174 3072 Hannibal
1187 3010 1225 3066 20

111 3122 233 3180 Tarenti
248 3122 393 3196 relinquit,
416 3121 565 3198 regressus
586 3122 700 3196 ipsein
721 3121 852 3178 hiberna.
900 3119 1034 3178 Ceterum
1051 3119 1174 3177 defectio

111 3226 336 3284 Tarentinorum
358 3237 453 3285 utrum
476 3229 573 3304 priore
584 3245 660 3284 anno
681 3245 720 3283 an
734 3227 790 3283 hoc
810 3225 889 3283 facta
910 3226 957 3294 sit,
977 3225 1007 3281 in
1028 3225 1174 3281 diversum

110 3339 245 3389 auctores
270 3334 404 3389 trahunt:
432 3334 530 3409 plures
556 3333 766 3408 propioresque
793 3339 878 3386 aetate
903 3328 1050 3386 memoria
1077 3347 1174 3385 rerum

110 3436 167 3492 hoc
188 3454 266 3493 anuo
288 3435 395 3493 iactam
417 3438 544 3499 tradunt.
1113 3437 1116 3441 ’

194 3542 296 3598 &mm
328 3542 460 3598 consules
491 3551 688 3615 praetoresque
717 3559 809 3614 usque
840 3548 908 3596 ante
934 3539 1009 3595 diem
1043 3538 1175 3612 quintum
1228 3527 1270 3597 12
1338 3528 1341 3532 ¹

110 3645 248 3702 calendas
270 3647 366 3703 Maias
390 3647 502 3703 Latinae
524 3654 689 3714 tenuerunt3
713 3664 748 3701 eo
770 3645 826 3714 die,
847 3652 1014 3718 perpetrato
1037 3661 1122 3699 sacro
1143 3640 1205 3698 ins

110 3756 224 3819 moute,
259 3749 291 3805 in
325 3768 393 3806 suas
426 3750 548 3824 quisque
578 3749 744 3825 provincias
776 3747 1005 3823 proficiscuntur.
1059 3745 1174 3821 Religio

85 3853 215 3910 *deinde
236 3872 315 3911 nova
343 3855 457 3912 obiecta
478 3863 578 3911 estex
600 3854 775 3911 carminibus
795 3851 962 3910 Marcianis.
1012 3852 1105 3908 Vates
1128 3850 1206 3907 hies

111 3958 241 4016 Marcius
273 3958 392 4015 illustris
405 3957 523 4029 iuerat,
555 3967 584 4015 et
606 3977 693 4032 quom
717 3956 890 4031 conquisitio
920 3955 1019 4031 priore
1040 3974 1117 4013 anuo
1139 3973 1177 4013 ex
