2748 4556
379 253 457 302 urso
474 253 561 302 xxx.
600 252 709 316 (aaa
724 253 797 315 roe.)
1012 233 1082 310 '253

31 435 251 505 afferentium,
274 437 387 512 magnis
408 437 556 494 itineribus
578 439 700 494 Zamam
724 437 880 496 contendit.
925 439 1018 495 Zama
1041 436 1155 512 quin-2

33 557 104 616 que
142 543 258 600 dierum
284 543 340 598 iter
367 560 385 598 a
414 541 593 616 Carthagine
620 545 712 602 abest.
763 544 836 600 Inde
857 544 997 620 premissi
1019 561 1123 618 specu-

34 646 165 702 latores
198 665 296 721 quum,
325 647 438 722 excepti
460 667 478 704 a
501 648 668 704 custodibus
690 649 840 717 Romanis,
864 649 979 706 deducti
1002 649 1039 705 ad
1062 648 1124 706 Sci·

36 750 174 824 pionem
198 762 308 824 essent,
335 752 458 810 traditos
480 771 530 810 eos
553 755 675 812 tribunis
696 753 818 810 militum
840 753 992 828 iussosque
1016 754 1123 812 omisso

40 865 132 912 metu
156 856 253 913 visere
275 859 373 915 omnia
396 877 447 934 per
468 869 584 930 castra,
607 879 665 935 qua
686 859 806 928 vellent,
828 858 1003 916 circumduci
1023 859 1122 925 iussit3

38 970 320 1037 percontatusque,
356 959 440 1020 satin'
473 984 527 1039 per
553 967 736 1024 commodum
777 967 876 1022 omnia
913 959 1156 1039 explanaret

39 1069 139 1138 datie,
164 1069 215 1141 qui
236 1079 488 1144 prosequerentur,
509 1080 588 1128 retro
611 1073 649 1128 ad
671 1071 865 1128 Hannibalem
885 1070 1001 1130 dimisit.
1038 1067 1152 1127 Han-t

39 1173 134 1231 nibal
160 1173 232 1234 nibil
255 1175 370 1247 quidem
393 1195 512 1244 eorum,
541 1195 605 1250 quse
626 1177 833 1233 nuntiabuntur
865 1173 943 1251 (nam
979 1185 1008 1231 et
1029 1175 1121 1232 Masi-

45 1277 167 1334 nissam
192 1297 256 1334 curn
280 1297 333 1337 sex
355 1281 480 1338 millibus
509 1281 652 1356 peditum,
688 1291 825 1356 quattuor
854 1281 980 1355 equitum
1008 1281 1122 1338 venisse

44 1401 86 1437 eo
111 1382 178 1457 ipso
200 1381 275 1440 forte
291 1384 337 1440 die
353 1385 537 1462 afferebant),
552 1387 617 1444 lucto
634 1387 730 1443 animo
743 1385 843 1454 audiit,
866 1395 982 1441 aearum
995 1387 1121 1443 maxime

43 1488 147 1544 hostis
182 1489 288 1546 fiducia
317 1493 509 1566 audaciaque,
548 1511 605 1548 non
634 1492 670 1548 de
699 1489 788 1546 nihilo
816 1489 947 1564 proiecto
971 1499 1120 1566 concepte,

47 1611 211 1668 percussus
235 1604 287 1650 est.
335 1597 440 1670 ltaque
469 1615 636 1672 quanquam
667 1605 695 1654 et
721 1596 784 1670 ipse
806 1612 895 1651 causa
916 1595 984 1653 belli
1008 1605 1071 1652 erat
1093 1599 1152 1651 etb

49 1698 184 1754 adventu
212 1717 265 1755 suo
297 1703 467 1758 turbaverat
493 1713 521 1759 et
543 1713 644 1777 pactas
666 1702 792 1759 indutias
815 1710 843 1758 et
864 1719 944 1776 spem
969 1700 1120 1772 foederum,

48 1815 169 1873 tamen,
192 1804 217 1860 si
236 1805 356 1880 integer,
379 1825 465 1881 quam
489 1809 513 1864 si
534 1808 628 1864 victus
650 1817 760 1883 peteret
781 1825 894 1881 paoem,
917 1808 1045 1881 aequiora
1067 1809 1120 1864 im-

49 1909 166 1986 petrari
195 1929 283 1984 posse
311 1922 408 1980 ratus,
441 1913 571 1970 nuntium
602 1913 640 1969 ad
662 1913 827 1988 Scipionem
850 1912 946 1979 misit,
978 1921 1010 1968 ut
1031 1913 1120 1990 collo·

51 2015 163 2089 quendi
194 2033 291 2072 secum
328 2025 500 2091 potestatem
537 2017 656 2076 iaceret.
715 2019 751 2075 Id
794 2026 889 2073 utrum
927 2034 981 2072 sua
1018 2018 1153 2091 spontetl

50 2120 156 2178 fecerit
190 2139 226 2177 an
260 2123 376 2197 publico
413 2123 553 2191 consilio,
591 2133 722 2180 neutrum
762 2141 814 2180 cur
846 2119 986 2178 affirmem
1016 2123 1120 2179 habea.

52 2227 191 2284 Valerius
221 2228 328 2286 Antias
354 2224 448 2303 primo
475 2207 579 2303 praelio
608 2229 715 2286 victum
743 2247 807 2285 enm
831 2247 849 2284 a
875 2229 1028 2302 Scipione,
1062 2230 1150 2301 qual

51 2332 204 2388 duodecim
235 2332 326 2389 millia
355 2343 534 2390 armatorum
563 2335 591 2400 in
615 2336 676 2392 acic
699 2337 756 2392 sint
778 2354 867 2400 caesa,
903 2333 981 2390 mille
1003 2343 1031 2389 et
1052 2351 1119 2407 sep-

53 2437 175 2512 tingenti
196 2440 284 2514 capti,
305 2439 432 2513 legatum
456 2457 520 2496 cum
544 2440 608 2496 aliis
630 2441 729 2497 decern
751 2439 855 2514 legatis
875 2440 963 2496 tradit
979 2441 1007 2495 in
1023 2446 1119 2496 eastra

55 2545 95 2600 ad
131 2543 294 2618 Scipionem
329 2545 451 2602 venisse.
511 2543 646 2602 Ceterum
684 2545 782 2620 Scipio
820 2563 908 2619 quum
943 2544 1151 2617 colloquium8

54 2649 134 2706 haud
155 2649 316 2720 abnuisset,
339 2652 425 2707 ambo
448 2669 484 2708 ex
510 2651 672 2725 composito
695 2650 782 2708 duces
807 2659 904 2707 eastra
926 2649 1117 2724 protulerunt,

53 2762 88 2810 ut
111 2754 186 2812 coire
208 2774 244 2812 ex
266 2757 429 2832 propinquo
451 2764 579 2830 possent.
630 2755 728 2829 Scipio
758 2755 836 2811 hand
868 2755 969 2829 procul
1000 2756 1149 2829 Naum-9

55 2878 129 2936 gara
149 2863 227 2932 urbe,
251 2879 338 2936 quum
364 2862 401 2917 ad
424 2870 520 2917 cetera
541 2859 607 2918 luco
623 2857 803 2934 opportuno,
821 2868 880 2916 tum
904 2861 982 2933 quod
998 2860 1117 2934 aquatio

55 2968 131 3023 intra
161 2967 209 3023 teli
246 2969 404 3024 coniectum
439 2973 516 3033 eret,
553 2963 691 3022 consedit.
743 2965 893 3021 Hannibal
926 2965 1065 3021 tumulum
1100 2984 1118 3020 a
1134 2971 1170 3024 ld

58 3081 190 3146 quattuor
218 3074 344 3130 millibus
380 3073 464 3143 inde,
499 3078 590 3127 tutum
628 3071 870 3144 commodumque
902 3070 1027 3143 alioqui,
1062 3069 1117 3126 nisi

57 3178 134 3252 quod
162 3179 327 3254 longinqua
354 3177 519 3251 aquationis
548 3184 627 3243 erat,
659 3175 744 3250 cepit.
792 3175 837 3232 ibi
868 3175 896 3230 in
920 3175 1014 3231 medio
1035 3175 1116 3231 locus

60 3292 223 3358 conspectas
253 3284 410 3357 undique,
446 3301 483 3339 ne
524 3279 593 3354 quid
633 3279 802 3338 insidiarum
842 3289 933 3350 esset,
978 3279 1114 3336 delectus.
1172 3312 1175 3318 .

58 3388 209 3447 Summotis
246 3390 310 3464 pari
348 3388 443 3463 spatio
486 3385 622 3460 armatis,
654 3403 718 3443 curn
757 3385 877 3460 singulis
912 3383 1115 3460 interpretibus
1165 3385 1213 3452 30

58 3495 197 3567 congressi
225 3505 306 3564 sunt,
344 3513 402 3552 non
433 3511 492 3550 sure
524 3491 611 3548 modo
641 3492 733 3548 aetatis
769 3490 889 3548 maximi
922 3490 1029 3558 duces,
1064 3489 1114 3546 scd

60 3599 147 3656 omnis
177 3610 243 3656 ante
277 3619 309 3658 se
341 3600 505 3667 memoriae,
542 3595 669 3655 omnium
703 3597 829 3670 gentium
865 3596 982 3653 cuilibet
1013 3613 1113 3668 regum

60 3707 296 3779 imperatorumve
336 3724 431 3782 pares.
498 3703 652 3778 Paulisper
686 3702 759 3758 ulter
795 3701 911 3759 alterius
947 3707 1143 3776 conspectu,2

60 3811 368 3884 admirationemutna
395 3829 487 3886 prope
514 3808 644 3877 attoniti,
673 3807 849 3876 conticuere3
880 3819 938 3864 tum
962 3805 1111 3865 Hannibal

59 3913 144 3991 prior:
181 3917 230 3985 ,St
254 3919 310 3974 hae
337 3916 378 3974 ita
407 3917 470 3974 fato
493 3916 591 3973 datum
614 3920 693 3980 erat,
730 3921 778 3980 ut,
801 3913 850 3985 qui
872 3913 981 3987 primus
1004 3911 1142 3969 bellum3

61 4022 135 4078 intuli
154 4023 260 4096 populo
280 4025 433 4090 Romano,
455 4019 561 4094 quique
583 4019 669 4076 toties
693 4037 786 4094 prope
807 4017 835 4073 in
861 4018 993 4074 manibus
1009 4016 1110 4072 -victo-
