2678 4560
306 269 361 324 ll2
571 264 650 315 Libet·
665 263 781 316 XXVII.
819 263 864 326 (A.
875 278 902 314 u.
914 277 937 316 e.
949 251 1023 322 547.)

260 456 325 508 atus
354 456 473 524 puratos
504 447 587 506 militi
616 448 655 504 ad
681 447 855 521 vescendum
889 447 920 503 in
941 446 1022 502 viam
1045 445 1212 514 deferrent,
1244 463 1313 520 eques

260 555 446 628 iumentaque
470 553 528 610 alia
549 553 751 629 producerent,
772 559 804 610 nt
817 549 1019 608 vehiculorum
1037 549 1124 608 fessis
1144 551 1234 626 copis
1251 561 1313 606 esset
1328 611 1329 614 Ἴ

211 669 244 722 ll
259 659 329 734 Ipse
350 659 386 716 de
407 667 469 716 toto
492 657 619 716 exercitu
642 657 749 716 nivium
770 657 991 730 sociorumque,
1020 656 1104 730 quod
1124 656 1243 713 roboris
1262 667 1329 736 enti

260 763 375 838 delegit,
397 780 449 821 sex
471 763 560 820 millia
582 763 721 838 pediturn,
743 761 821 819 milla
835 760 962 834 equites3
984 763 1170 836 pronuntiat,
1193 756 1329 836 occupare}

260 868 343 928 sein
367 868 494 926 Lucanis
517 867 681 943 proximam
704 868 805 924 urbem
827 865 1033 940 Punicumque
1054 866 1086 922 in
1109 883 1145 922 ea
1170 865 1311 940 praeidiuu

212 979 246 1036 12
260 975 350 1042 velle;
383 981 416 1030 ut
437 973 475 1029 ad
498 972 553 1029 iter
573 970 670 1046 parati
692 989 792 1030 omnes
817 981 921 1030 essent.
965 970 1128 1028 Profectus
1149 981 1234 1028 noete
1253 969 1311 1025 flexit

260 1081 289 1137 in
311 1079 460 1136 Picenum.

343 1184 383 1241 Et
404 1183 505 1240 consul
527 1181 653 1257 quidem,
678 1180 793 1255 quantis
815 1181 951 1238 maximis
972 1180 1130 1238 itineribus
1152 1177 1311 1256 pateretui
1330 1220 1331 1252 r

261 1288 403 1363 collegam
426 1289 559 1357 ducebat,
583 1286 683 1344 relicto
706 1287 742 1360 Q.
760 1284 844 1343 Catio
865 1285 972 1361 legato,
996 1286 1049 1360 qui
1064 1287 1173 1343 castris
1190 1270 1326 1360 preesset.¹

165 1385 208 1456 44
261 1395 362 1452 Romae
377 1393 456 1450 haud
471 1392 565 1448 minus
583 1391 702 1448 terroris
715 1409 750 1448 ae
764 1391 902 1448 tumultus
914 1399 986 1460 erat,
1004 1409 1097 1464 quam
1111 1390 1210 1448 fuerat
1220 1389 1308 1446 biennio
1330 1433 1331 1448 2

260 1507 336 1570 ante,
347 1517 435 1572 quum
447 1506 544 1554 castra
555 1495 667 1552 Punica
677 1495 791 1553 obiecta
802 1495 943 1554 Romanis
954 1497 1103 1554 moenibus
1114 1495 1258 1571 portisque
1266 1493 1308 1550 lue
1319 1512 1326 1593 p

259 1613 333 1659 rent.
368 1603 474 1676 Neque
488 1601 559 1658 satis
574 1601 728 1658 constabat
745 1602 858 1672 animis,
879 1611 940 1658 tam
953 1601 1054 1659 auda
1066 1601 1125 1658 iter
1136 1599 1255 1657 consulis
1264 1597 1308 1652 lau·
1319 1607 1331 1679 ,χ

258 1809 368 1869 lamam
392 1810 573 1868 habiturum:
617 1807 722 1864 Castra
750 1825 842 1883 prope
863 1809 1063 1868 Hannibalem
1095 1811 1211 1866 hostem
1230 1806 1306 1864 relicta
1321 1857 1331 1890 ἢ

259 1915 321 1974 sine
332 1916 413 1986 duce,
436 1933 501 1972 oum
513 1913 651 1982 exercitu,
676 1912 722 1970 eni
733 1913 894 1971 detractum
906 1914 1092 1984 formemus,
1111 1914 1193 1988 quod
1207 1910 1304 1974 robor'u,
1324 1913 1331 1994 ³3

260 2021 338 2095 quod
354 2021 433 2078 floris
449 2019 549 2087 fuerim
572 2028 600 2074 et
620 2018 767 2076 consulem
778 2019 809 2075 in
828 2021 963 2078 Lucanos
975 2019 1143 2076 ostendisse
1154 2020 1216 2088 iter,
1238 2031 1304 2090 quum
1320 2060 1331 2095 ,

229 2125 398 2184 3Picenum
421 2134 450 2181 et
475 2123 605 2182 Galliam
628 2133 747 2198 peteret,
769 2133 867 2180 castra
888 2125 1101 2200 relinquentem
1122 2124 1203 2181 nulla
1216 2121 1265 2178 alis
1282 2135 1304 2174 n
1319 2104 1331 2188 l

259 2232 367 2290 tutiora
403 2247 491 2304 quam
523 2246 622 2286 errore
651 2229 761 2300 hostis,
794 2229 844 2304 qui
865 2230 967 2286 ducem
986 2227 1055 2284 inde
1077 2240 1169 2304 atque
1189 2225 1302 2284 exercitu
1330 2283 1331 2313 p

230 2337 371 2412 lpartem
411 2335 513 2392 abesse
546 2333 703 2408 ignoraret.
752 2334 830 2407 Quid
861 2334 1009 2405 futurum,
1049 2333 1075 2390 si
1114 2333 1146 2390 id
1182 2329 1302 2408 palamfiu

260 2450 288 2496 et
320 2450 370 2497 aut
409 2438 522 2513 insequi
550 2439 700 2496 Neronem
733 2458 799 2497 curn
830 2459 882 2498 sex
909 2440 1036 2496 millibus
1058 2447 1234 2496 armatorum
1251 2450 1300 2508 pro·
1324 2490 1331 2506 ,,

258 2545 367 2604 fectum
389 2544 539 2602 Hannibal
560 2552 622 2601 toto
645 2545 773 2602 exercitu
794 2546 864 2602 velit
886 2553 936 2602 aut
954 2554 1052 2601 castra
1073 2545 1213 2600 invadere
1221 2538 1300 2617 prudae
1325 2613 1329 2637 q

230 2650 373 2721 brelion,
406 2651 468 2707 sine
489 2649 615 2719 viribus,
648 2649 711 2707 sina
739 2650 880 2725 imperio,
912 2650 974 2708 sine
1004 2647 1160 2724 auspicio?
1206 2648 1299 2704 Veteres

260 2755 321 2812 eius
344 2755 412 2813 belli
434 2755 549 2825 clades,
581 2754 639 2811 duo
663 2756 795 2814 consules
817 2755 952 2831 proximo
975 2773 1052 2812 anno
1074 2753 1216 2812 interfecti
1234 2762 1298 2806 terre

260 2862 344 2918 bant:
378 2871 406 2917 et
436 2879 472 2918 eu
503 2859 602 2917 omnia
629 2861 787 2931 accidisse,
820 2879 908 2934 quum
938 2878 1013 2917 unus
1042 2859 1215 2935 imperator,
1245 2867 1297 2910 uuus

260 2967 402 3024 exercitus
438 2966 565 3022 hostium
600 2965 630 3022 in
666 2965 756 3023 ltalia
787 2975 881 3035 essot;
917 2982 993 3022 nunc
1022 2964 1081 3020 duo
1110 2963 1187 3020 balla
1214 2959 1298 3018 Punica

259 3071 353 3142 facta,
391 3071 464 3128 duos
500 3072 631 3145 ingentes
662 3069 822 3141 exereitus,
860 3071 933 3128 duos
966 3088 1059 3145 prope
1088 3066 1259 3128 Hannibales
1278 3060 1297 3115 iu

229 3175 346 3232 bltalia
368 3193 440 3232 esse.
488 3174 603 3251 Quippe
633 3186 661 3234 et
687 3175 902 3234 Hasdrubalem
925 3183 1010 3250 patre
1031 3175 1135 3232 eodem
1160 3169 1297 3230 Hamilcare

258 3281 404 3358 genitum,
437 3299 520 3354 aeque
550 3281 706 3357 impigrum
728 3281 851 3350 ducem,
882 3299 935 3355 per
956 3289 1000 3336 tot
1021 3299 1109 3344 annos
1131 3279 1161 3335 in
1181 3270 1297 3349 Hispania

258 3389 393 3454 Romano
415 3386 604 3444 exercitatum
628 3386 720 3458 bello,
749 3385 866 3460 gemina
886 3384 1011 3442 victoria
1030 3383 1190 3460 insignem,
1211 3380 1295 3437 duobus

230 3492 433 3550 lexercitibus
470 3511 535 3550 curu
575 3491 742 3550 clarissimis
777 3491 898 3548 ducibus
931 3490 1041 3548 deletis.
1101 3491 1180 3548 Nam
1212 3481 1295 3543 itineris

261 3597 375 3672 qnidam
406 3597 553 3655 celeritate
580 3616 617 3654 ex
639 3596 785 3672 Hispania
812 3605 841 3652 et
864 3595 1015 3654 concitatis
1038 3596 1077 3654 ad
1099 3614 1181 3654 arma
1201 3585 1295 3652 Gallicis

258 3702 392 3776 gentibus
414 3701 504 3758 multo
528 3702 621 3776 magis
644 3683 731 3776 quam
745 3700 950 3760 ‚Hannibalem
970 3693 1068 3776 ipsum
1090 3699 1294 3776 gloriaripoau

228 3806 246 3862 8
259 3805 366 3882 quippe
388 3806 417 3862 in
437 3806 474 3862 iis
488 3806 561 3882 loeis
578 3809 653 3864 hunc
668 3806 798 3881 coegisse
809 3807 977 3877 exercitum,
998 3806 1105 3880 quibus
1118 3805 1166 3862 ille
1183 3800 1293 3862 maiorem

258 3923 369 3988 partem
393 3911 513 3968 militum
535 3911 614 3972 lame
638 3930 673 3970 ac
694 3909 812 3985 frigore,
836 3929 901 3985 quse
918 3911 1083 3969 miserrima
1097 3909 1194 3970 mortis
1210 3916 1293 3981 genera

230 4016 244 4032 ⁸
258 4017 328 4086 sint,
364 4015 516 4072 omisisset..
578 4015 764 4074 Adiiciebant
796 4016 883 4074 enam
916 4016 1001 4090 periti
1035 4034 1132 4074 rerum
1163 4005 1291 4086 Hispania
