2812 4556
311 251 344 306 tt
585 249 662 299 Liber
680 247 752 298 xxt.
790 248 837 311 (n.
854 263 878 298 u⁴
894 264 916 300 ο.
932 247 1005 311 aas.)

263 431 405 503 dirutam,
435 441 551 509 captam
573 432 636 490 fers
664 438 755 488 totam
780 432 883 502 habet,
915 431 1031 503 adimit,
1063 423 1152 508 agros
1181 435 1349 508 relinquit,
1393 501 1394 512 χ

263 538 358 594 locum
381 537 596 612 assignaturus,
628 538 659 595 in
683 555 742 610 quo
771 555 878 594 novum
902 538 1040 612 oppidum
1061 539 1222 600 edificatis.
1283 543 1352 599 Au-

263 651 379 700 ramat
407 651 558 718 argentum
588 661 688 712 omns,
718 641 864 716 publicum
886 643 1106 718 privatumque,
1137 647 1176 702 ad
1197 663 1240 703 se
1264 645 1353 702 iubet

234 745 383 817 ideferri3
408 767 533 825 corpora
553 757 661 815 vestra,
684 746 838 820 coniugum
855 765 889 803 ac
903 747 1060 806 liberorum
1082 760 1261 809 vastrorum
1288 769 1352 807 ser-

264 860 315 908 vat
336 852 487 920 inviolata,
510 855 535 910 si
555 853 679 909 inermes
701 869 767 908 cum
796 851 870 908 binis
894 852 1072 910 vestimentis
1094 857 1190 914 velitis
1216 858 1263 914 ab
1291 856 1349 914 Sa·
1390 898 1391 907 t

233 961 353 1032 8gunto
369 958 456 1017 exire,
504 958 577 1015 Haec
598 957 692 1013 victor
705 956 797 1012 hostis
818 955 955 1031 imperat3
977 959 1047 1028 haec,
1070 979 1250 1036 quanquam
1279 970 1352 1017 sunt

263 1064 367 1137 gravia
388 1071 476 1138 atque
497 1063 618 1132 acerba,
651 1060 770 1118 fortuna
790 1071 890 1118 vestra
921 1064 1005 1120 vobis
1030 1065 1142 1122 suadet.
1186 1066 1349 1140 Equidem

262 1153 342 1225 haud
364 1169 495 1243 despero,
518 1186 606 1241 quum
629 1165 756 1224 omniurn
780 1176 911 1242 potestas
939 1168 966 1226 ai
986 1169 1067 1226 facta
1088 1170 1134 1240 sit
1156 1171 1280 1245 aliquid
1311 1187 1348 1226 ex

232 1273 308 1331 this
340 1275 427 1330 rebus
457 1273 661 1340 remissurum
691 1272 743 1327 sed
764 1273 811 1329 vel
841 1274 903 1331 haec
924 1276 1064 1349 patienda
1088 1293 1192 1333 censeo
1226 1275 1346 1351 potius,

264 1397 351 1452 quam
375 1377 513 1434 trucidari
534 1395 659 1452 corpora
680 1385 793 1448 vestra,
823 1379 888 1453 rapi
912 1381 1046 1455 trahique
1068 1389 1136 1438 ante
1158 1399 1211 1438 ora
1236 1391 1347 1438 vestra

263 1484 400 1558 coniuges
424 1501 459 1539 aa
479 1483 587 1540 liberos
609 1482 677 1538 balli
697 1481 761 1538 iure
782 1483 912 1544 sinatis.“

173 1560 178 1568 Ι
347 1589 396 1646 Ad
419 1589 481 1646 haec
500 1587 644 1645 audienda
666 1606 753 1661 quum
783 1588 957 1648 circumfusa
986 1591 1126 1666 paulatim
1150 1589 1346 1648 multitudine

262 1694 437 1768 permixtum
468 1692 580 1748 senatui
602 1702 678 1748 esset
709 1693 810 1768 populi
831 1695 999 1767 concilium,
1030 1704 1150 1770 repente
1177 1695 1342 1770 primores,

262 1799 424 1856 secessione
447 1797 535 1867 facta,
558 1797 726 1872 priusquam
748 1817 918 1874 responsum
942 1802 1076 1872 daretur,
1105 1811 1261 1876 argentum
1289 1818 1340 1856 au·

261 1923 384 1978 rumque
415 1921 501 1960 omna
533 1921 570 1959 ax
601 1904 717 1977 publico
745 1904 920 1979 privatoque
947 1905 978 1963 in
998 1906 1094 1964 forum
1128 1908 1273 1964 collatum
1311 1905 1340 1961 in

261 2009 357 2084 ignem
381 2009 469 2066 adid
494 2009 600 2083 raptim
615 2007 725 2065 factum
748 2009 941 2081 conficientes,
964 2011 1065 2068 eodem
1088 2012 1220 2086 plerique
1243 2023 1340 2070 semet

231 2115 316 2188 lipsi
339 2115 602 2190 precipitaverunt.
646 2113 742 2184 Quum
770 2131 808 2168 ax
831 2132 866 2169 eo
888 2135 982 2189 pavor
1004 2135 1038 2174 uc
1059 2117 1216 2191 trepidatio
1239 2125 1336 2174 totam

262 2222 363 2278 urbem
391 2220 582 2294 pervasisset,
613 2217 687 2273 alius
718 2217 836 2292 insuper
863 2222 1002 2278 tumultus
1035 2241 1074 2278 ex
1105 2241 1173 2279 arca
1205 2223 1334 2280 auditur.

262 2327 365 2384 Turris
394 2326 442 2382 diu
475 2332 615 2398 quassata
641 2321 822 2398 prociderat,
856 2343 967 2400 perque
988 2328 1102 2386 ruinam
1131 2327 1193 2385 sius
1225 2329 1335 2385 cohors

253 2435 421 2489 ‘Poenorum
442 2431 552 2504 impetu
573 2427 652 2484 facto
675 2445 763 2500 quum
785 2429 899 2503 signum
922 2431 1092 2507 imperatori
1114 2433 1255 2502 dodisset,
1279 2449 1333 2488 uu·

232 2537 360 2592 ddatam
384 2535 556 2592 stationibus
578 2531 773 2605 custodiisque
796 2534 887 2590 solitis
909 2536 1035 2594 hostium
1059 2556 1123 2596 essa
1137 2539 1249 2609 urbem,
1273 2553 1333 2592 nou

263 2641 454 2698 cunctandum
487 2638 516 2694 in
547 2637 599 2693 tali
633 2637 786 2694 occasione
816 2648 897 2696 ratus
928 2641 1092 2710 Hannibal,
1120 2643 1189 2699 totis
1219 2641 1331 2698 viribus

264 2763 418 2820 aggressus
440 2745 540 2800 urbam
563 2749 709 2797 momento
733 2743 818 2817 cepit,
849 2744 933 2818 signo
957 2745 1040 2813 dato,
1062 2755 1096 2804 ut
1117 2766 1218 2805 omnes
1239 2748 1332 2822 pube·

262 2867 308 2906 res
337 2850 574 2906 interficerentur.
630 2847 716 2918 Quod
744 2847 896 2923 imperium
928 2851 1058 2921 crudele,
1089 2861 1215 2909 catarum
1237 2868 1331 2927 prope

232 2952 457 3012 lincrassarium
481 2952 627 3027 cognitum
653 2953 718 3027 ipso
741 2955 845 3014 eventu
867 2965 925 3023 eat;
956 2955 1002 3012 cui
1025 2957 1099 3012 enim
1131 2957 1214 3030 parci
1235 2953 1329 3031 potuit

263 3079 300 3116 ex
320 3061 366 3129 iia,
389 3059 438 3133 qui
461 3067 511 3112 aut
534 3057 636 3114 inclusi
660 3077 724 3115 cum
748 3059 918 3134 coniugibus
939 3079 975 3116 ac
995 3061 1093 3117 liberis
1116 3063 1220 3118 domos
1243 3077 1330 3136 super

261 3165 393 3238 seipsos
416 3175 681 3232 concremaverunt,
703 3173 754 3220 aut
769 3167 874 3222 armati
896 3165 1005 3222 nullum
1028 3174 1095 3222 anta
1116 3168 1203 3223 finem
1225 3182 1328 3242 pugne

169 3263 207 3331 15
237 3283 350 3343 ‘quam
380 3267 534 3324 morientes
555 3266 705 3326 iecerunt?
734 3267 860 3344 Captum
891 3271 1029 3346 oppidum
1060 3280 1104 3328 est
1131 3291 1196 3330 cum
1220 3269 1328 3348 ingenti

261 3371 369 3446 preda.
418 3371 592 3446 Quanquam
615 3374 754 3448 pleraque
770 3374 807 3430 ab
829 3374 953 3432 dominis
975 3377 1011 3433 da
1025 3377 1168 3434 industria
1191 3385 1326 3454 corrupta

259 3487 359 3547 erant,
388 3485 418 3532 et
446 3478 477 3533 in
501 3479 626 3534 caedibus
648 3479 699 3536 vix
719 3480 808 3536 ullum
831 3477 984 3536 discrimen
1013 3483 1107 3538 aetatia
1134 3483 1180 3540 ira
1210 3484 1327 3552 fecerat,

145 3639 151 3646 ,
231 3583 291 3638 2ct
312 3581 420 3656 captivi
447 3582 566 3640 militum
600 3583 852 3658 madescerent,
883 3594 981 3642 tamen
1010 3595 1039 3643 et
1060 3607 1097 3644 ax
1118 3588 1212 3663 pretio
1234 3603 1326 3646 rerum

262 3687 444 3744 venditarum
479 3688 658 3762 aliquantum
700 3689 829 3762 pecuniae
861 3690 1009 3748 redactum
1049 3711 1114 3750 esse
1145 3703 1262 3752 constat
1300 3701 1326 3749 et

262 3791 382 3849 multam
398 3794 554 3868 pretiosam
570 3793 776 3870 supellectilem
792 3803 961 3870 vastamque
975 3798 1092 3855 missam
1109 3796 1323 3875 Carthaginem.

232 3897 248 3952 3
346 3898 461 3956 Octavo
483 3917 590 3970 mansa,
612 3917 700 3973 quam
730 3910 855 3975 coaptum
878 3904 1051 3978 oppugnari,
1070 3912 1189 3978 captum
1208 3904 1323 3980 Sagun·

259 4011 320 4060 tum
349 4004 466 4078 quidam
496 4005 649 4078 scripsere3
681 4004 749 4061 inde
770 4003 977 4082 Carthaginem
1000 4008 1118 4066 Novam
1145 4009 1175 4065 in
1208 4010 1324 4068 hiberna
