<?xml version="1.0" encoding="UTF-8"?>
<!DOCTYPE html PUBLIC "-//W3C//DTD XHTML 1.0 Transitional//EN"
    "http://www.w3.org/TR/xhtml1/DTD/xhtml1-transitional.dtd">
<html xmlns="http://www.w3.org/1999/xhtml" xml:lang="en" lang="en">
 <head>
  <title>
</title>
<meta http-equiv="Content-Type" content="text/html;charset=utf-8" />
  <meta name='ocr-system' content='tesseract 3.04.00' />
  <meta name='ocr-capabilities' content='ocr_page ocr_carea ocr_par ocr_line ocrx_word'/>
</head>
<body>
  <div class='ocr_page' id='page_1' title='image "./titiliviihistor01ussigoog/titiliviihistor01ussigoog_0224.png"; bbox 0 0 2700 4426; ppageno 0'>
   <div class='ocr_carea' id='block_1_1' title="bbox 426 168 1130 269">
    <p class='ocr_par' dir='ltr' id='par_1_1' title="bbox 426 168 1130 269">
     <span class='ocr_line' id='line_1_1' title="bbox 426 168 1130 269; baseline 0.018 -17"><span class='ocrx_word' id='word_1_1' title='bbox 426 203 504 253; x_wconf 69' lang='lat' dir='ltr'>nna</span> <span class='ocrx_word' id='word_1_2' title='bbox 520 203 621 256; x_wconf 84' lang='lat' dir='ltr'><strong>xx1v.</strong></span> <span class='ocrx_word' id='word_1_3' title='bbox 657 168 768 269; x_wconf 62' lang='lat' dir='ltr'>(aaa.</span> <span class='ocrx_word' id='word_1_4' title='bbox 782 205 856 267; x_wconf 78' lang='lat'>214.)</span> <span class='ocrx_word' id='word_1_5' title='bbox 1073 208 1130 265; x_wconf 79' lang='lat'>183</span> 
     </span>
    </p>
   </div>
   <div class='ocr_carea' id='block_1_2' title="bbox 61 385 1268 3924">
    <p class='ocr_par' dir='ltr' id='par_1_2' title="bbox 103 385 1243 1304">
     <span class='ocr_line' id='line_1_2' title="bbox 107 385 1210 464; baseline 0.002 -20"><span class='ocrx_word' id='word_1_6' title='bbox 107 408 146 445; x_wconf 89' lang='lat' dir='ltr'>ne</span> <span class='ocrx_word' id='word_1_7' title='bbox 169 390 205 445; x_wconf 86' lang='lat' dir='ltr'>ab</span> <span class='ocrx_word' id='word_1_8' title='bbox 228 387 379 446; x_wconf 84' lang='lat' dir='ltr'>obsidione</span> <span class='ocrx_word' id='word_1_9' title='bbox 401 385 510 462; x_wconf 74' lang='lat' dir='ltr'>Capuae</span> <span class='ocrx_word' id='word_1_10' title='bbox 538 388 645 445; x_wconf 90' lang='lat' dir='ltr'>bellum</span> <span class='ocrx_word' id='word_1_11' title='bbox 673 389 734 445; x_wconf 88' lang='lat' dir='ltr'>eius</span> <span class='ocrx_word' id='word_1_12' title='bbox 765 389 833 444; x_wconf 90' lang='lat' dir='ltr'>anni</span> <span class='ocrx_word' id='word_1_13' title='bbox 856 390 982 446; x_wconf 87' lang='lat' dir='ltr'>Romani</span> <span class='ocrx_word' id='word_1_14' title='bbox 1003 389 1172 464; x_wconf 81' lang='lat' dir='ltr'>inciperent.</span> <span class='ocrx_word' id='word_1_15' title='bbox 1208 405 1210 409; x_wconf 75' lang='grc'>’</span> 
     </span>
     <span class='ocr_line' id='line_1_3' title="bbox 109 491 1204 569; baseline 0.003 -19"><span class='ocrx_word' id='word_1_16' title='bbox 109 496 215 567; x_wconf 89' lang='lat' dir='ltr'>ltaque</span> <span class='ocrx_word' id='word_1_17' title='bbox 236 491 349 566; x_wconf 87' lang='lat' dir='ltr'>legatos</span> <span class='ocrx_word' id='word_1_18' title='bbox 372 493 410 549; x_wconf 91' lang='lat' dir='ltr'>ad</span> <span class='ocrx_word' id='word_1_19' title='bbox 430 493 626 550; x_wconf 87' lang='lat' dir='ltr'>Hannibalem</span> <span class='ocrx_word' id='word_1_20' title='bbox 655 501 768 550; x_wconf 88' lang='lat' dir='ltr'>oratum</span> <span class='ocrx_word' id='word_1_21' title='bbox 802 493 955 564; x_wconf 82' lang='lat' dir='ltr'>miserunt,</span> <span class='ocrx_word' id='word_1_22' title='bbox 984 504 1016 550; x_wconf 87' lang='lat' dir='ltr'>ut</span> <span class='ocrx_word' id='word_1_23' title='bbox 1040 492 1204 569; x_wconf 80' lang='lat' dir='ltr'>Capuam2</span> 
     </span>
     <span class='ocr_line' id='line_1_4' title="bbox 106 596 1174 676; baseline 0.001 -22"><span class='ocrx_word' id='word_1_24' title='bbox 106 598 270 655; x_wconf 87' lang='lat' dir='ltr'>exercitum</span> <span class='ocrx_word' id='word_1_25' title='bbox 283 596 474 676; x_wconf 80' lang='lat' dir='ltr'>admoveret:</span> <span class='ocrx_word' id='word_1_26' title='bbox 509 598 545 653; x_wconf 89' lang='lat' dir='ltr'>ad</span> <span class='ocrx_word' id='word_1_27' title='bbox 567 617 631 654; x_wconf 89' lang='lat' dir='ltr'>eam</span> <span class='ocrx_word' id='word_1_28' title='bbox 654 597 880 673; x_wconf 87' lang='lat' dir='ltr'>oppugnandam</span> <span class='ocrx_word' id='word_1_29' title='bbox 909 618 1002 658; x_wconf 77' lang='lat' dir='ltr'>noros</span> <span class='ocrx_word' id='word_1_30' title='bbox 1031 598 1174 656; x_wconf 85' lang='lat' dir='ltr'>exercitus</span> 
     </span>
     <span class='ocr_line' id='line_1_5' title="bbox 103 700 1173 776; baseline 0.002 -17"><span class='ocrx_word' id='word_1_31' title='bbox 103 702 197 759; x_wconf 85' lang='lat' dir='ltr'>scribi</span> <span class='ocrx_word' id='word_1_32' title='bbox 218 703 329 774; x_wconf 77' lang='lat' dir='ltr'>Romae,</span> <span class='ocrx_word' id='word_1_33' title='bbox 351 719 404 758; x_wconf 91' lang='lat' dir='ltr'>nec</span> <span class='ocrx_word' id='word_1_34' title='bbox 424 700 611 759; x_wconf 82' lang='lat' dir='ltr'>ulliusurbis</span> <span class='ocrx_word' id='word_1_35' title='bbox 632 701 787 760; x_wconf 77' lang='lat' dir='ltr'>defectioni</span> <span class='ocrx_word' id='word_1_36' title='bbox 809 703 902 776; x_wconf 86' lang='lat' dir='ltr'>magis</span> <span class='ocrx_word' id='word_1_37' title='bbox 923 702 1051 761; x_wconf 84' lang='lat' dir='ltr'>infensos</span> <span class='ocrx_word' id='word_1_38' title='bbox 1073 723 1173 761; x_wconf 90' lang='lat' dir='ltr'>eorum</span> 
     </span>
     <span class='ocr_line' id='line_1_6' title="bbox 106 807 1204 894; baseline 0.002 -30"><span class='ocrx_word' id='word_1_39' title='bbox 106 809 222 864; x_wconf 85' lang='lat' dir='ltr'>animos</span> <span class='ocrx_word' id='word_1_40' title='bbox 245 825 317 864; x_wconf 89' lang='lat' dir='ltr'>esse.</span> <span class='ocrx_word' id='word_1_41' title='bbox 367 807 403 862; x_wconf 93' lang='lat' dir='ltr'>Id</span> <span class='ocrx_word' id='word_1_42' title='bbox 432 807 500 880; x_wconf 87' lang='lat' dir='ltr'>quia</span> <span class='ocrx_word' id='word_1_43' title='bbox 527 815 587 863; x_wconf 87' lang='lat' dir='ltr'>tam</span> <span class='ocrx_word' id='word_1_44' title='bbox 615 808 725 894; x_wconf 80' lang='lat' dir='ltr'>trepide</span> <span class='ocrx_word' id='word_1_45' title='bbox 746 807 934 878; x_wconf 80' lang='lat' dir='ltr'>nuntiabant,</span> <span class='ocrx_word' id='word_1_46' title='bbox 969 809 1204 876; x_wconf 85' lang='lat' dir='ltr'>maturandum3</span> 
     </span>
     <span class='ocr_line' id='line_1_7' title="bbox 108 912 1173 988; baseline 0.001 -19"><span class='ocrx_word' id='word_1_47' title='bbox 108 913 260 970; x_wconf 82' lang='lat' dir='ltr'>Hannibal</span> <span class='ocrx_word' id='word_1_48' title='bbox 286 916 384 981; x_wconf 78' lang='lat' dir='ltr'>ratus‚&#39;</span> <span class='ocrx_word' id='word_1_49' title='bbox 405 930 442 968; x_wconf 89' lang='lat' dir='ltr'>ne</span> <span class='ocrx_word' id='word_1_50' title='bbox 460 913 652 987; x_wconf 67' lang='lat' dir='ltr'>prevenirent</span> <span class='ocrx_word' id='word_1_51' title='bbox 666 913 814 981; x_wconf 73' lang='lat' dir='ltr'>Romani,</span> <span class='ocrx_word' id='word_1_52' title='bbox 842 912 989 988; x_wconf 89' lang='lat' dir='ltr'>profectus</span> <span class='ocrx_word' id='word_1_53' title='bbox 1014 914 1105 988; x_wconf 82' lang='lat' dir='ltr'>Arpis</span> <span class='ocrx_word' id='word_1_54' title='bbox 1136 914 1173 970; x_wconf 91' lang='lat' dir='ltr'>ad</span> 
     </span>
     <span class='ocr_line' id='line_1_8' title="bbox 108 1012 1243 1101; baseline 0.001 -26"><span class='ocrx_word' id='word_1_55' title='bbox 108 1017 211 1075; x_wconf 79' lang='lat' dir='ltr'>Tifata</span> <span class='ocrx_word' id='word_1_56' title='bbox 225 1018 267 1089; x_wconf 25' lang='lat' dir='ltr'>*in</span> <span class='ocrx_word' id='word_1_57' title='bbox 298 1018 445 1074; x_wconf 88' lang='lat' dir='ltr'>veteribus</span> <span class='ocrx_word' id='word_1_58' title='bbox 478 1019 579 1101; x_wconf 82' lang='lat' dir='ltr'>castris</span> <span class='ocrx_word' id='word_1_59' title='bbox 599 1012 699 1093; x_wconf 49' lang='lat' dir='ltr'>‘super</span> <span class='ocrx_word' id='word_1_60' title='bbox 727 1017 861 1094; x_wconf 85' lang='lat' dir='ltr'>Capuam</span> <span class='ocrx_word' id='word_1_61' title='bbox 894 1019 1033 1079; x_wconf 85' lang='lat' dir='ltr'>consedit.</span> <span class='ocrx_word' id='word_1_62' title='bbox 1091 1020 1204 1090; x_wconf 77' lang='lat' dir='ltr'>Inde‚4</span> <span class='ocrx_word' id='word_1_63' title='bbox 1239 1059 1243 1063; x_wconf 87' lang='lat'><em>-</em></span> 
     </span>
     <span class='ocr_line' id='line_1_9' title="bbox 107 1121 1174 1198; baseline 0.001 -19"><span class='ocrx_word' id='word_1_64' title='bbox 107 1122 245 1179; x_wconf 88' lang='lat' dir='ltr'>Numidis</span> <span class='ocrx_word' id='word_1_65' title='bbox 274 1121 472 1197; x_wconf 88' lang='lat' dir='ltr'>Hispanisque</span> <span class='ocrx_word' id='word_1_66' title='bbox 507 1123 544 1179; x_wconf 86' lang='lat' dir='ltr'>ad</span> <span class='ocrx_word' id='word_1_67' title='bbox 576 1124 740 1198; x_wconf 84' lang='lat' dir='ltr'>praesidium</span> <span class='ocrx_word' id='word_1_68' title='bbox 775 1124 861 1180; x_wconf 89' lang='lat' dir='ltr'>simul</span> <span class='ocrx_word' id='word_1_69' title='bbox 885 1134 1056 1194; x_wconf 80' lang='lat' dir='ltr'>castrorum,</span> <span class='ocrx_word' id='word_1_70' title='bbox 1088 1124 1174 1182; x_wconf 89' lang='lat' dir='ltr'>simul</span> 
     </span>
     <span class='ocr_line' id='line_1_10' title="bbox 107 1226 1174 1304; baseline 0.002 -19"><span class='ocrx_word' id='word_1_71' title='bbox 107 1227 219 1302; x_wconf 84' lang='lat' dir='ltr'>Capuae</span> <span class='ocrx_word' id='word_1_72' title='bbox 250 1226 370 1297; x_wconf 84' lang='lat' dir='ltr'>relictis,</span> <span class='ocrx_word' id='word_1_73' title='bbox 410 1247 474 1284; x_wconf 93' lang='lat' dir='ltr'>cum</span> <span class='ocrx_word' id='word_1_74' title='bbox 504 1237 599 1286; x_wconf 87' lang='lat' dir='ltr'>cetero</span> <span class='ocrx_word' id='word_1_75' title='bbox 633 1229 759 1286; x_wconf 87' lang='lat' dir='ltr'>exercitu</span> <span class='ocrx_word' id='word_1_76' title='bbox 793 1230 831 1285; x_wconf 89' lang='lat' dir='ltr'>ad</span> <span class='ocrx_word' id='word_1_77' title='bbox 856 1229 950 1285; x_wconf 91' lang='lat' dir='ltr'>lacum</span> <span class='ocrx_word' id='word_1_78' title='bbox 983 1231 1094 1287; x_wconf 87' lang='lat' dir='ltr'>Averni</span> <span class='ocrx_word' id='word_1_79' title='bbox 1123 1250 1174 1304; x_wconf 84' lang='lat' dir='ltr'>per</span> 
     </span>
    </p>

    <p class='ocr_par' dir='ltr' id='par_1_3' title="bbox 73 1332 1204 1831">
     <span class='ocr_line' id='line_1_11' title="bbox 73 1332 1174 1409; baseline 0.001 -20"><span class='ocrx_word' id='word_1_80' title='bbox 73 1358 76 1362; x_wconf 51' lang='lat'><em>⁴</em></span> <span class='ocrx_word' id='word_1_81' title='bbox 106 1334 233 1408; x_wconf 85' lang='lat' dir='ltr'>speciem</span> <span class='ocrx_word' id='word_1_82' title='bbox 265 1332 463 1404; x_wconf 84' lang='lat' dir='ltr'>sacrificandi,</span> <span class='ocrx_word' id='word_1_83' title='bbox 492 1353 523 1391; x_wconf 92' lang='lat' dir='ltr'>re</span> <span class='ocrx_word' id='word_1_84' title='bbox 556 1335 625 1409; x_wconf 86' lang='lat' dir='ltr'>ipsa·</span> <span class='ocrx_word' id='word_1_85' title='bbox 652 1343 684 1390; x_wconf 92' lang='lat' dir='ltr'>ut</span> <span class='ocrx_word' id='word_1_86' title='bbox 714 1344 838 1391; x_wconf 88' lang='lat' dir='ltr'>tentaret</span> <span class='ocrx_word' id='word_1_87' title='bbox 865 1333 1007 1392; x_wconf 88' lang='lat' dir='ltr'>Puteolos</span> <span class='ocrx_word' id='word_1_88' title='bbox 1038 1335 1174 1408; x_wconf 91' lang='lat' dir='ltr'>quodque</span> 
     </span>
     <span class='ocr_line' id='line_1_12' title="bbox 105 1437 1204 1513; baseline 0.005 -19"><span class='ocrx_word' id='word_1_89' title='bbox 105 1437 148 1495; x_wconf 87' lang='lat' dir='ltr'>ibi</span> <span class='ocrx_word' id='word_1_90' title='bbox 180 1437 343 1512; x_wconf 87' lang='lat' dir='ltr'>praesidium</span> <span class='ocrx_word' id='word_1_91' title='bbox 372 1449 451 1509; x_wconf 84' lang='lat' dir='ltr'>erat,</span> <span class='ocrx_word' id='word_1_92' title='bbox 484 1439 639 1495; x_wconf 88' lang='lat' dir='ltr'>descendit.</span> <span class='ocrx_word' id='word_1_93' title='bbox 684 1439 847 1510; x_wconf 86' lang='lat' dir='ltr'>Maximus,</span> <span class='ocrx_word' id='word_1_94' title='bbox 877 1448 1031 1513; x_wconf 90' lang='lat' dir='ltr'>postquam</span> <span class='ocrx_word' id='word_1_95' title='bbox 1059 1439 1204 1500; x_wconf 78' lang='lat' dir='ltr'>Hanni-5</span> 
     </span>
     <span class='ocr_line' id='line_1_13' title="bbox 104 1542 1171 1619; baseline 0.002 -21"><span class='ocrx_word' id='word_1_96' title='bbox 104 1542 203 1600; x_wconf 84' lang='lat' dir='ltr'>halem</span> <span class='ocrx_word' id='word_1_97' title='bbox 234 1543 325 1616; x_wconf 79' lang='lat' dir='ltr'>Arpis</span> <span class='ocrx_word' id='word_1_98' title='bbox 360 1544 521 1618; x_wconf 88' lang='lat' dir='ltr'>profectum</span> <span class='ocrx_word' id='word_1_99' title='bbox 555 1553 583 1600; x_wconf 90' lang='lat' dir='ltr'>et</span> <span class='ocrx_word' id='word_1_100' title='bbox 614 1544 727 1618; x_wconf 85' lang='lat' dir='ltr'>regredi</span> <span class='ocrx_word' id='word_1_101' title='bbox 758 1544 788 1601; x_wconf 93' lang='lat' dir='ltr'>in</span> <span class='ocrx_word' id='word_1_102' title='bbox 824 1543 1015 1619; x_wconf 87' lang='lat' dir='ltr'>Campaniam</span> <span class='ocrx_word' id='word_1_103' title='bbox 1053 1544 1171 1606; x_wconf 89' lang='lat' dir='ltr'>allatum</span> 
     </span>
     <span class='ocr_line' id='line_1_14' title="bbox 105 1633 1172 1722; baseline 0.002 -18"><span class='ocrx_word' id='word_1_104' title='bbox 105 1656 168 1717; x_wconf 84' lang='lat' dir='ltr'>est,</span> <span class='ocrx_word' id='word_1_105' title='bbox 192 1666 245 1705; x_wconf 90' lang='lat' dir='ltr'>nec</span> <span class='ocrx_word' id='word_1_106' title='bbox 270 1648 316 1722; x_wconf 86' lang='lat' dir='ltr'>die</span> <span class='ocrx_word' id='word_1_107' title='bbox 337 1667 390 1706; x_wconf 89' lang='lat' dir='ltr'>nec</span> <span class='ocrx_word' id='word_1_108' title='bbox 413 1657 499 1705; x_wconf 87' lang='lat' dir='ltr'>nocte</span> <span class='ocrx_word' id='word_1_109' title='bbox 524 1648 687 1706; x_wconf 89' lang='lat' dir='ltr'>intermisso</span> <span class='ocrx_word' id='word_1_110' title='bbox 709 1633 812 1707; x_wconf 88' lang='lat' dir='ltr'>itinere</span> <span class='ocrx_word' id='word_1_111' title='bbox 840 1651 878 1707; x_wconf 83' lang='lat' dir='ltr'>ad</span> <span class='ocrx_word' id='word_1_112' title='bbox 900 1649 1056 1706; x_wconf 90' lang='lat' dir='ltr'>exercitum</span> <span class='ocrx_word' id='word_1_113' title='bbox 1089 1649 1172 1718; x_wconf 73' lang='lat' dir='ltr'>redit,</span> 
     </span>
     <span class='ocr_line' id='line_1_15' title="bbox 105 1730 1204 1831; baseline 0.005 -21"><span class='ocrx_word' id='word_1_114' title='bbox 105 1762 137 1810; x_wconf 87' lang='lat' dir='ltr'>et</span> <span class='ocrx_word' id='word_1_115' title='bbox 158 1734 205 1811; x_wconf 79' lang='lat' dir='ltr'>Ti</span> <span class='ocrx_word' id='word_1_116' title='bbox 222 1752 388 1810; x_wconf 78' lang='lat' dir='ltr'>Gracchum</span> <span class='ocrx_word' id='word_1_117' title='bbox 402 1730 449 1810; x_wconf 53' lang='lat' dir='ltr'>xab</span> <span class='ocrx_word' id='word_1_118' title='bbox 464 1755 588 1811; x_wconf 85' lang='lat' dir='ltr'>Luceria</span> <span class='ocrx_word' id='word_1_119' title='bbox 603 1755 800 1812; x_wconf 89' lang='lat' dir='ltr'>Beneventum</span> <span class='ocrx_word' id='word_1_120' title='bbox 825 1755 925 1831; x_wconf 88' lang='lat' dir='ltr'>copias</span> <span class='ocrx_word' id='word_1_121' title='bbox 947 1755 1114 1824; x_wconf 80' lang='lat' dir='ltr'>admovere,</span> <span class='ocrx_word' id='word_1_122' title='bbox 1136 1754 1172 1826; x_wconf 84' lang='lat' dir='ltr'>Q.</span> <span class='ocrx_word' id='word_1_123' title='bbox 1187 1761 1204 1815; x_wconf 85' lang='lat'><strong>6</strong></span> 
     </span>
    </p>

    <p class='ocr_par' dir='ltr' id='par_1_4' title="bbox 64 1857 1217 2456">
     <span class='ocr_line' id='line_1_16' title="bbox 64 1857 1173 1935; baseline -0.001 -20"><span class='ocrx_word' id='word_1_124' title='bbox 64 1928 66 1932; x_wconf 23' lang='grc' dir='ltr'>Ι</span> <span class='ocrx_word' id='word_1_125' title='bbox 108 1857 234 1915; x_wconf 83' lang='lat' dir='ltr'>Fabium</span> <span class='ocrx_word' id='word_1_126' title='bbox 249 1868 401 1931; x_wconf 85' lang='lat' dir='ltr'>praetorem</span> <span class='ocrx_word' id='word_1_127' title='bbox 425 1860 461 1931; x_wconf 78' lang='lat' dir='ltr'>(is</span> <span class='ocrx_word' id='word_1_128' title='bbox 475 1859 551 1916; x_wconf 90' lang='lat' dir='ltr'>filius</span> <span class='ocrx_word' id='word_1_129' title='bbox 573 1860 698 1916; x_wconf 90' lang='lat' dir='ltr'>consulis</span> <span class='ocrx_word' id='word_1_130' title='bbox 714 1857 789 1935; x_wconf 86' lang='lat' dir='ltr'>erat)</span> <span class='ocrx_word' id='word_1_131' title='bbox 813 1861 853 1916; x_wconf 85' lang='lat' dir='ltr'>ad</span> <span class='ocrx_word' id='word_1_132' title='bbox 868 1860 1019 1917; x_wconf 87' lang='lat' dir='ltr'>Luceriam</span> <span class='ocrx_word' id='word_1_133' title='bbox 1037 1859 1173 1918; x_wconf 87' lang='lat' dir='ltr'>Graccho</span> 
     </span>
     <span class='ocr_line' id='line_1_17' title="bbox 103 1945 1203 2039; baseline 0.005 -21"><span class='ocrx_word' id='word_1_134' title='bbox 103 1945 263 2032; x_wconf 83' lang='lat' dir='ltr'>succedere</span> <span class='ocrx_word' id='word_1_135' title='bbox 294 1962 382 2020; x_wconf 81' lang='lat' dir='ltr'>iubet.</span> <span class='ocrx_word' id='word_1_136' title='bbox 433 1964 468 2020; x_wconf 92' lang='lat' dir='ltr'>In</span> <span class='ocrx_word' id='word_1_137' title='bbox 498 1964 626 2022; x_wconf 87' lang='lat' dir='ltr'>Siciliam</span> <span class='ocrx_word' id='word_1_138' title='bbox 658 1953 758 2021; x_wconf 86' lang='lat' dir='ltr'>eodem</span> <span class='ocrx_word' id='word_1_139' title='bbox 788 1974 919 2039; x_wconf 89' lang='lat' dir='ltr'>tempore</span> <span class='ocrx_word' id='word_1_140' title='bbox 948 1965 1006 2020; x_wconf 91' lang='lat' dir='ltr'>duo</span> <span class='ocrx_word' id='word_1_141' title='bbox 1035 1971 1203 2038; x_wconf 78' lang='lat' dir='ltr'>praetoresl</span> 
     </span>
     <span class='ocr_line' id='line_1_18' title="bbox 105 2066 1217 2144; baseline 0.003 -22"><span class='ocrx_word' id='word_1_142' title='bbox 105 2066 241 2140; x_wconf 80' lang='lat' dir='ltr'>profecti,</span> <span class='ocrx_word' id='word_1_143' title='bbox 262 2069 297 2125; x_wconf 90' lang='lat' dir='ltr'>P.</span> <span class='ocrx_word' id='word_1_144' title='bbox 314 2067 465 2126; x_wconf 87' lang='lat' dir='ltr'>Cornelius</span> <span class='ocrx_word' id='word_1_145' title='bbox 488 2069 526 2123; x_wconf 90' lang='lat' dir='ltr'>ad</span> <span class='ocrx_word' id='word_1_146' title='bbox 549 2068 715 2138; x_wconf 79' lang='lat' dir='ltr'>exercitum,</span> <span class='ocrx_word' id='word_1_147' title='bbox 734 2070 770 2126; x_wconf 91' lang='grc' dir='ltr'>Τ.</span> <span class='ocrx_word' id='word_1_148' title='bbox 786 2068 937 2138; x_wconf 63' lang='lat' dir='ltr'>Otacilius</span> <span class='ocrx_word' id='word_1_149' title='bbox 960 2070 1009 2144; x_wconf 88' lang='lat' dir='ltr'>qui</span> <span class='ocrx_word' id='word_1_150' title='bbox 1024 2069 1175 2126; x_wconf 75' lang='lat' dir='ltr'>maritimae</span> <span class='ocrx_word' id='word_1_151' title='bbox 1212 2068 1217 2079; x_wconf 91' lang='lat'>&#39;</span> 
     </span>
     <span class='ocr_line' id='line_1_19' title="bbox 104 2172 1204 2249; baseline 0.006 -22"><span class='ocrx_word' id='word_1_152' title='bbox 104 2191 167 2228; x_wconf 86' lang='lat' dir='ltr'>orae</span> <span class='ocrx_word' id='word_1_153' title='bbox 191 2172 290 2246; x_wconf 83' lang='lat' dir='ltr'>reique</span> <span class='ocrx_word' id='word_1_154' title='bbox 320 2174 420 2230; x_wconf 85' lang='lat' dir='ltr'>navali</span> <span class='ocrx_word' id='word_1_155' title='bbox 448 2183 599 2249; x_wconf 57' lang='lat' dir='ltr'>praeessem</span> <span class='ocrx_word' id='word_1_156' title='bbox 628 2184 657 2230; x_wconf 88' lang='lat' dir='ltr'>et</span> <span class='ocrx_word' id='word_1_157' title='bbox 686 2174 773 2231; x_wconf 89' lang='lat' dir='ltr'>ceteri</span> <span class='ocrx_word' id='word_1_158' title='bbox 803 2174 832 2229; x_wconf 89' lang='lat' dir='ltr'>in</span> <span class='ocrx_word' id='word_1_159' title='bbox 861 2191 930 2230; x_wconf 89' lang='lat' dir='ltr'>suas</span> <span class='ocrx_word' id='word_1_160' title='bbox 962 2174 1084 2248; x_wconf 90' lang='lat' dir='ltr'>quisque</span> <span class='ocrx_word' id='word_1_161' title='bbox 1105 2181 1204 2249; x_wconf 90' lang='lat' dir='ltr'>pro-8</span> 
     </span>
     <span class='ocr_line' id='line_1_20' title="bbox 105 2276 1173 2353; baseline 0.007 -23"><span class='ocrx_word' id='word_1_162' title='bbox 105 2276 219 2334; x_wconf 85' lang='lat' dir='ltr'>vincias</span> <span class='ocrx_word' id='word_1_163' title='bbox 233 2276 366 2351; x_wconf 78' lang='lat' dir='ltr'>profecti,</span> <span class='ocrx_word' id='word_1_164' title='bbox 389 2287 432 2346; x_wconf 48' lang='lat' dir='ltr'>ets</span> <span class='ocrx_word' id='word_1_165' title='bbox 449 2279 552 2352; x_wconf 90' lang='lat' dir='ltr'>quibus</span> <span class='ocrx_word' id='word_1_166' title='bbox 567 2287 756 2352; x_wconf 87' lang='lat' dir='ltr'>prorogatum</span> <span class='ocrx_word' id='word_1_167' title='bbox 778 2279 929 2353; x_wconf 88' lang='lat' dir='ltr'>imperium</span> <span class='ocrx_word' id='word_1_168' title='bbox 953 2288 1023 2350; x_wconf 83' lang='lat' dir='ltr'>erat,</span> <span class='ocrx_word' id='word_1_169' title='bbox 1046 2280 1173 2348; x_wconf 77' lang='lat' dir='ltr'>easdem,</span> 
     </span>
     <span class='ocr_line' id='line_1_21' title="bbox 103 2382 774 2456; baseline 0.003 -19"><span class='ocrx_word' id='word_1_170' title='bbox 103 2400 182 2455; x_wconf 86' lang='lat' dir='ltr'>quas</span> <span class='ocrx_word' id='word_1_171' title='bbox 204 2382 294 2456; x_wconf 88' lang='lat' dir='ltr'>priori</span> <span class='ocrx_word' id='word_1_172' title='bbox 316 2401 402 2452; x_wconf 85' lang='lat' dir='ltr'>anno,</span> <span class='ocrx_word' id='word_1_173' title='bbox 424 2383 556 2456; x_wconf 83' lang='lat' dir='ltr'>regiones</span> <span class='ocrx_word' id='word_1_174' title='bbox 579 2382 774 2440; x_wconf 85' lang='lat' dir='ltr'>obtinuerunt.</span> 
     </span>
    </p>

    <p class='ocr_par' dir='ltr' id='par_1_5' title="bbox 192 2487 1268 2564">
     <span class='ocr_line' id='line_1_22' title="bbox 192 2487 1268 2564; baseline 0.004 -22"><span class='ocrx_word' id='word_1_175' title='bbox 192 2487 242 2542; x_wconf 91' lang='lat' dir='ltr'>Ad</span> <span class='ocrx_word' id='word_1_176' title='bbox 264 2488 475 2556; x_wconf 72' lang='lat' dir='ltr'>Hannibalem,</span> <span class='ocrx_word' id='word_1_177' title='bbox 498 2507 586 2561; x_wconf 89' lang='lat' dir='ltr'>quum</span> <span class='ocrx_word' id='word_1_178' title='bbox 609 2490 646 2545; x_wconf 85' lang='lat' dir='ltr'>ad</span> <span class='ocrx_word' id='word_1_179' title='bbox 668 2490 763 2545; x_wconf 90' lang='lat' dir='ltr'>lacum</span> <span class='ocrx_word' id='word_1_180' title='bbox 787 2488 900 2546; x_wconf 89' lang='lat' dir='ltr'>Averni</span> <span class='ocrx_word' id='word_1_181' title='bbox 930 2498 1019 2560; x_wconf 71' lang='lat' dir='ltr'>esset,</span> <span class='ocrx_word' id='word_1_182' title='bbox 1047 2490 1173 2564; x_wconf 86' lang='lat' dir='ltr'>quinque</span> <span class='ocrx_word' id='word_1_183' title='bbox 1228 2488 1268 2556; x_wconf 78' lang='grc'>13</span> 
     </span>
    </p>

    <p class='ocr_par' dir='ltr' id='par_1_6' title="bbox 105 2592 1171 2681">
     <span class='ocr_line' id='line_1_23' title="bbox 105 2592 1171 2681; baseline 0.004 -35"><span class='ocrx_word' id='word_1_184' title='bbox 105 2592 223 2649; x_wconf 89' lang='lat' dir='ltr'>nobiles</span> <span class='ocrx_word' id='word_1_185' title='bbox 242 2593 360 2681; x_wconf 75' lang='lat' dir='ltr'>iuvenes</span> <span class='ocrx_word' id='word_1_186' title='bbox 382 2593 420 2648; x_wconf 91' lang='lat' dir='ltr'>ab</span> <span class='ocrx_word' id='word_1_187' title='bbox 436 2594 565 2651; x_wconf 90' lang='lat' dir='ltr'>Tarento</span> <span class='ocrx_word' id='word_1_188' title='bbox 589 2602 737 2664; x_wconf 84' lang='lat' dir='ltr'>venerunt,</span> <span class='ocrx_word' id='word_1_189' title='bbox 759 2594 864 2667; x_wconf 87' lang='lat' dir='ltr'>partim</span> <span class='ocrx_word' id='word_1_190' title='bbox 888 2594 925 2649; x_wconf 88' lang='lat' dir='ltr'>ed</span> <span class='ocrx_word' id='word_1_191' title='bbox 940 2594 1171 2651; x_wconf 89' lang='lat' dir='ltr'>Trasumennum</span> 
     </span>
    </p>

    <p class='ocr_par' dir='ltr' id='par_1_7' title="bbox 61 2697 1204 3924">
     <span class='ocr_line' id='line_1_24' title="bbox 61 2697 1172 2772; baseline 0.003 -20"><span class='ocrx_word' id='word_1_192' title='bbox 61 2724 64 2729; x_wconf 93' lang='lat'>·</span> <span class='ocrx_word' id='word_1_193' title='bbox 105 2697 214 2768; x_wconf 88' lang='lat' dir='ltr'>lacum,</span> <span class='ocrx_word' id='word_1_194' title='bbox 238 2699 343 2772; x_wconf 85' lang='lat' dir='ltr'>partim</span> <span class='ocrx_word' id='word_1_195' title='bbox 367 2699 403 2754; x_wconf 87' lang='lat' dir='ltr'>ad</span> <span class='ocrx_word' id='word_1_196' title='bbox 428 2697 545 2756; x_wconf 87' lang='lat' dir='ltr'>Cannas</span> <span class='ocrx_word' id='word_1_197' title='bbox 567 2698 645 2771; x_wconf 88' lang='lat' dir='ltr'>capti</span> <span class='ocrx_word' id='word_1_198' title='bbox 667 2698 835 2772; x_wconf 84' lang='lat' dir='ltr'>dimissique</span> <span class='ocrx_word' id='word_1_199' title='bbox 858 2698 960 2754; x_wconf 89' lang='lat' dir='ltr'>domos</span> <span class='ocrx_word' id='word_1_200' title='bbox 983 2717 1048 2755; x_wconf 90' lang='lat' dir='ltr'>cum</span> <span class='ocrx_word' id='word_1_201' title='bbox 1071 2699 1172 2755; x_wconf 86' lang='lat' dir='ltr'>eadem</span> 
     </span>
     <span class='ocr_line' id='line_1_25' title="bbox 105 2801 1173 2876; baseline -0.001 -19"><span class='ocrx_word' id='word_1_202' title='bbox 105 2801 256 2872; x_wconf 64' lang='lat' dir='ltr'>concitate,</span> <span class='ocrx_word' id='word_1_203' title='bbox 279 2820 337 2876; x_wconf 87' lang='lat' dir='ltr'>qua</span> <span class='ocrx_word' id='word_1_204' title='bbox 358 2821 427 2860; x_wconf 89' lang='lat' dir='ltr'>usus</span> <span class='ocrx_word' id='word_1_205' title='bbox 451 2805 712 2859; x_wconf 72' lang='lat' dir='ltr'>adversus&#39;omnes</span> <span class='ocrx_word' id='word_1_206' title='bbox 734 2805 933 2866; x_wconf 75' lang='lat' dir='ltr'>Romanorum</span> <span class='ocrx_word' id='word_1_207' title='bbox 954 2802 1049 2857; x_wconf 89' lang='lat' dir='ltr'>socios</span> <span class='ocrx_word' id='word_1_208' title='bbox 1064 2803 1173 2858; x_wconf 81' lang='lat' dir='ltr'>Poenus</span> 
     </span>
     <span class='ocr_line' id='line_1_26' title="bbox 107 2905 1203 2981; baseline -0.003 -19"><span class='ocrx_word' id='word_1_209' title='bbox 107 2905 213 2962; x_wconf 84' lang='lat' dir='ltr'>fuerat.</span> <span class='ocrx_word' id='word_1_210' title='bbox 272 2907 310 2964; x_wconf 87' lang='lat' dir='ltr'>Ei</span> <span class='ocrx_word' id='word_1_211' title='bbox 343 2925 485 2967; x_wconf 89' lang='lat' dir='ltr'>memores</span> <span class='ocrx_word' id='word_1_212' title='bbox 514 2906 718 2965; x_wconf 87' lang='lat' dir='ltr'>beneficiorum</span> <span class='ocrx_word' id='word_1_213' title='bbox 751 2909 811 2963; x_wconf 90' lang='lat' dir='ltr'>eius</span> <span class='ocrx_word' id='word_1_214' title='bbox 844 2906 1004 2981; x_wconf 87' lang='lat' dir='ltr'>perpulisse</span> <span class='ocrx_word' id='word_1_215' title='bbox 1036 2912 1203 2977; x_wconf 81' lang='lat' dir='ltr'>nragnam2</span> 
     </span>
     <span class='ocr_line' id='line_1_27' title="bbox 105 2999 1173 3086; baseline -0.004 -19"><span class='ocrx_word' id='word_1_216' title='bbox 105 2999 222 3086; x_wconf 81' lang='lat' dir='ltr'>partem</span> <span class='ocrx_word' id='word_1_217' title='bbox 244 3031 276 3070; x_wconf 90' lang='lat' dir='ltr'>se</span> <span class='ocrx_word' id='word_1_218' title='bbox 297 3011 453 3068; x_wconf 88' lang='lat' dir='ltr'>iuventutis</span> <span class='ocrx_word' id='word_1_219' title='bbox 475 3012 641 3069; x_wconf 73' lang='lat' dir='ltr'>Tarentinae</span> <span class='ocrx_word' id='word_1_220' title='bbox 662 3010 799 3081; x_wconf 84' lang='lat' dir='ltr'>referunt,</span> <span class='ocrx_word' id='word_1_221' title='bbox 822 3021 854 3068; x_wconf 95' lang='lat' dir='ltr'>ut</span> <span class='ocrx_word' id='word_1_222' title='bbox 876 3009 1049 3067; x_wconf 88' lang='lat' dir='ltr'>Hannibalis</span> <span class='ocrx_word' id='word_1_223' title='bbox 1075 3008 1173 3065; x_wconf 89' lang='lat' dir='ltr'>amici-</span> 
     </span>
     <span class='ocr_line' id='line_1_28' title="bbox 107 3113 1173 3191; baseline -0.002 -21"><span class='ocrx_word' id='word_1_224' title='bbox 107 3115 178 3172; x_wconf 82' lang='lat' dir='ltr'>tiam</span> <span class='ocrx_word' id='word_1_225' title='bbox 202 3135 237 3175; x_wconf 92' lang='lat' dir='ltr'>ac</span> <span class='ocrx_word' id='word_1_226' title='bbox 258 3118 425 3174; x_wconf 84' lang='lat' dir='ltr'>societatem</span> <span class='ocrx_word' id='word_1_227' title='bbox 453 3135 540 3190; x_wconf 89' lang='lat' dir='ltr'>quam</span> <span class='ocrx_word' id='word_1_228' title='bbox 567 3116 667 3191; x_wconf 91' lang='lat' dir='ltr'>populi</span> <span class='ocrx_word' id='word_1_229' title='bbox 689 3118 816 3173; x_wconf 87' lang='lat' dir='ltr'>Romani</span> <span class='ocrx_word' id='word_1_230' title='bbox 841 3116 973 3183; x_wconf 87' lang='lat' dir='ltr'>mallent,</span> <span class='ocrx_word' id='word_1_231' title='bbox 1002 3113 1173 3187; x_wconf 87' lang='lat' dir='ltr'>legatosque</span> 
     </span>
     <span class='ocr_line' id='line_1_29' title="bbox 108 3219 1172 3296; baseline -0.002 -20"><span class='ocrx_word' id='word_1_232' title='bbox 108 3220 147 3276; x_wconf 85' lang='lat' dir='ltr'>ab</span> <span class='ocrx_word' id='word_1_233' title='bbox 169 3221 228 3277; x_wconf 88' lang='lat' dir='ltr'>suis</span> <span class='ocrx_word' id='word_1_234' title='bbox 249 3223 354 3278; x_wconf 88' lang='lat' dir='ltr'>missos</span> <span class='ocrx_word' id='word_1_235' title='bbox 376 3240 481 3296; x_wconf 88' lang='lat' dir='ltr'>rogare</span> <span class='ocrx_word' id='word_1_236' title='bbox 504 3222 711 3291; x_wconf 80' lang='lat' dir='ltr'>Hannibalem,</span> <span class='ocrx_word' id='word_1_237' title='bbox 733 3231 765 3278; x_wconf 91' lang='lat' dir='ltr'>ut</span> <span class='ocrx_word' id='word_1_238' title='bbox 787 3222 943 3278; x_wconf 85' lang='lat' dir='ltr'>exercitum</span> <span class='ocrx_word' id='word_1_239' title='bbox 966 3219 1087 3295; x_wconf 87' lang='lat' dir='ltr'>propius</span> <span class='ocrx_word' id='word_1_240' title='bbox 1109 3220 1172 3275; x_wconf 87' lang='lat' dir='ltr'>Ta-</span> 
     </span>
     <span class='ocr_line' id='line_1_30' title="bbox 106 3325 1203 3401; baseline -0.002 -20"><span class='ocrx_word' id='word_1_241' title='bbox 106 3334 222 3383; x_wconf 82' lang='lat' dir='ltr'>rentum</span> <span class='ocrx_word' id='word_1_242' title='bbox 244 3329 412 3384; x_wconf 87' lang='lat' dir='ltr'>admoveat:</span> <span class='ocrx_word' id='word_1_243' title='bbox 435 3327 459 3382; x_wconf 88' lang='lat' dir='ltr'>si</span> <span class='ocrx_word' id='word_1_244' title='bbox 481 3325 563 3400; x_wconf 89' lang='lat' dir='ltr'>sigua</span> <span class='ocrx_word' id='word_1_245' title='bbox 581 3325 651 3394; x_wconf 84' lang='lat' dir='ltr'>eius,</span> <span class='ocrx_word' id='word_1_246' title='bbox 674 3326 698 3381; x_wconf 90' lang='lat' dir='ltr'>si</span> <span class='ocrx_word' id='word_1_247' title='bbox 714 3335 811 3383; x_wconf 87' lang='lat' dir='ltr'>castra</span> <span class='ocrx_word' id='word_1_248' title='bbox 832 3330 988 3401; x_wconf 85' lang='lat' dir='ltr'>conspecta</span> <span class='ocrx_word' id='word_1_249' title='bbox 1010 3326 1203 3385; x_wconf 85' lang='lat' dir='ltr'>aTarento3</span> 
     </span>
     <span class='ocr_line' id='line_1_31' title="bbox 108 3424 1171 3505; baseline -0.004 -18"><span class='ocrx_word' id='word_1_250' title='bbox 108 3433 183 3499; x_wconf 82' lang='lat' dir='ltr'>sint,</span> <span class='ocrx_word' id='word_1_251' title='bbox 220 3433 298 3488; x_wconf 88' lang='lat' dir='ltr'>haud</span> <span class='ocrx_word' id='word_1_252' title='bbox 324 3431 413 3487; x_wconf 89' lang='lat' dir='ltr'>ullam</span> <span class='ocrx_word' id='word_1_253' title='bbox 441 3430 662 3486; x_wconf 83' lang='lat' dir='ltr'>intercessuram</span> <span class='ocrx_word' id='word_1_254' title='bbox 695 3448 823 3500; x_wconf 84' lang='lat' dir='ltr'>moram,</span> <span class='ocrx_word' id='word_1_255' title='bbox 855 3432 924 3505; x_wconf 91' lang='lat' dir='ltr'>quin</span> <span class='ocrx_word' id='word_1_256' title='bbox 952 3424 1109 3500; x_wconf 81' lang='lat' dir='ltr'>urbs**¹);</span> <span class='ocrx_word' id='word_1_257' title='bbox 1143 3428 1171 3484; x_wconf 90' lang='lat' dir='ltr'>in</span> 
     </span>
     <span class='ocr_line' id='line_1_32' title="bbox 107 3523 1171 3610; baseline 0 -20"><span class='ocrx_word' id='word_1_258' title='bbox 107 3543 254 3608; x_wconf 86' lang='lat' dir='ltr'>potestate</span> <span class='ocrx_word' id='word_1_259' title='bbox 275 3536 417 3592; x_wconf 87' lang='lat' dir='ltr'>iuniorum</span> <span class='ocrx_word' id='word_1_260' title='bbox 447 3523 560 3609; x_wconf 88' lang='lat' dir='ltr'>plebem</span> <span class='ocrx_word' id='word_1_261' title='bbox 570 3575 581 3603; x_wconf 15' lang='grc' dir='ltr'>,Α</span> <span class='ocrx_word' id='word_1_262' title='bbox 606 3534 635 3589; x_wconf 90' lang='lat' dir='ltr'>in</span> <span class='ocrx_word' id='word_1_263' title='bbox 667 3553 754 3591; x_wconf 86' lang='lat' dir='ltr'>manu</span> <span class='ocrx_word' id='word_1_264' title='bbox 777 3535 869 3610; x_wconf 87' lang='lat' dir='ltr'>plebis</span> <span class='ocrx_word' id='word_1_265' title='bbox 898 3554 959 3591; x_wconf 89' lang='lat' dir='ltr'>rem</span> <span class='ocrx_word' id='word_1_266' title='bbox 982 3535 1171 3591; x_wconf 86' lang='lat' dir='ltr'>Tarentinam</span> 
     </span>
     <span class='ocr_line' id='line_1_33' title="bbox 109 3639 1203 3714; baseline 0.003 -19"><span class='ocrx_word' id='word_1_267' title='bbox 109 3657 181 3700; x_wconf 85' lang='lat' dir='ltr'>esse:</span> <span class='ocrx_word' id='word_1_268' title='bbox 224 3640 374 3697; x_wconf 86' lang='lat' dir='ltr'>Hannibal</span> <span class='ocrx_word' id='word_1_269' title='bbox 402 3639 583 3697; x_wconf 87' lang='lat' dir='ltr'>collaudatos</span> <span class='ocrx_word' id='word_1_270' title='bbox 613 3658 663 3696; x_wconf 88' lang='lat' dir='ltr'>eos</span> <span class='ocrx_word' id='word_1_271' title='bbox 690 3651 883 3714; x_wconf 86' lang='lat' dir='ltr'>oneratosque</span> <span class='ocrx_word' id='word_1_272' title='bbox 910 3640 1074 3714; x_wconf 86' lang='lat' dir='ltr'>ingentibus</span> <span class='ocrx_word' id='word_1_273' title='bbox 1103 3648 1203 3713; x_wconf 76' lang='lat' dir='ltr'>pro-l</span> 
     </span>
     <span class='ocr_line' id='line_1_34' title="bbox 110 3744 1172 3818; baseline 0.001 -19"><span class='ocrx_word' id='word_1_274' title='bbox 110 3744 205 3800; x_wconf 83' lang='lat' dir='ltr'>missis</span> <span class='ocrx_word' id='word_1_275' title='bbox 226 3746 342 3802; x_wconf 90' lang='lat' dir='ltr'>domum</span> <span class='ocrx_word' id='word_1_276' title='bbox 372 3745 408 3801; x_wconf 89' lang='lat' dir='ltr'>ad</span> <span class='ocrx_word' id='word_1_277' title='bbox 439 3753 534 3818; x_wconf 83' lang='lat' dir='ltr'>coepta</span> <span class='ocrx_word' id='word_1_278' title='bbox 564 3746 737 3801; x_wconf 86' lang='lat' dir='ltr'>maturanda</span> <span class='ocrx_word' id='word_1_279' title='bbox 757 3745 852 3801; x_wconf 90' lang='lat' dir='ltr'>redire</span> <span class='ocrx_word' id='word_1_280' title='bbox 873 3745 966 3800; x_wconf 85' lang='lat' dir='ltr'>iubet:</span> <span class='ocrx_word' id='word_1_281' title='bbox 989 3746 1020 3800; x_wconf 78' lang='lat' dir='ltr'>s&#39;e</span> <span class='ocrx_word' id='word_1_282' title='bbox 1043 3745 1073 3799; x_wconf 90' lang='lat' dir='ltr'>in</span> <span class='ocrx_word' id='word_1_283' title='bbox 1096 3753 1172 3800; x_wconf 81' lang='lat' dir='ltr'>te&#39;m-</span> 
     </span>
     <span class='ocr_line' id='line_1_35' title="bbox 108 3847 1204 3924; baseline 0.004 -19"><span class='ocrx_word' id='word_1_284' title='bbox 108 3868 181 3922; x_wconf 89' lang='lat' dir='ltr'>pore</span> <span class='ocrx_word' id='word_1_285' title='bbox 203 3847 359 3907; x_wconf 86' lang='lat' dir='ltr'>affuturum</span> <span class='ocrx_word' id='word_1_286' title='bbox 382 3867 454 3906; x_wconf 88' lang='lat' dir='ltr'>esse.</span> <span class='ocrx_word' id='word_1_287' title='bbox 502 3848 569 3904; x_wconf 87' lang='lat' dir='ltr'>Hac</span> <span class='ocrx_word' id='word_1_288' title='bbox 584 3867 648 3906; x_wconf 91' lang='lat' dir='ltr'>cum</span> <span class='ocrx_word' id='word_1_289' title='bbox 670 3866 722 3923; x_wconf 87' lang='lat' dir='ltr'>spe</span> <span class='ocrx_word' id='word_1_290' title='bbox 742 3848 852 3904; x_wconf 85' lang='lat' dir='ltr'>dimissi</span> <span class='ocrx_word' id='word_1_291' title='bbox 867 3848 1027 3906; x_wconf 84' lang='lat' dir='ltr'>Tarentini.</span> <span class='ocrx_word' id='word_1_292' title='bbox 1072 3850 1204 3924; x_wconf 86' lang='lat' dir='ltr'>Ipsum5</span> 
     </span>
    </p>
   </div>
   <div class='ocr_carea' id='block_1_3' title="bbox 154 3995 1141 4067">
    <p class='ocr_par' dir='ltr' id='par_1_8' title="bbox 154 3995 1141 4067">
     <span class='ocr_line' id='line_1_36' title="bbox 154 3995 1141 4067; baseline 0.004 -21"><span class='ocrx_word' id='word_1_293' title='bbox 154 3995 178 4046; x_wconf 80' lang='lat' dir='ltr'>²t</span> <span class='ocrx_word' id='word_1_294' title='bbox 198 4001 356 4054; x_wconf 77' lang='lat' dir='ltr'>Exciderunt</span> <span class='ocrx_word' id='word_1_295' title='bbox 374 4007 491 4067; x_wconf 72' lang='lat' dir='ltr'>quadam</span> <span class='ocrx_word' id='word_1_296' title='bbox 514 4005 540 4051; x_wconf 92' lang='lat' dir='ltr'>in</span> <span class='ocrx_word' id='word_1_297' title='bbox 558 4003 625 4050; x_wconf 82' lang='lat' dir='ltr'>hanc</span> <span class='ocrx_word' id='word_1_298' title='bbox 644 4004 810 4054; x_wconf 86' lang='lat' dir='ltr'>sententiam:</span> <span class='ocrx_word' id='word_1_299' title='bbox 839 4004 867 4051; x_wconf 88' lang='lat' dir='ltr'>ei</span> <span class='ocrx_word' id='word_1_300' title='bbox 892 4001 1051 4054; x_wconf 78' lang='lat' dir='ltr'>tradatur.</span> <span class='ocrx_word' id='word_1_301' title='bbox 1135 3998 1141 4012; x_wconf 77' lang='lat'><strong><em>¹</em></strong></span> 
     </span>
    </p>
   </div>
   <div class='ocr_carea' id='block_1_4' title="bbox 0 0 1356 4426">
    <p class='ocr_par' dir='ltr' id='par_1_9' title="bbox 0 0 1356 4426">
     <span class='ocr_line' id='line_1_37' title="bbox 0 0 1356 4426; baseline 0 0"><span class='ocrx_word' id='word_1_302' title='bbox 0 0 1356 4426; x_wconf 95' lang='lat' dir='ltr'> </span> 
     </span>
    </p>
   </div>
  </div>
 </body>
</html>
