2674 4542
303 247 363 304 240
402 211 407 220 ’
575 243 654 294 nne
670 242 759 296 xxv.
796 239 998 306 (amaru.)

229 430 247 484 4
344 426 484 485 Romanis
512 426 642 494 iuterim,
670 426 745 483 sicut
771 425 894 483 aliarum
915 443 1028 495 rernm,
1060 423 1147 481 arcis
1169 423 1197 480 T
1266 421 1273 434 '

260 531 457 609 preasidiique,
480 532 558 606 quod
582 531 623 588 ibi
644 531 840 602 obsideretur,
874 549 945 588 cure
965 538 1018 586 est.
1067 528 1106 586 C.
1131 527 1262 587 Serviliis

260 645 354 712 gatus,
376 655 413 692 ex
439 636 612 694 auctoritato
641 645 756 711 patrum
781 655 800 692 e
821 636 858 693 P.
882 634 1019 692 Cornelio
1040 643 1178 709 praetore
1196 632 1225 688 in
1325 661 1326 664 ¹

259 740 333 798 riam
356 740 393 796 ad
415 739 589 798 frumentum
612 739 801 798 coemendum
824 741 944 809 missus,
973 757 1038 796 cum
1069 739 1194 812 aliquot
1213 736 1269 792 uari

260 845 372 903 onustis
401 845 431 901 iu
453 855 567 919 portum
590 847 781 903 Terentinum
809 846 885 902 inter
904 844 1031 902 hostium
1053 843 1214 900 custodias
1232 859 1287 916 perr
1327 889 1328 904 i

231 950 311 1010 buit.
359 947 448 1006 Cuius
470 950 605 1019 adventu,
628 951 678 1024 qui
702 961 769 1008 ante
789 951 820 1007 in
846 950 952 1024 exigue
981 967 1034 1024 spe
1063 949 1175 1006 vocati
1197 965 1264 1021 sape
1325 977 1328 1008 t

198 1031 201 1036 Ι
261 1053 458 1112 transitionem
482 1055 519 1110 ab
541 1054 672 1114 hostibus
694 1073 747 1129 per
768 1053 914 1128 colloquia
936 1062 1034 1125 erant,
1066 1053 1154 1111 ultro
1184 1053 1220 1109 ad
1326 1079 1329 1114 i

260 1160 385 1216 eundum
407 1158 504 1215 hostes
527 1160 674 1215 vocabant
696 1159 959 1232 sollicitabantque.
1005 1159 1046 1216 Et
1067 1168 1142 1216 erat
1171 1159 1272 1214 satier

261 1266 328 1322 dum
351 1264 525 1339 presidium,
547 1264 750 1320 traductis-ad
769 1283 865 1321 arcem
887 1265 1009 1321 Terenti
1030 1266 1181 1322 tuendam
1203 1283 1222 1319 ιι
1241 1262 1271 1317 Μ

230 1377 248 1432 6
256 1377 342 1444 ponto
363 1368 510 1425 militibus.
555 1370 659 1443 ltaque
674 1369 868 1444 Metapontini
883 1369 1029 1442 extemplo
1053 1379 1152 1439 metu,
1176 1379 1261 1443 quot

259 1474 375 1545 bantur,
395 1473 510 1530 liberati
532 1472 570 1530 ad
593 1472 788 1530 Hannibalem
810 1472 950 1531 defecere.

231 1588 247 1642 7
343 1579 410 1634 Hoc
431 1578 508 1634 idern
530 1577 631 1634 eedem
654 1597 707 1634 ore
735 1578 824 1635 maris
845 1587 875 1635 et
895 1575 1018 1633 Thurini
1046 1573 1199 1644 feceruut.
1239 1578 1280 1632 Mo
1329 1611 1330 1620 κ

260 1699 311 1738 eos
347 1699 405 1738 non
437 1681 661 1738 Tarentinorum
697 1683 791 1757 magis
813 1682 952 1740 'defectio
987 1682 1289 1756 Metapontinorumqu
1329 1727 1330 1732 ,

261 1784 374 1859 quibus,
407 1786 532 1843 indidem
558 1806 595 1844 ex
622 1787 739 1845 Achaia
763 1787 885 1854 oriundi,
916 1786 1003 1842 etiam
1035 1789 1221 1861 cognatione
1243 1787 1281 1842 iun

260 1898 352 1959 erant,
376 1908 462 1964 quam
485 1891 531 1946 ire
550 1890 580 1947 in
602 1892 752 1949 Romanos
782 1901 903 1966 propter
929 1890 1044 1947 obsides
1070 1910 1174 1966 nuper
1201 1893 1240 1948 int

230 2001 316 2059 stes.
360 1996 470 2053 Eorum
493 1995 579 2052 amici
606 1997 781 2072 cognatique
807 1997 917 2053 litteras
940 2012 975 2051 ac
1002 1996 1125 2052 nuntios
1149 1999 1191 2054 ad
1212 1997 1284 2054 Ham
1330 2009 1331 2014 ¹

260 2119 326 2158 nem
348 2101 573 2174 Magonemque,
595 2101 644 2175 qui
666 2102 695 2157 in
716 2100 881 2176 propinquo
913 2101 942 2156 in
963 2101 1087 2157 Bruttiis
1115 2111 1219 2172 eraut,
1246 2100 1275 2156 m'

260 2213 336 2274 runt,
369 2205 394 2260 si
413 2208 570 2263 exercitum
602 2207 640 2262 ed
669 2206 775 2263 moenia
798 2205 1009 2274 admovissent,
1036 2223 1069 2261 se
1092 2203 1126 2262 in
1157 2211 1273 2280 potestat
1327 2245 1331 2268 .,

230 2315 359 2370 aeorum
383 2311 483 2367 urbem
498 2311 655 2368 tradituros
677 2329 749 2370 esse.
793 2311 833 2368 M.
854 2310 972 2367 Atinius
986 2310 1107 2367 Thuriis
1132 2329 1202 2366 cum
1218 2306 1281 2364 rnodi

261 2414 396 2488 prasidio
416 2426 548 2489 preerat,
570 2433 655 2488 quem
679 2415 765 2472 facile
785 2415 850 2472 elici
865 2415 904 2472 ad
924 2423 1071 2472 cemamen
1093 2424 1209 2471 temere
1229 2413 1280 2468 iuer

262 2519 330 2575 dum
354 2521 493 2575 rebantur
518 2537 618 2594 posse,
653 2538 712 2576 uon
734 2529 789 2576 tom
812 2518 949 2589 militum,
981 2537 1055 2593 quos
1085 2536 1251 2594 perpaucos

260 2624 362 2691 bebat,
401 2624 507 2681 fiducia
537 2643 624 2698 quam
653 2624 810 2681 iuventutis
839 2623 990 2691 Thurinae3
1019 2641 1085 2680 eam
1119 2643 1160 2680 ex
1189 2619 1290 2680 industri

213 2731 248 2785 10
261 2729 473 2786 centuriaverat
504 2739 728 2802 armaveratque
760 2728 797 2784 ad
831 2727 902 2790 tales
938 2745 1031 2784 casus.
1090 2727 1207 2785 Divisis
1238 2723 1294 2798 cop'

260 2832 335 2892 inter
355 2851 387 2890 se
408 2834 495 2890 duces
517 2833 602 2890 Poeni
634 2851 721 2906 quum
745 2849 847 2906 agrum
877 2831 1039 2888 Thurinum
1067 2830 1197 2906 ingressi
1224 2836 1306 2894 essert,

261 2937 369 2995 Hanno
394 2956 458 2995 cum
482 2938 609 3012 peditum
625 2938 741 3010 agmine
761 2936 874 2994 infestis
895 2935 985 3025 signis
1006 2935 1048 2993 ire
1073 2937 1114 2992 ad
1137 2939 1238 2994 urbem
1256 2951 1308 3008 pu*

261 3040 312 3116 git,
334 3043 426 3117 Mago
441 3061 505 3098 cum
522 3042 650 3116 equitatu
665 3050 757 3098 tectus
772 3040 893 3097 collibus
908 3049 976 3114 apte
990 3041 1031 3096 ad
1042 3029 1189 3114 tegendas
1209 3037 1305 3098 insidias

212 3145 246 3200 11
262 3145 403 3220 oppositis
424 3147 562 3207 subsistit.
611 3145 739 3214 Atinius,
766 3145 894 3218 peditum
922 3154 1032 3202 tantum
1055 3145 1177 3220 agmine
1197 3164 1247 3222 per
1269 3159 1307 3197 er·

261 3249 423 3324 ploratores
438 3261 597 3326 comperto,
613 3252 643 3308 in
658 3251 750 3308 aciem
766 3250 866 3325 copias
881 3249 985 3319 educit,
1007 3257 1037 3306 et
1057 3249 1173 3307 fraudis
1187 3247 1305 3308 ursus

212 3354 437 3411 matronium
466 3355 636 3412 insidiarum
666 3356 795 3430 ignarus.
853 3355 993 3412 Pedestre
1021 3354 1156 3430 proelium
1180 3355 1234 3412 fuit
1256 3367 1305 3426 per·

261 3475 365 3533 segne,
393 3457 492 3533 paucis
524 3458 553 3515 in
575 3459 669 3533 prima
696 3460 758 3517 acie
786 3459 981 3534 pugnantibus
1003 3461 1161 3531 Romanis,
1190 3454 1303 3519 Thuriu‘t

129 3635 132 3644 Ι
261 3563 497 3636 exspectantibus
519 3563 612 3639 magis
634 3582 722 3638 quum
744 3563 949 3622 adiuvantibus
971 3575 1120 3636 eventum3
1148 3577 1179 3624 et
1201 3563 1303 3623 Cartht·

261 3666 433 3741 giuiensium
467 3668 544 3725 acies
579 3669 615 3725 de
642 3668 785 3725 industria
815 3669 918 3743 pedem
937 3669 1098 3740 referebat,
1129 3680 1163 3728 ut
1185 3672 1223 3728 ad
1242 3680 1303 3736 urg·

171 3747 174 3759 ¹
263 3770 344 3828 collis
377 3772 415 3828 ab
453 3773 550 3846 equite
581 3792 634 3830 suo
666 3773 769 3830 insessi
807 3775 919 3830 hostem
954 3775 1101 3832 incautum
1135 3776 1301 3850 pertraheret

214 3875 248 3930 13
263 3875 329 3948 Quo
358 3876 407 3932 ubi
436 3886 480 3932 est
499 3886 632 3947 ventum,
662 3878 754 3934 coorti
780 3897 844 3934 cum
875 3878 1003 3936 clamore
1029 3880 1141 3953 equites
1170 3875 1302 3954 propriu·

263 3979 407 4035 conditam
443 3981 639 4037 Thurinorum
672 3983 786 4038 turbam
827 4001 880 4039 nec
903 3983 982 4044 ,satis
1007 3983 1065 4040 fido
1102 3984 1216 4054 animo,
1246 3976 1300 4038 undu
