2704 4552
308 235 364 290 122
573 231 652 280 Liber
670 229 770 281 xxm.
808 228 851 294 (A.
864 243 888 278 u.
902 243 924 280 e.
941 231 1012 286 588.)

264 415 374 491 aquilea
388 412 566 472 habeamus?
581 412 739 470 Pecuniam
751 411 852 468 deesse
862 411 1001 481 dieamus,
1015 421 1160 485 tanquam
1171 429 1210 467 ea
1220 419 1316 466 tantun
1340 433 1341 466 l

234 523 251 577 6
264 517 356 578 desit?
370 518 461 588 Nihil,
475 537 512 574 ne
527 517 605 592 quod
616 517 817 592 suppleremus
832 517 957 590 quidem,
971 516 1055 572 nobis
1070 515 1192 590 reliquit
1205 515 1315 574 senuna.
1340 541 1341 570 1

239 641 243 650 ·
265 624 417 698 Legiones,
439 622 593 695 equitatus,
616 639 708 690 arma,
732 622 831 696 signa,
852 622 919 695 equi
940 621 1070 696 virique,
1092 621 1230 695 pecunia,
1251 639 1316 676 eou-

264 737 376 784 meatus
398 727 498 784 autin
520 725 583 783 acie
605 735 656 782 aut
684 726 758 782 binis
779 735 898 800 postero
919 726 966 782 die
988 725 1103 782 amissis
1126 727 1233 782 cestria
1254 725 1314 799 pui-

236 842 357 895 7erunt.
404 831 510 904 Itaque
531 849 589 886 non
611 831 715 887 iuvetis
737 849 790 888 uos
811 831 842 886 in
857 829 932 886 bello
954 839 1080 905 oportet,
1104 829 1259 904 Campani,
1279 827 1314 884 sed

235 946 346 1011 spana
375 935 480 992 bellum
514 954 568 1010 pro
596 935 680 992 nobis
704 934 878 1009 suscipiatis.
932 933 1041 991 Veniat
1068 935 1100 990 in
1128 945 1268 1002 mentem,
1293 945 1314 986 ut

265 1038 392 1112 trepidos
415 1038 561 1111 quondam
585 1040 709 1096 maiores
730 1048 843 1097 vestros
866 1039 942 1095 intra
957 1039 1065 1096 moenia
1079 1039 1258 1114 compulsos,
1277 1055 1314 1092 nee

267 1142 425 1201 Samnitem
441 1143 528 1200 modo
550 1145 673 1212 hostem,
695 1144 747 1200 sed
767 1144 854 1200 etiam
880 1143 1038 1202 Sidicinum
1060 1153 1214 1217 paventes,
1235 1160 1314 1214 recep·

267 1259 312 1304 tos
335 1246 471 1304 infidam
500 1249 540 1304 od
561 1248 720 1307 Saticulam
746 1246 972 1316 defenderimus,
1001 1255 1191 1320 ereptumque
1217 1255 1315 1321 propter
1341 1275 1342 1292 ι

267 1367 406 1410 vescum
430 1351 607 1410 Samnitibus
631 1352 736 1410 bellum
758 1370 812 1426 per
826 1362 938 1409 centum
961 1343 1059 1426 prope
1075 1370 1182 1419 annos,
1204 1351 1313 1408 variante
1341 1383 1342 1404 1

236 1453 384 1515 9fortuua
412 1465 560 1526 eventum,
594 1457 752 1514 tulerimus.
801 1457 928 1514 Adiicite
951 1457 989 1514 ad
1014 1457 1092 1525 hec,
1127 1457 1209 1530 quod
1239 1455 1313 1512 fode

266 1576 379 1632 aequum
405 1559 523 1628 deditis,
554 1563 632 1634 quod
656 1562 735 1637 leges
764 1571 892 1630 vestras,
923 1561 1002 1636 quod
1035 1560 1073 1617 ad
1095 1557 1313 1626 extremum,id
1341 1591 1342 1596 κ

267 1662 346 1735 quod
368 1672 435 1719 ante
458 1662 639 1722 Cannensem
662 1677 739 1723 certe
767 1667 879 1723 cladem
901 1666 1059 1722 maximum
1084 1664 1157 1734 fuit,
1189 1666 1311 1722 civitaten

268 1777 396 1824 nostram
425 1785 537 1842 magnae
568 1773 643 1845 parti
674 1780 802 1827 vestrum
834 1770 965 1827 dedimus
997 1769 1312 1840 communicavimusque

195 1915 198 1922 -
219 1878 254 1932 10
268 1871 428 1930 vobiscum.
471 1873 577 1947 ltaque
599 1892 781 1932 communem
804 1893 858 1932 vos
880 1876 956 1931 hanc
978 1874 1100 1943 cladem,
1123 1891 1191 1946 quae
1214 1885 1311 1946 accepta

268 1986 320 2046 est,
342 1977 467 2046 credere,
490 1977 643 2054 Campani,
671 1989 801 2053 oportet,
830 1995 1011 2037 communem
1039 1977 1166 2050 patriam
1198 1978 1311 2035 tuendam

219 2087 250 2141 ll
268 2082 403 2138 arbitrari
425 2099 496 2138 esse.
544 2083 614 2140 Non
641 2101 705 2140 aum
737 2084 867 2142 Samnite
897 2092 948 2139 aut
975 2082 1101 2138 Etrusco
1124 2101 1172 2139 res
1203 2094 1259 2151 est,
1285 2093 1312 2134 ut.

269 2188 346 2262 quod
370 2206 388 2242 a
409 2186 493 2243 nobis
516 2187 644 2243 ablatum
666 2188 712 2257 sit,
734 2189 763 2245 iu
784 2188 873 2245 Italia
897 2197 993 2243 tamen
1024 2185 1179 2259 imperium
1202 2197 1311 2248 maneae

268 2293 376 2348 Poenus
397 2290 488 2348 hostis
504 2309 540 2346 ne
554 2290 664 2348 Africae
679 2293 794 2366 quidem
816 2291 981 2366 indigenam
1007 2291 1044 2346 ab
1066 2290 1175 2348 ultimis
1191 2301 1310 2348 terrarum

268 2395 336 2466 oris,
359 2394 434 2452 freto
458 2394 568 2452 Oceani
588 2396 781 2470 Herculisque
803 2396 953 2466 columnis,
975 2403 1125 2470 expertem
1148 2396 1240 2452 omnis
1259 2392 1310 2450 imis

218 2502 253 2556 12
268 2509 296 2558 et
318 2500 494 2557 condicionis
517 2509 545 2556 et
565 2500 671 2574 linguae
692 2519 784 2575 prope
805 2502 939 2558 humana
963 2499 1081 2556 militem
1103 2502 1202 2560 trahit.
1243 2501 1310 2555 Hun·

268 2615 373 2662 natura
395 2615 423 2661 et
445 2604 574 2661 moribus
598 2605 737 2660 immitem
768 2604 920 2678 ferumque
947 2605 1066 2678 insuper
1091 2605 1154 2660 dux
1178 2606 1239 2678 ipse
1259 2600 1309 2658 effe-

267 2709 358 2778 ravit,
391 2708 526 2783 pontibns
560 2727 595 2765 ac
628 2709 752 2766 molibus
775 2728 812 2766 ex
841 2711 1033 2766 humanorum
1066 2727 1221 2782 corporum
1251 2719 1309 2762 smne

267 2814 408 2871 faciendis
432 2825 469 2883 et,
492 2812 570 2885 quod
594 2812 728 2886 proloqui
750 2814 837 2870 etiam
858 2815 953 2889 piget,
977 2812 1056 2869 vesci
1078 2813 1248 2886 corporibus
1271 2813 1309 2865 hu·

220 2921 254 2974 13
268 2919 360 2976 manis
383 2917 525 2976 docendo.
574 2918 630 2974 His
656 2917 783 2976 infandis
812 2926 912 2993 pastos
934 2919 1043 2993 epulis,
1065 2935 1141 2990 quos
1165 2916 1309 2987 contingere

267 3024 354 3081 etiam
376 3021 459 3080 nefas
482 3023 529 3092 sit,
560 3022 660 3078 videre
689 3032 777 3096 atque
805 3023 913 3080 habere
943 3023 1076 3080 dominos
1103 3030 1133 3078 et
1164 3041 1201 3078 ex
1229 3018 1308 3077 Africa

267 3137 296 3183 et
325 3146 343 3183 a
365 3125 542 3197 Carthagine
562 3126 627 3182 iura
647 3136 745 3200 petere
777 3137 806 3184 et
826 3127 942 3184 ltaliam
964 3128 1160 3185 Numidarum
1189 3143 1223 3180 ae
1242 3124 1309 3178 Mau·

266 3251 364 3290 rorum
388 3231 450 3306 pati
471 3228 650 3304 provinciam
673 3249 750 3301 esse,
780 3233 826 3288 cui
847 3251 919 3303 non,
941 3233 1040 3307 genito
1072 3231 1161 3288 modo
1183 3230 1211 3285 in
1232 3225 1308 3283 Italia

220 3341 251 3394 ll
267 3334 437 3394 detestabile
471 3332 528 3391 eit?
564 3335 721 3392 Pulchrum
755 3335 823 3406 erit,
854 3334 1013 3411 Campani,
1048 3335 1216 3410 prolapsum
1244 3329 1308 3386 clade

267 3445 465 3500 Romanorum
485 3439 637 3512 imperium
659 3450 757 3498 vestra
776 3441 849 3511 lide,
875 3441 978 3498 vestris
999 3439 1110 3496 viribus
1131 3448 1265 3496 retentum
1284 3449 1307 3488 ac

219 3550 253 3602 15
268 3554 470 3620 recuperatum
491 3561 564 3604 esse.
611 3545 747 3619 Triginta
769 3545 858 3602 millia
880 3547 1018 3620 peditum,
1042 3551 1182 3618 quattuor
1201 3540 1307 3614 equitum
1342 3555 1343 3558 ¹

268 3651 395 3707 arbitror
416 3669 453 3706 ex
475 3648 638 3723 Campania
659 3651 747 3706 scribi
767 3668 869 3724 posse3
907 3651 967 3706 iam
989 3648 1119 3724 pecuniae
1141 3646 1246 3704 affatim
1276 3651 1308 3696 est

268 3755 469 3830 frumentique.
523 3755 556 3813 Si
586 3773 685 3829 parem
715 3754 841 3812 fortuna
872 3763 977 3812 vestras
1002 3755 1088 3812 fidem
1117 3753 1240 3820 habetis,
1267 3763 1307 3802 uec

268 3860 418 3918 Hannibal
439 3877 470 3916 se
492 3860 595 3917 vicisse
616 3859 720 3916 sentiet
740 3878 794 3918 nec
815 3859 941 3918 Romani
963 3859 1056 3916 victos
1080 3864 1173 3914 esee.“

173 3960 194 4025 6
353 3966 397 4020 Ab
420 3965 475 4020 hac
497 3965 629 4023 oratioue
651 3965 777 4020 consulis
799 3963 925 4021 dimissis
947 3962 1305 4036 redeuntibusque'domum
