2748 4556
367 233 447 283 mter
462 231 564 281 mx
600 233 647 298 (Δ.
661 231 792 295 cusat.)
1006 239 1059 295 181

35 416 243 474 condicionem
265 416 421 492 accipienti
440 435 530 472 unum
554 433 592 472 ex
611 417 755 486 meantis,
777 435 852 492 quos
872 418 996 476 inermes
1017 419 1108 478 habe-

35 523 90 592 bat,
113 521 224 578 tradit.
272 521 334 580 Ubi
355 523 413 578 hoc
433 521 523 578 modo
545 531 765 578 exauctoratum
786 523 911 596 equitem
932 541 997 579 cum
1012 524 1109 597 gratia

34 625 228 700 imperatoris
253 626 342 683 ceteri
363 626 515 697 viderunt,
549 645 582 682 se
613 624 736 700 quisque
756 645 897 684 excusare
917 637 946 683 et
967 627 1110 684 vicarium

35 731 177 805 accipere.
229 731 278 788 Ita
301 730 438 787 trecentis
467 729 572 789 Siculis
593 731 720 789 Romani
747 731 858 804 equites
879 731 1025 789 substituti
1046 732 1109 789 sine
1125 739 1160 792 10

33 835 149 909 publica
172 836 323 911 impensa.
374 835 583 892 Docendorum
604 854 704 892 curam
726 835 817 895 Siculi
837 838 1017 908 habuerunt,
1040 839 1110 912 quia

35 940 160 998 edictum
196 940 387 1016 imperatoris
420 951 499 1011 erat,
534 941 629 1015 ipsum
662 940 867 1012 militaturum,
901 941 951 1016 qui
982 942 1024 998 ita
1051 961 1108 999 non

35 1043 159 1102 fecisset.
218 1045 377 1119 Egregium
388 1046 466 1101 hanc
477 1045 556 1102 alant
567 1045 695 1119 equitnm
707 1045 835 1103 evasisse
845 1043 950 1119 ferunt,
964 1050 1109 1124 multisque
1124 1051 1157 1104 11

31 1153 136 1223 preliis
158 1150 385 1224 rempublicam
407 1149 563 1210 adiuvisse.

115 1256 273 1330 Legiones
294 1253 362 1311 inde
386 1272 476 1328 quum
497 1255 667 1329 inspiceret,
688 1255 877 1329 plurimorum
899 1253 1107 1328 stipendiorum
1125 1259 1160 1314 12

37 1377 71 1415 ex
90 1360 128 1416 iis
151 1361 265 1417 milites
287 1357 410 1434 delegit,
444 1361 571 1416 maxime
593 1359 643 1433 qui
663 1360 718 1416 sub
745 1360 818 1416 duce
839 1357 979 1416 Marcello
1003 1358 1109 1415 militu-

39 1475 154 1536 verent,
183 1485 262 1540 quos
285 1484 373 1540 quum
399 1466 510 1539 optima
532 1463 684 1539 disciplina
704 1463 851 1521 institutos
872 1463 1025 1534 credebat,
1047 1474 1107 1522 tum
1126 1469 1160 1523 13

38 1571 121 1628 etiam
137 1572 180 1628 ab
201 1571 294 1645 longa
308 1569 520 1644 Syracusarum
539 1568 690 1626 obsidione
706 1567 895 1643 peritissimos
917 1585 979 1625 esse
995 1567 1107 1626 urbium

42 1675 324 1749 oppugnandarum
359 1674 431 1730 nihil
469 1674 545 1730 enim
573 1691 714 1748 parvum,
746 1672 797 1728 sed
832 1671 1017 1747 Carthaginis
1049 1673 1107 1730 iam

40 1780 151 1838 excidia
174 1781 312 1856 agitabat
334 1779 441 1840 animo.
490 1779 563 1836 Inde
585 1777 742 1835 exercitum
763 1796 816 1852 per
835 1775 944 1853 oppida
961 1776 1108 1853 dispertit3
1125 1783 1161 1839 14

42 1881 220 1942 frumentum
250 1885 414 1945 Siculorum
440 1883 605 1942 civitatibus
632 1883 775 1957 imperat,
811 1901 848 1938 ex
875 1882 962 1939 ltalia
983 1883 1108 1941 advecto

41 1989 145 2060 parcit3
169 1963 287 2048 veteres
307 2008 398 2046 naves
419 1988 510 2046 reficit
539 1997 653 2044 etcum
674 1987 710 2043 iis
733 1984 767 2044 O.
788 1987 907 2043 Lmlium
927 1987 957 2043 in
974 1985 1107 2046 Africam

44 2095 203 2164 praedatum
239 2095 340 2163 mittit3
378 2113 472 2151 novas
503 2093 645 2150 Panormi
679 2091 829 2162 subducit,
862 2092 930 2166 quia
959 2107 996 2148 ex
1022 2090 1108 2148 viridi

44 2201 163 2257 materia
185 2201 296 2275 raptim
317 2198 403 2256 factae
427 2208 519 2268 erant,
538 2207 570 2254 ut
590 2197 619 2252 in
641 2197 718 2254 sicco
738 2197 933 2256 hibernarent.

122 2304 307 2382 Praeparatis
336 2305 469 2361 omnibus
499 2306 537 2361 ad
565 2303 690 2372 bellum,
714 2301 892 2377 Syracusas,
918 2299 1046 2357 nondum
1071 2318 1108 2356 ex
1124 2306 1159 2360 15

46 2409 162 2486 magnis
187 2410 258 2466 belli
288 2409 413 2465 motibus
444 2410 514 2466 satis
541 2407 722 2481 tranquillas,
752 2406 839 2466 venit.
888 2403 985 2463 Graeci
1012 2423 1059 2462 res
1090 2425 1108 2462 a
1125 2411 1160 2466 16

49 2512 219 2582 quibusdem
234 2515 329 2572 Italici
349 2515 472 2589 generis,
495 2513 596 2570 eedem
618 2511 657 2584 vi,
680 2529 739 2585 qua
760 2529 813 2586 per
834 2510 939 2567 bellum
963 2521 1107 2584 ceperant,

49 2613 249 2686 retinentibus,
285 2636 438 2676 concessas
465 2619 520 2676 sibi
547 2619 584 2674 ab
613 2626 715 2674 senatu
742 2615 919 2690 repetebant.
970 2613 1107 2672 Omnium
1125 2621 1158 2674 17

49 2718 167 2789 primunt
204 2733 285 2782 ratus
315 2726 389 2782 tueri
419 2725 565 2800 publicam
592 2723 698 2790 fidem,
729 2721 835 2795 partim
870 2720 974 2790 edicto,
1001 2719 1107 2794 partim

51 2822 155 2882 iudiciis
184 2829 274 2886 etiem
298 2829 329 2885 in
357 2830 518 2904 pertinaces
546 2828 584 2885 ad
611 2825 797 2884 obtinendam
826 2825 959 2882 iniuriam
988 2824 1107 2881 redditis

51 2944 112 2986 suas
143 2951 191 2990 res
227 2932 417 3008 Syracusanis
451 2934 584 2993 restituit.
633 2931 703 2989 Non
734 2929 805 3004 ipsis
838 2938 950 2985 tantum
984 2947 1020 2985 ea
1051 2946 1107 2998 res,
1124 2931 1160 2988 18

53 3034 98 3088 sed
126 3038 262 3094 omnibus
294 3035 399 3094 Siciliae
430 3039 546 3113 populis
576 3047 663 3112 grata
693 3033 765 3105 fuit,
798 3050 891 3108 eoque
923 3033 1035 3090 enixius
1070 3035 1108 3090 ed

53 3137 152 3198 bellum
175 3143 358 3200 adiuverunt.

129 3247 242 3304 Eadem
265 3255 364 3303 aestate
388 3247 418 3302 in
441 3246 586 3320 Hispania
607 3255 738 3302 coortum
759 3245 861 3318 ingens
882 3241 1007 3310 bellum,
1040 3259 1107 3298 con·
1124 3246 1159 3300 19

56 3346 139 3406 ciente
164 3351 300 3422 Indibili,
334 3351 413 3407 nulla
443 3351 502 3407 alie
533 3350 570 3407 de
591 3367 680 3408 causa
702 3366 790 3422 quam
812 3366 866 3422 per
887 3346 1107 3404 admirationem

58 3447 194 3527 Scipionis
215 3466 381 3530 contemptu
403 3457 611 3530 imperatorum
639 3453 762 3511 aliorum
787 3463 861 3512 orto.
908 3451 986 3510 Eum
1007 3468 1107 3525 super·
1121 3457 1159 3510 20

58 3573 113 3614 esse
133 3579 219 3619 unum
242 3561 344 3617 ducem
365 3560 521 3629 Romanis,
557 3560 659 3616 ceteris
686 3559 723 3614 ab
746 3557 912 3615 Hannibale
939 3555 1108 3626 interfectis,

60 3662 180 3723 rebatur:
216 3687 252 3724 ec
272 3685 332 3723 «nec
353 3666 383 3722 in
406 3665 550 3740 Hispania
571 3663 651 3722 caesis
674 3663 858 3738 Scipionibus
881 3661 989 3733 alium,
1023 3680 1108 3736 quem

61 3765 209 3844 mitterent,
239 3772 389 3842 babuisse,
424 3781 454 3826 et
487 3783 642 3845 postquam
674 3770 704 3826 in
739 3769 828 3826 Italia
854 3768 973 3844 gravius
999 3768 1106 3825 bellum

62 3887 180 3948 urgeret,
212 3879 350 3936 adversus
371 3875 567 3934 Hannibalem
597 3895 662 3932 eum
680 3874 859 3933 arcessitum.
906 3875 1106 3948 Prmterqaant
1121 3875 1158 3931 tt

65 3979 132 4044 quod
156 3983 272 4040 nomina
300 3992 411 4040 tentum
439 3982 543 4038 ducum
580 3982 610 4038 in
638 3981 784 4057 Hispania
812 3979 939 4041 Romani
970 3979 1107 4044 habeant,
