2700 4426
279 243 338 301 sss
532 238 611 290 nne
627 236 758 294 xxvnn
790 238 1004 310 (anessa.)

237 424 308 483 licus
330 423 431 499 populi
445 424 572 482 Romani
586 433 675 494 esset;
695 423 784 480 indici
798 423 948 499 praemium
968 423 1168 496 constitutum,
1190 432 1302 497 quanta

208 528 366 605 bpoounia
392 546 463 604 ager
489 527 633 609 indicatus
654 537 753 598 esset,
777 545 847 604 pars
868 529 991 586 decima.
1039 529 1081 587 Et
1102 527 1159 586 Cn.
1180 527 1303 586 Servilio

237 634 355 709 pretori
375 625 488 691 urbanev
508 624 656 710 negotium
679 633 789 704 datum,
807 642 841 690 ut
856 631 1000 709 Campani
1017 633 1106 704 cives,
1129 634 1182 690 ubi
1204 634 1306 707 cuique

238 755 276 795 ex
297 745 414 796 senatus
435 739 568 795 consulto
588 739 688 796 liceret
708 739 858 810 habitare,
894 739 935 795 ibi
956 739 1141 809 habitarent,
1176 738 1307 796 animad-

237 853 421 918 verteretque
441 836 471 900 in
495 861 554 914 eos,
577 845 627 918 qui
650 844 719 916 alibi
740 844 916 902 habitarent.

101 997 108 1006 ,
209 952 224 1005 7
321 949 434 1007 Eadem
465 955 566 1004 astate
593 949 684 1023 Mago
708 945 885 1007 Hamilcaris
904 948 980 1005 filius
1002 967 1040 1005 ex
1062 947 1181 1005 minore
1205 947 1308 1005 Balia-

237 1053 312 1109 rium
333 1052 437 1123 insula,
459 1052 509 1110 ubi
524 1051 703 1123 hibernarat,
721 1053 870 1111 iuventute
884 1053 960 1111 lecta
972 1053 1002 1110 in
1017 1052 1145 1110 classem
1161 1051 1306 1126 imposita,

237 1159 268 1215 in
289 1157 406 1215 Italiam
426 1156 547 1232 triginta
575 1152 666 1214 ferma
692 1157 827 1214 rostratis
847 1157 970 1214 navibus
990 1166 1019 1214 st
1041 1158 1146 1214 multis
1167 1160 1306 1216 onerariis
1340 1138 1342 1147 Ι

208 1262 391 1321 8dnodecim
413 1261 504 1319 millia
524 1261 667 1336 poditum,
698 1263 757 1318 duo
778 1261 871 1319 forme
891 1262 1018 1336 equitnm
1042 1262 1180 1333 traiecit,
1211 1262 1302 1321 Gann-

239 1384 360 1442 amque,
383 1366 469 1423 nullis
489 1366 631 1442 praesidiis
651 1366 826 1424 maritimam
849 1386 929 1425 oram
952 1368 1132 1438 tutantibus,
1155 1369 1300 1442 repentino

238 1471 365 1528 adventu
388 1470 474 1545 cepit.
517 1471 590 1528 Inde
618 1472 656 1528 ad
681 1485 763 1528 oram
791 1471 929 1546 Ligurum
952 1471 1150 1547 Alpinorum,
1190 1473 1217 1530 si
1239 1492 1300 1548 quos

106 1652 107 1655 Ἴ
207 1576 278 1633 9ibi
299 1584 395 1633 motus
417 1573 513 1632 iacere
534 1585 649 1651 posset,
685 1576 807 1634 classem
830 1577 951 1652 appulit.
999 1578 1127 1651 Ingauni
1153 1578 1298 1653 (Lignmn

238 1695 274 1738 ea
295 1698 366 1756 gens
387 1680 442 1754 est)
472 1680 579 1737 bellum
608 1698 644 1738 ea
674 1690 846 1756 tempestate
874 1683 1014 1756 gerebant
1038 1699 1105 1739 cum
1139 1683 1300 1758 Epanteriis

190 1788 225 1844 10
238 1786 389 1844 montanis.
447 1776 542 1860 Igitur
572 1787 696 1856 Poenus,
727 1786 863 1858 Sauone,
896 1787 1005 1863 oppido
1036 1785 1176 1860 Alpino,
1213 1787 1300 1862 prada

127 1957 129 1963 7
238 1890 371 1966 deposita
402 1899 432 1949 et
458 1890 558 1947 decem
585 1890 679 1965 longis
705 1891 831 1948 navibus
855 1889 886 1948 in
915 1893 1040 1949 statione
1071 1891 1111 1948 ad
1141 1891 1300 1965 praesidinm

237 1995 360 2066 relictis,
396 1995 498 2052 ceteris
524 1994 734 2069 Carthaginem
768 1993 864 2052 missis
893 1995 933 2052 ad
960 1996 1099 2053 tuendam
1132 1997 1300 2054 maritimam

188 2101 221 2157 11
239 2118 339 2169 oram,
361 2099 430 2174 qnia
451 2099 532 2157 fama
553 2108 617 2158 erat
637 2097 803 2175 Scipionem
825 2099 1028 2172 traiecturum,
1050 2101 1136 2176 ipse,
1171 2103 1301 2159 societate

238 2221 302 2260 cum
324 2205 478 2278 Ingaunis,
500 2223 622 2279 quorum
645 2206 768 2279 gratiam
794 2205 930 2276 malebat,
953 2206 1131 2280 composita,
1153 2217 1300 2264 montanos

237 2309 358 2364 instituit
381 2326 558 2384 oppugnare.
603 2310 642 2366 Et
663 2313 812 2368 crescebat
832 2311 975 2368 exercitas
991 2311 1021 2367 in
1038 2311 1113 2381 dies,
1138 2313 1179 2368 ad
1199 2313 1298 2370 famam

187 2414 223 2470 12
236 2412 360 2469 nominis
391 2414 452 2470 eius
484 2413 579 2472 Gallis
611 2415 737 2488 undique
772 2416 989 2474 confluentibus.
1036 2416 1085 2473 Ea
1125 2437 1174 2474 res
1210 2419 1298 2477 litteris

236 2517 354 2591 cognita
373 2517 424 2592 Sp.
448 2519 590 2588 Lucretii,
611 2537 649 2575 na
670 2519 779 2577 frustra
800 2521 986 2578 Hasdrubale
1007 2539 1073 2578 cum
1100 2526 1241 2581 exercitu
1261 2527 1296 2581 de

236 2621 294 2678 leto
317 2622 433 2679 biennio
456 2632 523 2680 ante
543 2623 640 2680 forent
660 2625 758 2696 laetati,
780 2626 804 2683 si
826 2645 881 2702 par
902 2627 980 2683 aliud
1003 2627 1072 2684 iuda
1088 2629 1219 2701 bellum,
1241 2632 1294 2688 duta

236 2735 348 2784 tantum
371 2735 497 2799 mutato,
532 2729 672 2799 oriretur,
705 2746 803 2786 curam
832 2732 978 2806 ingentem
1000 2734 1137 2790 accendit
1162 2738 1293 2810 patribus.

185 2833 339 2908 131taque
361 2841 389 2888 et
409 2833 452 2893 M.
473 2833 590 2891 Livium
618 2835 819 2910 proconsulem
847 2854 885 2892 ex
905 2836 1024 2893 Etruria
1051 2839 1205 2898 volonum
1230 2862 1293 2900 exer·

234 2938 320 2995 citum
359 2939 515 2995 admovere
547 2940 712 2997 Ariminum
745 2940 905 3011 iusserunt,
941 2951 969 2998 et
997 2940 1051 2999 Cn.
1077 2943 1217 3004 Servilio
1239 2967 1293 3023 pne

232 3031 289 3099 tori
321 3043 468 3118 negotium
500 3044 616 3116 datum,
650 3055 696 3116 ut,
735 3046 760 3102 si
790 3065 807 3102 e
838 3064 871 3103 re
906 3046 1022 3123 publica
1054 3060 1202 3108 censeret
1238 3071 1294 3121 osse,

233 3149 359 3204 urbanas
394 3148 541 3223 legiones,
588 3151 725 3226 imperio,
756 3151 802 3208 cui
834 3152 993 3220 videretur,
1027 3150 1123 3224 dato,
1167 3176 1209 3214 cx
1240 3159 1294 3214 urba

194 3261 197 3263 ’
233 3253 299 3310 duci
333 3253 454 3311 iuberet.
510 3256 552 3312 M.
573 3237 710 3313 Valerius
734 3254 870 3313 Latinus
891 3256 1039 3313 Arretium
1079 3276 1136 3316 aas
1179 3263 1295 3339 legiones

232 3357 325 3414 duxit.

181 3459 219 3517 14
314 3451 432 3520 Eisdem
460 3463 562 3520 diebus
592 3483 682 3521 naves
715 3465 855 3522 onerariae
884 3467 1043 3523 Poenorum
1078 3469 1122 3524 ad
1157 3474 1295 3549 octoginta

231 3566 309 3623 circa
346 3567 510 3626 Sardiniam
543 3568 594 3624 ab¹
616 3566 668 3626 Cn.
700 3568 849 3641 'Oct-avio,
883 3571 936 3645 qni
971 3572 1139 3646 prouinciae
1174 3587 1295 3652 praeerat

230 3678 339 3743 capta3
355 3681 452 3746 captas
466 3690 516 3730 eas
527 3672 631 3729 Caelius
642 3672 787 3731 frumento
799 3674 888 3732 misso
900 3676 938 3732 ad
953 3676 1163 3739 Hannibalem
1181 3702 1295 3741 comme

230 3781 338 3848 atuque
379 3786 512 3848 onustas,
547 3778 684 3835 Valerius
724 3780 853 3854 praedam
894 3780 1048 3839 Etruscam
1094 3783 1296 3864 Ligurumque

180 3880 431 3938 lamentandum
454 3884 585 3959 captivos
608 3881 811 3959 Carthaginem
834 3893 984 3960 portantes
1005 3887 1112 3946 tradit.
1159 3893 1202 3950 In
1225 3895 1296 3952 Brut·
