2748 4556
360 257 437 306 Liuor
454 255 540 304 xxx.
578 254 623 318 (a.
639 252 685 302 ch.
699 255 773 315 aar.)
989 255 1046 310 269

6 442 204 511 insolentia,
241 442 343 517 quibus
371 461 448 497 nova
474 441 551 497 bona
573 439 691 496 fortuna
712 439 763 509 sit,
794 439 965 513 impotentes
986 436 1090 494 latitia

6 548 173 616 insanire3
208 548 315 622 populo
342 549 475 605 Romano
504 547 610 602 usitata
636 565 670 602 ac
700 564 790 620 prope
817 545 875 602 iam
902 543 1033 600 obsoleta
1054 561 1090 599 ex
1171 607 1173 611 ,

6 654 154 712 victoria
179 654 288 729 gaudia
309 671 380 721 esse,
402 670 437 710 ac
460 652 524 727 plus
546 670 626 727 paene
647 651 793 726 parcendo
818 649 901 706 victis
923 668 1008 724 quam
1030 649 1091 706 vin·

6 761 118 818 centio
144 760 301 835 imperium
324 757 449 828 auxisse,
469 791 502 800 -
523 767 682 814 ceterorum
705 742 1142 837 miserabiliororatiofuit,18

9 865 335 932 commemorantium,
368 883 404 920 ex
433 864 548 938 quantis
570 863 672 938 opibus
697 881 755 936 quo
779 863 946 921 recidissent
969 861 1091 920 Cartha·

12 971 209 1048 giniensium
236 989 298 1028 res:
334 970 405 1026 nihil
433 969 483 1038 iis,
519 969 570 1043 qui
597 970 683 1026 modo
715 972 814 1027 orbam
837 989 929 1045 prope
949 979 1088 1027 terrarum

16 1078 213 1136 obtinuerint
245 1076 348 1146 armis,
384 1093 533 1151 superesse
559 1083 663 1150 praeter
689 1075 872 1150 Carthaginis
899 1075 1016 1143 moenia;
1047 1074 1143 1140 hiala

17 1183 163 1240 inclusos
194 1201 251 1240 non
280 1193 373 1252 terra,
405 1200 462 1238 non
491 1182 564 1238 mari
592 1180 746 1256 quicquam
779 1183 823 1238 sui
856 1181 925 1239 iuris
964 1199 1092 1249 cernera;

21 1291 136 1346 urbem
168 1308 285 1364 quoque
311 1289 404 1364 ipsam
427 1306 462 1345 ae
483 1297 601 1361 penates
623 1286 664 1344 ita
685 1286 851 1357 habituros,
885 1287 910 1343 si
931 1306 989 1344 non
1008 1287 1038 1344 in
1058 1305 1093 1344 ea

25 1413 170 1470 quoque,
194 1413 251 1468 quo
274 1396 344 1453 nihil
365 1395 483 1452 ulterius
505 1395 558 1463 sit,
579 1394 679 1451 saevire
701 1393 824 1468 populus
846 1393 994 1450 Romanus
1013 1392 1092 1451 velit.

27 1501 134 1572 Quum
163 1501 241 1556 flecti
271 1500 466 1558 misericordia
494 1511 591 1576 patres
620 1509 788 1575 appareret,
819 1509 983 1555 senatorum
1006 1499 1144 1555 unum20

30 1605 175 1664 infestum
208 1607 333 1681 perfidiae
363 1604 642 1680 Carthaginiensium
677 1605 868 1662 succlamasse
896 1604 1007 1673 ferunt,
1042 1624 1094 1679 per
1107 1605 1140 1660 21
1218 1609 1221 1616 '

33 1731 113 1786 qnos
136 1713 208 1770 deos
229 1711 322 1769 foedus
344 1713 426 1769 icturi
447 1723 551 1781 essent,
574 1729 660 1785 quum
683 1730 742 1780 eos,
765 1729 817 1785 per
832 1729 904 1784 quos
925 1721 991 1767 ante
1006 1712 1092 1768 ictum

36 1825 125 1885 esset,
147 1817 323 1875 fefellissent.
372 1820 449 1887 „Par
473 1818 607 1874 aosdem“
630 1817 723 1891 inquit
737 1816 913 1887 Hasdrubal,
938 1813 1092 1892 „quoniam

37 1935 101 1980 tam
124 1923 221 1980 infesti
247 1933 313 1980 sunt
333 1923 443 1980 ioedera
463 1923 666 1981 violantibus.“

125 2029 273 2087 Inclinatis
295 2030 420 2086 omnium
444 2030 480 2085 ad
495 2048 596 2104 pacem
619 2028 731 2099 animis,
750 2025 801 2086 Cn.
823 2027 962 2084 Lentulus
984 2027 1093 2098 consul,
1146 2021 1189 2089 43
1259 2023 1262 2030 ’

41 2137 90 2193 eui
112 2135 211 2193 classis
232 2135 381 2211 provincia
402 2143 481 2206 erat,
512 2144 628 2192 senatus
649 2135 779 2191 consulto
803 2132 971 2191 intercessit.
1017 2133 1124 2190 Tomi

44 2237 99 2301 Μ’.
122 2241 232 2299 Acilius
255 2249 283 2296 et
308 2239 344 2312 Q.
364 2239 506 2296 Minucius
540 2241 646 2296 tribuni
677 2241 769 2315 plebis
796 2241 834 2296 ad
860 2238 997 2315 populum
1023 2238 1095 2295 tule-

46 2355 127 2417 runt,
158 2347 263 2404 vellant
283 2347 449 2402 iuberentne
477 2355 607 2402 senatum
631 2347 797 2416 decernere,
832 2355 864 2402 ut
886 2364 950 2402 cum
974 2343 1095 2402 Cartha·

48 2453 220 2528 giniensibus
241 2471 300 2528 pax
320 2453 415 2519 fieret;
449 2459 478 2507 et
505 2471 590 2525 quem
618 2471 681 2510 eam
710 2470 810 2527 pacem
839 2452 923 2521 dare,
956 2469 1097 2526 quemque

52 2579 87 2616 ex
121 2557 220 2616 Africa
252 2559 406 2615 exereitum
447 2560 600 2632 deportare
637 2560 777 2616 iuberent.
833 2558 881 2614 De
917 2577 990 2633 pace
1029 2557 1128 2628 „Utis

52 2667 153 2739 rogas“
183 2681 281 2723 omnes
307 2663 398 2720 tribus
429 2663 585 2736 iusserunt;
621 2685 722 2741 pacem
756 2648 826 2721 dare
859 2665 896 2724 P.
927 2663 1099 2740 Scipionem,

56 2771 169 2828 eundem
201 2768 356 2826 exercitum
394 2769 557 2845 deportare.
615 2771 662 2828 Ex
701 2771 777 2827 haet
797 2771 948 2844 rogatione
982 2772 1129 2827 senatusl

58 2876 189 2947 decrevit,
224 2884 256 2932 ut
273 2875 311 2934 P.
333 2875 431 2952 Scipio
459 2895 496 2933 ex
522 2845 628 2934 dacem·
646 2878 807 2951 legatorum
836 2877 977 2933 sententia
998 2895 1098 2951 pacem

60 3002 118 3040 cum
135 2981 237 3057 populo
250 2979 539 3056 Carthaginiensium,
561 2982 665 3056 quibus
682 2982 793 3056 legibus
808 2981 998 3053 aivideretur,
1022 2981 1100 3039 faca-
1151 2971 1152 2974 ¹

58 3098 108 3149 ret.
151 3087 266 3148 Gratias
289 3087 391 3144 deinde
412 3087 542 3162 patribus
563 3105 648 3162 egere
670 3087 937 3165 Carthaginienses,
960 3095 988 3145 et
1010 3086 1130 3162 petie-5

62 3204 135 3266 mut,
173 3202 202 3251 ut
237 3195 291 3251 sibi
325 3193 354 3249 in
387 3180 486 3249 urbam
521 3192 640 3249 introire
675 3203 703 3248 et
739 3194 863 3268 colloqui
897 3214 961 3252 curn
990 3195 1100 3252 civibus

64 3301 117 3358 suis
137 3301 245 3370 liceret,
277 3298 326 3372 qui
347 3296 425 3372 capti
445 3297 475 3354 in
495 3297 611 3372 publica
634 3300 765 3356 custodia
787 3311 895 3372 ossent3
931 3321 993 3360 esse
1014 3302 1044 3358 in
1065 3298 1132 3358 tiso

65 3406 159 3482 partim
179 3404 354 3481 propinquos
383 3402 549 3478 amicosque
570 3421 652 3473 suos,
685 3405 796 3463 nobiles
816 3407 961 3478 homiues,
996 3407 1100 3483 partim

69 3513 102 3569 ad
128 3529 191 3586 quos
220 3510 358 3568 mandata
379 3530 396 3567 a
418 3510 587 3585 propinquis
608 3511 756 3568 haberent.
812 3511 924 3585 Quibus
945 3511 1131 3582 conventis,7

71 3635 147 3692 quum
166 3634 260 3673 rursus
281 3623 423 3692 peterent,
446 3625 477 3672 ut
502 3616 571 3688 sibi,
594 3636 666 3691 quos
690 3617 810 3686 vellent,
833 3633 870 3674 ex
890 3618 925 3675 iis
946 3619 1104 3676 redimendi

72 3731 183 3800 potestas
205 3724 301 3792 fieret,
332 3722 401 3780 iussi
423 3723 540 3780 nomina
562 3724 659 3793 edere;
696 3732 725 3780 et
745 3742 832 3798 quum
855 3723 991 3780 ducentos
1014 3723 1103 3782 ferme

73 3831 185 3901 ederent,
216 3838 331 3886 senatus
363 3827 522 3885 consultum
554 3828 661 3886 factum
695 3840 752 3898 est,
793 3837 825 3886 ut
854 3827 942 3903 legati
979 3825 1133 3889 Romaniss

74 3936 191 3994 ducentos
223 3954 260 3992 ex
291 3935 428 4012 captivis,
465 3953 538 4008 quos
565 3933 815 4008 Carthaginienses
846 3933 974 4004 vallent,¹
1003 3937 1103 3993 aar.

78 4039 220 4099 Cornelium
242 4039 272 4098 in
293 4039 424 4099 Africam
455 4041 654 4115 deportarent,
689 4040 909 4115 nuntiarentque
931 4040 971 4109 ei,
1003 4049 1047 4111 ut,
1079 4042 1103 4098 ai
