2748 4556
404 249 483 299 Liber
499 249 586 300 xxx.
624 250 668 312 (A.
683 249 732 302 ch.
746 251 815 313 eoa.)
1006 291 1009 296 ·
1037 257 1096 312 23⁷

42 430 269 506 navigaverit,
303 431 479 503 Hasdrubal,
507 435 665 492 Poenorum
690 435 857 509 imperator,
879 455 937 492 non
959 438 1022 512 ipse
1052 440 1169 496 modos
1246 493 1249 497 .

48 536 109 592 ad
143 555 210 592 eum
238 536 268 592 in
296 554 416 611 regnunt
440 539 566 608 venerit,
602 541 653 596 sed
675 540 762 596 etiarn
784 541 873 598 filiam
897 542 922 598 ei
946 525 1065 617 nuptum
1089 544 1138 600 de·

49 641 158 698 derit.
212 641 360 698 Habuisse
381 660 446 698 eum
470 661 527 699 uno
549 652 679 719 tempore
700 644 729 701 in
752 654 896 719 potestate
918 649 991 705 duos
1012 648 1138 723 impera·

54 758 163 816 tores,
185 747 308 804 Poenum
331 727 571 822 Romanumque
610 749 691 806 Sicut
713 750 751 805 ab
776 749 820 806 dis
838 750 1050 809 immortalibus
1069 758 1170 827 parab

52 860 199 924 utraque
220 853 323 909 hostiis
345 853 506 910 mactandis
528 869 630 927 pacem
652 854 788 927 petisset,
818 853 859 910 ita
888 857 925 912 ab
948 877 982 914 eo
1005 858 1139 932 utrinque

54 957 184 1032 pariter
220 956 375 1014 amicitiam
413 957 542 1032 petitam.
593 959 658 1014 lam
691 968 787 1014 tentas
818 960 955 1018 habuisse
989 981 1073 1037 opes,
1106 968 1168 1021 uti

57 1063 263 1120 Masinissam
293 1080 383 1137 regno
415 1063 528 1138 pulsum
557 1081 591 1120 eo
621 1063 782 1138 redegerit,
816 1075 847 1122 ut
873 1067 934 1122 vit-a
967 1067 1028 1122 eius
1057 1067 1138 1124 fama

60 1167 176 1222 mortis
210 1176 240 1224 et
271 1167 405 1237 latebris,
440 1166 568 1224 ferarum
602 1167 689 1224 modo
721 1167 750 1224 in
784 1169 864 1227 silvis
890 1179 975 1246 rapto
1005 1173 1138 1242 viventis,

59 1281 228 1347 tegeretur.
276 1272 332 1330 His
349 1244 542 1330 'sermonibus
577 1273 822 1331 circumstantium
852 1275 1013 1342 celebratus
1034 1297 1087 1334 rex
1108 1279 1168 1335 in8

60 1378 244 1454 praetorium
275 1378 312 1434 ad
335 1378 499 1453 Scipionem
522 1386 567 1434 est
586 1378 751 1452 perductus.
800 1381 895 1438 Movit
917 1391 946 1438 et
971 1381 1136 1457 Scipionem

62 1502 165 1558 quum
198 1481 316 1540 fortuna
354 1482 477 1558 pristina
509 1482 564 1538 riri
596 1484 730 1557 prasenti
760 1484 883 1542 fortunae
917 1487 1039 1556 collata,
1076 1496 1136 1544 turn

61 1588 240 1646 recordatio
272 1588 391 1663 hospitii
430 1588 597 1661 dextraque
628 1589 705 1646 data
742 1599 770 1646 et
802 1590 918 1648 foederis
954 1592 1067 1668 publice
1103 1612 1137 1650 ac

67 1693 212 1768 privatim
241 1693 338 1751 iuncti.
388 1693 499 1749 Eadem
531 1694 592 1750 haec
622 1701 651 1748 et
682 1693 809 1769 Syphaci
839 1695 965 1755 animum
996 1698 1168 1756 dederunt9

64 1800 100 1856 in
127 1798 301 1873 alloquendo
323 1798 442 1853 victore.
491 1797 569 1853 Nam
596 1815 683 1870 quum
706 1798 823 1873 Scipio,
857 1801 926 1874 quid
951 1802 1006 1860 sibi
1028 1803 1136 1860 voluis-

66 1914 126 1974 set,
155 1913 309 1978 quaereret,
332 1904 381 1977 qui
402 1922 461 1960 non
483 1901 650 1958 societatem
678 1902 770 1959 solum
793 1905 942 1961 abnuisset
962 1909 1136 1978 Romanam,

67 2011 124 2068 sed
154 2010 229 2066 ultro
261 2008 365 2065 bellum
395 2008 556 2075 intulisset,
589 2017 650 2063 tum
677 2007 726 2064 ille
761 2027 898 2083 peccasse
926 2011 1042 2084 quidem
1073 2032 1137 2071 sese
1154 2017 1188 2070 10

68 2092 163 2190 atque
183 2113 326 2172 insanisse
346 2112 509 2182 fatebatur,
543 2113 595 2169 sed
616 2131 676 2169 non
696 2122 757 2169 tum
780 2113 909 2186 demum,
943 2136 1030 2191 quum
1054 2137 1137 2176 arma

71 2222 217 2278 adversus
239 2218 378 2296 populum
400 2220 564 2276 Romanum
582 2219 720 2293 cepisset;
752 2219 860 2276 exitum
882 2239 940 2276 eum
961 2220 1006 2276 sui
1029 2220 1136 2278 furoris

69 2323 175 2392 fuisse,
197 2341 255 2378 non
276 2323 462 2398 principium;
485 2334 544 2380 turu
568 2342 599 2380 se
620 2324 771 2394 insanisse,
793 2333 853 2382 tum
876 2325 1002 2400 hospitia
1021 2327 1137 2402 privata
1154 2331 1184 2384 ll

70 2439 102 2486 et
130 2429 248 2504 publica
274 2429 386 2486 foedera
413 2429 511 2485 omnia
540 2448 577 2485 ex
607 2429 704 2486 animo
732 2430 867 2500 eiecisse,
901 2449 988 2504 quum
1012 2429 1136 2489 Cartha·

71 2533 233 2608 giniensem
275 2545 438 2591 matronam
480 2534 598 2592 domum
643 2536 793 2610 acceperit.
860 2535 922 2592 Illis
960 2535 1136 2611 nuptialibus
1153 2539 1187 2595 12

70 2635 187 2694 facibus
223 2640 333 2716 regiam
365 2639 560 2712 conflagrasse
586 2657 685 2708 suam3
721 2639 799 2696 illam
835 2640 940 2698 furiam
969 2651 1137 2715 pestemque

73 2743 210 2800 omuibus
232 2745 429 2802 delenimentis
452 2743 579 2800 animum
608 2763 691 2800 suum
715 2744 853 2800 avertisse
876 2756 963 2819 atque
985 2745 1136 2812 alienasse,

72 2865 128 2904 nec
150 2849 339 2922 conquiesse,
374 2851 466 2906 donec
498 2848 563 2922 ipsa
590 2847 723 2904 manibus
750 2849 809 2904 suis
839 2848 952 2906 nefaria
974 2850 1029 2906 sibi
1053 2829 1136 2906 arura

73 2952 216 3009 adversus
244 2955 386 3029 hospitem
425 2967 513 3028 atque
550 2953 673 3009 amicum
700 2953 833 3010 induerit.
889 2953 1008 3010 Perdito
1039 2965 1135 3008 tamen
1154 2959 1187 3014 13

73 3066 163 3131 atque
186 3058 294 3116 afflicto
317 3060 372 3116 sibi
393 3060 499 3116 hocin
520 3057 640 3115 miseriis
655 3058 751 3114 solatii
768 3077 841 3128 esse,
863 3058 941 3133 quod
956 3058 985 3114 in
1007 3058 1134 3114 omnium

72 3163 223 3220 hominum
250 3163 438 3221 inimicissimi
465 3164 520 3220 sibi
543 3165 660 3220 domum
683 3180 718 3218 ae
739 3173 859 3236 penates
881 3163 1001 3220 eandem
1024 3171 1135 3236 pestem

74 3287 108 3325 ac
129 3267 235 3326 furiam
259 3269 396 3326 transisse
417 3268 523 3325 videat.
571 3268 676 3341 Neque
705 3267 919 3341 prudentiorem
947 3285 1040 3340 neque
1067 3274 1186 3327 con-14

74 3373 244 3431 stantiorem
267 3373 452 3430 Masinissam
479 3393 565 3448 quam
591 3373 754 3448 Syphacem
779 3390 862 3442 esse,
901 3371 987 3428 etiam
1017 3373 1134 3427 iuventa

74 3477 280 3546 incautiorem
314 3487 391 3536 certa
424 3479 537 3540 stultius
569 3478 650 3535 illum
683 3488 770 3552 etque
799 3477 1038 3551 intemperantius
1069 3495 1133 3532 eam

74 3601 161 3657 quam
191 3600 222 3638 se
250 3583 377 3640 duxisse.
434 3585 505 3642 Haec
534 3602 592 3640 non
620 3583 718 3640 hostili
741 3583 827 3639 modo
852 3582 929 3652 odio,
951 3582 1002 3638 sed
1027 3581 1134 3638 amoris
1191 3579 1230 3647 14

76 3687 161 3745 etiam
184 3688 316 3757 stimulis,
339 3699 465 3745 amatam
489 3688 567 3763 apud
589 3687 721 3744 aemulum
745 3706 873 3757 cernens,
896 3706 983 3760 quum
1006 3688 1134 3756 dixisset,

75 3813 131 3850 nou
163 3793 298 3849 mediocri
329 3809 398 3848 cura
427 3792 571 3866 Scipionis
596 3793 722 3850 animum
745 3793 863 3868 pepulit.
911 3794 950 3850 Et
970 3793 1055 3848 fidem
1079 3792 1163 3851 cri-2

77 3897 199 3956 minibus
225 3907 316 3972 ruptas
337 3917 428 3973 prope
449 3898 523 3954 inter
546 3917 628 3954 arma
644 3898 760 3972 nuptiae,
780 3916 874 3971 neque
889 3896 1019 3954 consulto
1041 3915 1134 3970 neque

76 4011 243 4078 exspectato
268 4003 374 4071 Laelio,
407 4003 553 4060 faciebant
586 4016 703 4075 tamque
737 4019 864 4076 praeceps
894 4000 1061 4070 festinati0,
1094 4010 1134 4070 ut,
