2704 4552
296 228 352 284 124
559 222 637 272 Liber
654 221 754 272 XXIII.
792 221 836 285 (A.
852 236 878 274 ιι.
892 235 914 270 c.
929 221 1008 280 588.)-

219 415 236 466 4
259 461 270 480 ,
334 407 379 463 Ea
401 425 438 462 ne
461 407 562 462 tierent
583 423 638 462 neu
660 403 768 478 legatio
791 405 953 461 mitteretur
973 403 1011 460 ad
1034 404 1175 472 Poenum,
1205 419 1297 458 summ

250 531 307 586 ope
328 511 436 568 Decius
459 511 591 585 Magius,
620 509 680 578 vir,
710 508 756 566 cni
786 507 824 564 ad
855 525 998 565 summam
1021 508 1230 565 auctoritatem
1274 509 1281 520 '

219 623 354 692 5praeter
375 634 477 672 sanam
500 615 605 672 civium
628 621 751 671 mentem
768 612 869 684 deluit,
890 613 1044 672 restiterat.
1088 613 1132 671 Ut
1154 633 1229 671 vero
1249 633 1270 689 p

249 721 353 778 sidium
376 721 451 778 mitti
469 721 506 776 ab
528 719 694 776 Hannibale
716 718 836 788 audivit,
864 718 971 793 Pyrrhi
998 719 1157 792 superbam
1187 718 1270 776 dom'

248 815 356 884 tionem
380 825 631 899 miserabilemque
648 823 874 881 Tarentinorum
896 822 1064 880 servitutem
1087 824 1225 898 exempla
1248 822 1294 880 rei

249 949 326 1001 rens,
348 931 453 1005 primo,
482 948 518 986 ne
541 929 718 1003 reciperetur
738 927 913 1002 praesidium,
935 927 1033 1001 palam
1063 926 1247 984 vociferante
1270 939 1305 984 est

220 1036 369 1105 tideinda,
402 1043 434 1090 nt
467 1042 613 1107 receptum
643 1043 695 1090 aut
721 1032 873 1090 eiiceretur
906 1041 973 1101 aut,
1002 1033 1027 1089 si
1057 1031 1168 1088 malum
1199 1031 1278 1089 facin

252 1140 329 1213 quod
352 1158 371 1195 a
391 1138 593 1196 vetustissimis
620 1137 707 1195 sociis
729 1136 1009 1211 consanguineisque
1031 1135 1225 1206 defecissent,
1255 1135 1284 1192 io

251 1263 286 1301 ac
306 1243 489 1300 memorabili
509 1241 640 1299 facinore
666 1261 792 1316 purgare
821 1241 944 1309 vellent,
974 1250 1006 1297 ut
1026 1239 1183 1298 interfecto
1210 1241 1286 1298 Puni

221 1348 383 1424 iproesidio
419 1344 601 1404 restituerent
632 1346 773 1404 Romanis
802 1364 842 1407 se.
905 1346 977 1402 Hac
998 1341 1076 1419 '(aec
1103 1345 1183 1402 euim
1212 1363 1282 1402 occu

252 1453 426 1527 agebantur)
456 1469 543 1525 quum
571 1451 664 1508 relata
694 1450 855 1507 Hannibali
882 1457 993 1517 essent,
1022 1450 1119 1523 primo
1140 1450 1239 1517 misit,
1272 1435 1290 1521 ¹q

251 1566 391 1614 vocarent
404 1555 536 1630 Magium
559 1556 597 1612 ad
618 1574 682 1614 sese
703 1556 733 1611 in
754 1562 867 1624 castra3
889 1554 1002 1624 deinde,
1025 1573 1115 1628 quum
1137 1554 1164 1610 is
1187 1552 1289 1610 ferocit

187 1657 190 1662 ’
253 1671 388 1735 negasset
418 1678 450 1717 se
481 1660 603 1730 iturum,
635 1681 689 1719 nec
716 1660 792 1717 enirn
814 1658 974 1716 Hannibali
1003 1659 1049 1715 ius
1078 1677 1143 1716 esse
1171 1661 1202 1716 in
1232 1660 1291 1717 cive

254 1763 447 1838 Campanum,
472 1765 632 1822 concitatus
653 1767 699 1824 ira
713 1768 822 1824 Poenus
844 1765 1050 1838 comprehendi
1069 1764 1221 1822 bominem
1245 1765 1304 1820 vinc

222 1870 372 1958 8tumque
391 1870 499 1926 attrahi
521 1870 557 1926 ad
580 1886 643 1926 sesa
663 1869 756 1927 iussit.
800 1869 919 1926 Veritus
944 1869 1064 1938 deinde,
1095 1889 1133 1927 na
1156 1870 1230 1944 quid
1251 1870 1289 1924 int

252 1974 310 2029 vim
331 1973 471 2030 tumultus
493 1982 581 2048 atque
605 1992 643 2030 ex
666 1975 859 2032 concitatione
886 1973 1049 2029 animorum
1077 1973 1239 2030 inconsulti
1261 1990 1303 2028 cer

251 2077 367 2133 taminia
389 2085 536 2148 oreretur,
560 2080 638 2153 ipse,
660 2079 810 2153 premisso
832 2078 933 2134 nunno
962 2077 999 2134 ad
1021 2077 1150 2134 Marium
1173 2077 1292 2134 Blossiu

251 2189 403 2254 praetorem
426 2180 619 2257 Campanum,
644 2193 761 2258 postero
784 2183 883 2240 disse
905 2180 1015 2256 Capuae
1039 2179 1183 2252 futurum,
1204 2181 1303 2256 profici

221 2286 341 2343 9scitur
363 2305 379 2342 e
400 2287 503 2343 castris
525 2305 590 2344 cum
604 2286 720 2346 modico
734 2288 878 2363 prasidio.
926 2286 1048 2356 Marius,
1069 2287 1208 2344 contione
1231 2288 1302 2343 advo

253 2402 333 2461 cata,
375 2390 476 2460 edicit,
504 2401 536 2448 ut
556 2391 722 2465 frequentes
743 2409 808 2448 cum
831 2390 1002 2464 coniugibus
1025 2407 1060 2446 ac
1079 2390 1182 2447 liberis
1202 2391 1290 2449 obvie

251 2497 326 2552 irent
349 2495 516 2552 Hannibali.
561 2495 610 2552 Ab
633 2495 776 2553 universis
797 2496 826 2590 id
854 2513 913 2552 non
942 2495 1112 2551 obedienter
1141 2497 1245 2564 modo,
1273 2515 1285 2551 s

253 2601 352 2670 enixe,
385 2599 487 2657 lavore
510 2600 596 2656 etiam
624 2600 705 2675 vulgi
732 2609 761 2657 et
789 2600 886 2657 studio
907 2599 1019 2656 visendi
1041 2599 1167 2656 tetiam
1190 2601 1301 2658 victorii

205 2705 239 2757 10
253 2706 361 2762 clarum
384 2707 604 2779 imperatorem,
625 2701 734 2761 facturn
757 2715 810 2762 est.
855 2705 963 2762 Decius
985 2705 1103 2778 Magius
1124 2722 1180 2760 nec
1203 2705 1291 2762 obvia

253 2828 385 2883 egressus
407 2819 533 2879 estnec,
555 2827 614 2882 quc
642 2809 774 2866 timorem
798 2809 924 2882 aliquem
947 2827 984 2865 ex
1008 2809 1187 2866 conscientia
1211 2809 1303 2884 signifi

253 2932 319 2970 care
340 2922 448 2988 posset,
472 2915 587 2987 privato
610 2931 642 2970 se
663 2912 772 2982 tenuit;
800 2913 830 2968 in
851 2911 917 2970 foro
939 2931 1005 2970 cum
1026 2912 1085 2970 filio
1109 2913 1300 2989 clientibusqu

252 3019 353 3093 paucis
374 3018 467 3090 otiose
487 3017 688 3086 inambulavit,
710 3017 873 3092 trepidante
894 3026 957 3074 tota
978 3017 1095 3074 civitate
1117 3019 1157 3076 ad
1174 3020 1313 3095 excipien-

204 3123 236 3176 tt
253 3123 459 3179 dum-Poenum
474 3123 692 3196 visendamque.
735 3122 885 3178 Hannibal
905 3122 1053 3196 ingressus
1068 3122 1170 3180 urbem
1187 3133 1312 3179 senatun

253 3227 397 3300 extemplo
412 3227 549 3300 postulat,
565 3227 806 3301 precantibusque
820 3226 887 3282 inde
902 3227 1077 3301 primoribus
1090 3225 1313 3302 Campanorum,

252 3351 289 3386 ne
318 3330 387 3404 quid
417 3349 452 3386 ec
481 3331 528 3386 die
553 3331 636 3388 serias
666 3332 708 3388 rei
736 3339 850 3406 gereret
881 3331 1016 3405 diemque
1043 3340 1072 3388 et
1099 3332 1164 3406 ipse
1192 3331 1313 3387 adventu

204 3433 240 3489 12
254 3454 306 3491 suo
338 3433 444 3491 festum
477 3435 559 3491 latus
591 3455 626 3493 ac
656 3436 748 3493 libens
776 3434 952 3505 celebraret,
985 3453 1154 3510 quanquam
1189 3449 1313 3509 praecept

253 3540 369 3614 ingenio
400 3539 429 3595 in
459 3540 532 3596 iram
555 3548 632 3608 erat,
661 3548 769 3609 tamen,
800 3557 836 3595 ne
867 3538 937 3612 quid
958 3539 988 3594 in
1017 3538 1160 3613 principio
1189 3553 1313 3613 negaret,

254 3643 374 3700 visenda
396 3645 468 3704 urbe
489 3661 625 3718 magnam
647 3650 759 3717 partem
783 3643 841 3700 disi
863 3642 1049 3717 consumpsit.

160 3739 184 3806 8
338 3749 516 3806 Deversatus
546 3757 590 3806 est
620 3747 701 3822 apud
721 3747 846 3804 Ninnios
876 3745 1007 3818 Celeres,
1043 3748 1195 3806 Sthenium
1223 3750 1312 3806 Pacu·

223 3850 399 3926 2viumque,
421 3853 534 3910 inclitos
555 3852 707 3910 nobilitate
726 3868 761 3907 ac
777 3850 895 3911 divitiis.
939 3854 985 3910 Eo
1000 3851 1148 3910 Pacuvius
1171 3851 1311 3919 Calavius,

254 3957 290 4012 de
314 3974 372 4029 quo
395 3965 462 4013 ante
484 3957 591 4014 dictum
613 3965 664 4024 eat,
686 3955 821 4031 princeps
842 3955 979 4014 factionis
1001 3957 1077 4026 eius,
1101 3975 1167 4031 quar
1189 3963 1312 4016 traxerat
