2812 4556
524 259 619 317 *XXIX

27 450 66 508 Iis
94 453 234 511 comitiis
262 452 296 531 (Ρ
316 453 575 511 hostestesauxiliis
597 453 730 514 comitiis.
785 457 873 525 (luam
904 453 1001 524 duxit,
1031 453 1108 527 quod

34 537 126 592 Weiss.
152 543 290 610 repe-rit,
313 541 342 592 ia
365 537 444 593 auxil
465 548 602 594 mutatum
624 547 711 606 esset,
734 538 835 594 addita
858 541 1018 594 terminatio
1041 539 1107 611 cst.)

28 617 143 689 XLIV,
178 625 187 676 l
222 621 384 678 exercitum
409 625 425 677 5
449 619 482 679 C,
496 621 633 678 Terentio
654 620 729 695 legio
754 639 875 681 una...
904 638 938 676 uc
968 619 1107 678 Picenum

28 699 103 774 (edd.
136 703 234 779 vett.)
268 707 284 761 8
317 713 401 760 tactae
431 707 491 760 nne
519 715 589 760 nota
612 704 704 779 1aedis
731 708 765 760 10
789 712 820 760 ut
843 707 903 760 siae
925 707 1005 760 ands
1027 704 1108 777 (Ep.)

26 785 131 854 XLV,
171 789 190 843 3
230 786 382 863 (descisset
405 789 475 846 Mur.
505 786 698 858 Pdiseesset,
724 787 813 845 Drob.
838 786 1025 848 discessisset.
1069 787 1108 844 Et

27 869 92 926 add.
121 872 182 942 Mp.
211 873 274 929 Em.
300 868 373 945 283)
392 865 397 948 )
416 870 465 942 (ab
478 869 614 945 stirpibus
632 871 725 927 Weiss.
744 867 1107 946 Presurgerentturpibus)

50 951 197 1022 (novam.
215 997 248 1013 ..
277 952 455 1027 polliceatur,
482 952 596 1009 aliunde
618 963 683 1010 cett.
707 955 761 1024 usp.
783 955 842 1014 Em.
872 953 931 1008 284
961 962 988 1009 et
1021 955 1107 1012 Gran.

27 1035 47 1088 P
74 1035 226 1108 proditiis
254 1035 473 1110 polliVIIuirali
502 1036 608 1092 iudicio
635 1045 678 1092 est
705 1046 734 1093 et
761 1035 910 1111 semper))
940 1035 1045 1092 hostis:
1070 1035 1108 1092 ad

26 1116 283 1179 Faleriorum...
312 1135 375 1174 esse
397 1119 463 1190 (Ep.
489 1122 552 1180 aa„
569 1119 678 1192 ibd.)4
704 1129 731 1175 et
764 1123 779 1174 5
813 1119 906 1176 libera
927 1119 963 1174 de
991 1136 1107 1192 quoque

28 1200 152 1256 arbitria
179 1220 275 1276 agere
300 1201 412 1269 aiebat3
447 1210 492 1268 ut,
514 1221 594 1262 cum.
609 1246 636 1259 ..
662 1201 831 1269 desciscant,
855 1201 885 1258 id
896 1220 954 1257 non
966 1201 1107 1275 cogitent3

29 1282 246 1340 documentum
265 1294 361 1340 autem
374 1284 485 1341 dicatur
498 1285 586 1341 statui
607 1284 674 1356 (Mp.
692 1287 796 1357 partim
818 1288 875 1344 Em.
898 1285 975 1353 286,
1004 1288 1108 1356 partim

28 1383 111 1424 nunc.
158 1369 181 1423 P
221 1368 314 1424 libera
355 1366 711 1443 dequoqarbitereriagere
752 1367 889 1424 iaiebatet
933 1365 1034 1423 cuillut

31 1450 316 1524 atqeosagitandum
331 1495 338 1510 .
352 1491 379 1510 ..
413 1450 582 1525 socipopulo
596 1496 621 1510 ..
638 1496 644 1510 .
670 1449 1059 1510 desciscantetnouvociteut.
1073 1493 1080 1509 .
1094 1494 1101 1510 .
1118 1520 1122 1531 Ι

31 1542 128 1588 autem
154 1534 277 1590 dicatur
292 1533 389 1591 statui.
427 1536 484 1590 itta
505 1543 533 1590 at
555 1542 586 1589 ut
607 1534 675 1590 novi
698 1533 849 1590 concilient
872 1534 958 1590 dubia
974 1531 1063 1610 sunt.)
1089 1535 1106 1590 6

34 1613 207 1673 desiderata
227 1618 265 1673 ab
288 1635 311 1672 s.
328 1617 363 1675 R.
376 1635 437 1677 res.
451 1659 478 1678 ..
505 1616 605 1672 visura
627 1617 665 1673 sit
687 1616 753 1689 (Μ).
769 1619 827 1673 Em.
842 1617 916 1690 285)
943 1621 957 1672 7
977 1613 1109 1693 [con]se·

34 1707 170 1755 cuturnm
199 1697 328 1777 (Weiss.)
352 1701 369 1756 8
392 1718 485 1773 neque
507 1699 581 1755 enim
597 1719 651 1774 pro
663 1701 760 1760 hoste.
774 1743 802 1760 ..
824 1717 888 1756 eum
904 1699 1014 1756 servari
1031 1699 1108 1774 (Ala.

37 1781 55 1834 P
80 1799 214 1856 neqeum
248 1802 302 1858 pro
329 1784 468 1843 hoste...
505 1801 569 1839 eum
592 1782 626 1855 s.)
655 1780 875 1857 9lCalenisque
894 1781 997 1856 legatis
1015 1783 1109 1838 Weiss.
1189 1787 1199 1807 '

38 1865 108 1918 eP:
135 1865 393 1939 catenisqlcgatis3
430 1866 519 1924 Druls.
542 1866 708 1939 catenisque
732 1865 850 1939 ligatus)
870 1865 874 1936 Ι
893 1883 989 1921 secum
1022 1865 1109 1936 [tum]

36 1943 170 2021 (Weiss)
202 1952 232 2006 11
249 1948 342 2005 nuntii
358 1948 436 2004 missi
458 1952 518 2004 sine
542 1951 595 2006 luc.
618 1951 723 2005 tradicio
736 1949 812 2019 (edd.
826 1948 907 2020 vett.)
932 1950 979 2004 13·
993 1963 1110 2020 quoque

38 2029 179 2100 gravitati
214 2032 281 2104 (Mu.
306 2035 364 2089 Em.
388 2033 455 2090 288.
479 2034 500 2088 P
522 2049 609 2105 quoq.
642 2031 839 2106 gravitatem.)
887 2030 1002 2100 XLVI,
1027 2035 1039 2086 l
1060 2029 1110 2100 (Ut

38 2111 80 2165 lu'c
101 2115 204 2172 Liuius
225 2118 339 2185 scripsit
361 2114 520 2188 neglectam
545 2114 677 2171 custodia
699 2121 810 2188 partem
833 2113 928 2183 urbis,
949 2116 991 2169 sic
1011 2115 1042 2182 V,
1060 2112 1110 2184 48,

40 2192 57 2246 9
69 2212 82 2249 e
96 2197 164 2258 Pur.
176 2219 187 2254 .·
199 2197 361 2272 neglectum
377 2197 537 2254 custodiam
554 2198 633 2269 effici
648 2197 729 2253 debet
744 2196 875 2253 custodia
885 2214 939 2268 pro
952 2195 1110 2268 custodiae.)

45 2278 59 2329 3
83 2278 215 2349 (murum
247 2280 360 2354 aperire
390 2282 468 2339 Creu.
493 2283 514 2336 P
535 2279 778 2355 amurumperire,
808 2280 898 2339 Dran.
928 2279 965 2334 ad
995 2297 1109 2335 murum

40 2376 161 2435 pergere
184 2373 223 2420 et.
254 2365 331 2419 Pieri
366 2373 470 2434 potest,
502 2373 533 2420 ut
568 2366 659 2420 livius
693 2371 800 2418 tautum
840 2365 986 2435 scripserit
1013 2370 1120 2417 trans·¹

43 2458 156 2514 gressus
182 2445 311 2521 aperire,
330 2447 429 2502 deinde
447 2465 560 2502 murum
583 2465 670 2518 supra
687 2447 855 2502 declarandi
875 2462 962 2502 causa
977 2448 1111 2515 scriptum

44 2543 138 2582 errore
153 2531 255 2586 medita
269 2533 335 2584 acci
349 2529 461 2603 aperire
482 2533 678 2600 interpositum
700 2532 746 2596 sit,
769 2531 849 2584 cuius
863 2532 969 2584 erroris
981 2529 1112 2600 exempla

45 2615 124 2677 posui
135 2615 196 2669 Em.
210 2613 270 2684 18.)
288 2617 303 2667 5
317 2605 498 2686 (sonitusque
514 2613 596 2668 codd.
612 2629 684 2670 reec.
699 2614 759 2668 Pet
770 2612 851 2667 urat
874 2610 1036 2686 sonituque,
1050 2613 1110 2672 Em.

48 2691 113 2766 287)
140 2695 275 2761 XLVII,
292 2697 308 2750 2
322 2697 474 2752 armabant
487 2695 588 2766 (aaa.)
614 2699 629 2751 5
644 2696 707 2768 (aut
728 2693 807 2768 quod
818 2697 943 2765 Deerinp
955 2711 1009 2766 pro
1032 2693 1110 2766 quod

51 2776 240 2848 aut.)15vico
255 2778 322 2834 iude
337 2777 450 2852 templis
462 2778 567 2850 (Pvico
581 2777 734 2852 intemplis.
747 2779 801 2848 Ep.
810 2781 867 2834 Em.
881 2777 951 2849 287)
962 2775 1111 2844 XLVIII,
1150 2773 1153 2778 ’

51 2859 286 2930 5(Probabiiiter
310 2863 403 2919 Crea:
426 2862 512 2928 Tum,
534 2861 563 2917 id
584 2861 709 2936 primum
737 2859 805 2931 ...)
829 2862 846 2916 6
868 2859 1010 2915 insuetum
1032 2859 1110 2932 (Ata.

51 2940 69 2995 P
88 2941 225 3004 insuetus.
290 2946 367 3001 Unus
396 2961 413 3000 a
434 2943 531 3019 pueris
552 2948 678 3001 insuetus
700 2961 756 2998 noa
780 2944 894 3012 dicitur,
916 2946 1029 2997 ausimo
1054 2961 1110 2998 nu-

51 3028 142 3100 mero.)
172 3032 186 3084 7
216 3028 303 3084 turbe
326 3025 430 3084 subita·
445 3045 517 3084 ace
547 3031 619 3083 coni.
649 3028 749 3083 Kocbii
775 3026 937 3097 (usulensis.
961 3026 983 3080 P
1010 3024 1110 3080 turba·
1176 3071 1179 3076 .

51 3121 199 3179 suaseaao,
229 3127 318 3182 supra
340 3128 379 3166 ua
401 3119 429 3165 et
457 3129 492 3166 oa
518 3111 559 3167 ba's
578 3114 674 3181 posito
696 3109 728 3181 i.)
751 3111 768 3164 9
799 3109 833 3181 (Ρ
854 3105 995 3166 Romanis
1016 3105 1110 3162 relata

52 3186 180 3250 Numidis
200 3193 323 3268 legatos.
369 3193 469 3250 Subest
496 3195 639 3260 mendum
671 3200 817 3263 asspectes
845 3209 989 3248 numerum
1013 3193 1111 3246 Numi-

54 3271 168 3349 darum.)
232 3276 358 3345 XLIX,
398 3281 409 3332 l
436 3274 542 3350 (maius
573 3278 657 3335 Gran.
687 3277 708 3332 Ρ
734 3275 828 3348 iagus,
859 3274 948 3331 Dran
967 3273 1065 3344 latius)
1091 3275 1108 3329 4

54 3351 332 3434 Carthaginiensibus
356 3359 473 3432 (Errare
495 3359 572 3430 apud
592 3376 645 3414 uos
667 3361 771 3414 mansit
800 3355 1106 3431 Carthaginiensium.)

55 3439 205 3499 coniunctis
228 3444 296 3514 (Ep.
327 3441 548 3500 Pcouiunctiis.
598 3444 652 3498 Via
683 3441 776 3498 Livius
798 3439 957 3497 coniunctis
977 3456 1031 3512 pro
1057 3438 1108 3494 ad·

55 3518 149 3581 iunctis
172 3524 269 3601 disit.)
294 3529 310 3581 5
335 3525 406 3598 (Vis
428 3535 536 3582 rectum
558 3533 615 3580 est:
637 3524 804 3580 Maurusios
827 3542 864 3579 ex
886 3541 930 3583 ac.
954 3521 1109 3580 Numidas.

56 3604 105 3666 Em.
126 3609 194 3667 288.
212 3611 313 3682 ¹Aliter
334 3611 357 3675 1,
378 3607 427 3676 57,
450 3610 478 3677 6¹,
501 3611 645 3664 nominato
668 3610 733 3666 Sea.
760 3609 921 3680 Tarquinio,
944 3605 1108 3662 subiicitur:

57 3683 206 3747 Collatinus
234 3691 359 3748 cenabat
380 3690 567 3764 Tarquinius.
591 3692 669 3750 Post.
695 3708 731 3746 ex
751 3690 813 3747 acie
841 3719 877 3730 ·-
901 3687 1036 3745 Numidas
1058 3707 1107 3744 ex·

58 3774 150 3847 tremi.)
191 3774 373 3832 6traiceret.
409 3776 526 3830 interim
555 3771 726 3829 Massinissa
749 3771 829 3848 (Ep.)
870 3775 885 3828 7
915 3780 1107 3846 preterquam

60 3848 226 3932 Celtiberum
245 3857 323 3930 quod
346 3857 440 3929 (codd.
465 3874 536 3912 recu.
549 3857 574 3928 t)

128 3941 186 4001 tit.
208 3940 282 4001 XXV.
327 3937 399 4014 Cap.
420 3940 446 4008 I,
474 3943 483 3996 l
514 3937 685 4010 (Sallentino
701 3941 753 4010 Μ).
773 3941 832 3997 Em.
843 3937 911 3994 289.
927 3933 1106 3996 Ptalentino,
1195 3957 1198 3964 ’

60 4019 134 4082 Daui.
156 4023 329 4095 Tarentino)
358 4024 375 4077 3
399 4021 633 4096 populationibus
655 4029 683 4077 et
704 4021 734 4077 in
757 4021 851 4094 (codd.
879 4018 965 4092 rece.)
999 4023 1017 4074 6
1042 4017 1108 4090 Quo

59 4100 150 4164 diutius
174 4108 314 4180 (naum.
336 4105 408 4178 289)
432 4109 448 4162 8
475 4112 523 4178 (ex
545 4108 655 4162 aotuoit
672 4099 793 4176 Weiss.)
818 4105 835 4160 9
859 4101 995 4178 (acpubl
1014 4103 1107 4161 Weiss.
