2748 4556
287 263 346 318 tto
512 257 591 308 nne
609 256 696 310 xxx.
733 257 781 317 (a,
796 271 819 304 u.
836 270 859 308 e.
874 257 1034 320 ser-aee.)

246 443 280 502 (l.
302 441 457 499 Terentius
480 441 589 510 Varro,
612 437 646 498 Ο.
669 438 827 508 Mamilius,
850 440 892 498 M.
914 441 1072 512 Aurelius3
1095 444 1132 500 iis
1155 453 1219 500 ιω
1240 442 1317 516 qnin-

246 565 395 620 queremes
418 545 503 605 data.

217 661 233 712 t
329 654 434 710 Annus
455 652 575 728 insignis
596 647 729 708 inoendio
751 647 876 724 ingenti,
907 669 965 726 quo
988 652 1081 710 olivus
1106 651 1262 710 Publicius
1283 649 1316 704 etl

247 757 339 814 solum
363 766 482 814 exustus
503 767 558 826 eat,
580 769 609 814 et
629 774 772 831 aquarum
796 754 1009 829 magnitudine,
1030 758 1084 813 sed
1108 775 1238 815 annonae
1258 755 1316 812 vili-

247 871 307 920 tate
327 861 398 932 init,
434 869 627 937 praeterquam
661 861 741 934 quod
774 879 847 936 paee
879 861 973 918 omnis
994 862 1084 919 Italia
1120 873 1186 919 erat
1209 871 1317 937 apertu,

217 967 333 1027 (tetiam
362 967 440 1041 quod
472 983 609 1041 magnam
640 966 699 1023 vim
730 965 868 1022 frumenti
897 984 934 1022 ex
962 966 1111 1041 Hispania
1134 968 1258 1025 missam
1279 967 1316 1023 M.

248 1072 383 1130 Valerius
405 1071 493 1130 Falto
516 1081 545 1128 et
566 1071 608 1132 M.
632 1071 741 1128 Fabius
766 1071 862 1128 Buteo
893 1071 990 1128 aditos
1019 1073 1142 1128 curules
1171 1073 1316 1146 quaternis

246 1179 310 1236 en's
331 1177 448 1235 vicatim
472 1177 581 1252 populo
603 1175 825 1252 descripserunt.

217 1291 231 1340 7
329 1284 441 1342 Eodem
471 1301 547 1339 anno
570 1283 606 1355 Q.
628 1282 738 1340 Fabius
760 1283 907 1340 Maximus
922 1285 1054 1354 moritur,
1077 1294 1198 1340 exaetae
1219 1282 1316 1345 aetafis,

199 1369 202 1376 ¹
246 1388 270 1444 si
286 1387 401 1463 quidem
423 1405 524 1446 rerum
545 1398 599 1457 est,
623 1406 762 1463 augurem
786 1390 859 1446 duos
882 1395 911 1445 et
933 1390 1087 1465 sexaginta
1111 1407 1211 1445 annos
1225 1387 1316 1446 inisse.

215 1494 325 1567 8quod
347 1493 465 1566 quidam
488 1501 623 1552 auctores
644 1503 720 1552 sunt.
759 1493 815 1550 Vir
836 1504 915 1551 certe
935 1494 990 1552 fnit
1012 1495 1120 1570 dignus
1145 1504 1232 1552 tanto
1254 1511 1316 1566 eog-

246 1597 376 1664 nomine,
408 1597 456 1654 vel
484 1598 508 1655 si
540 1617 649 1656 novum
681 1599 719 1654 ab
748 1617 784 1655 eo
806 1599 953 1675 inciperet.
996 1600 1161 1675 Superavit
1183 1609 1317 1676 paternos

246 1705 380 1773 honores,
403 1703 497 1760 avitos
515 1703 651 1778 aquavit.
702 1705 835 1761 Pluribus
850 1704 979 1762 victoriis
1001 1717 1030 1762 et
1051 1707 1222 1763 maioribus
1243 1723 1316 1780 pria·

246 1809 292 1866 liis
328 1826 401 1866 avus
439 1809 559 1885 insignis
590 1809 707 1880 Rullus;
743 1811 795 1866 sed
827 1811 926 1867 omnia
959 1829 1078 1885 equare
1111 1829 1193 1868 unus
1230 1810 1316 1868 bostis

156 1899 159 1907 ¹
216 1914 395 1971 llllsunibal
417 1923 522 1989 potest.
571 1912 695 1972 Cautior
714 1925 812 1972 tamen
841 1932 928 1987 quam
960 1916 1125 1990 promptior
1154 1917 1207 1973 hie
1240 1915 1316 1972 habi·

247 2029 307 2084 tus3
338 2030 365 2075 et
387 2019 461 2076 sieut
483 2016 611 2087 dubites,
635 2029 729 2076 utrum
751 2020 869 2094 ingenio
892 2028 1045 2076 cunctator
1064 2019 1165 2087 fuerit,
1190 2041 1232 2078 an
1255 2021 1318 2094 quia

247 2124 288 2180 ita
307 2124 383 2181 bello
406 2123 538 2198 proprie,
571 2123 649 2197 quod
668 2132 728 2180 turn
754 2125 923 2199 gerebatur,
953 2132 1052 2198 aptum
1076 2133 1160 2192 erat,
1185 2125 1232 2180 sio
1254 2125 1317 2180 nihil

247 2228 352 2286 certius
375 2237 433 2297 est,
461 2245 548 2302 quam
575 2247 663 2286 unum
685 2230 830 2288 homiuem
854 2229 937 2286 nobis
960 2230 1124 2286 cunctando
1148 2249 1215 2286 rem
1241 2231 1316 2288 resti·
1370 2299 1371 2304 ἵ

199 2334 352 2402 teruisse,
384 2333 457 2389 siout
488 2333 599 2390 Ennius
627 2335 677 2393 ait.
726 2338 831 2409 Augur
857 2334 887 2390 in
913 2334 1009 2390 locum
1040 2334 1101 2390 eius
1122 2334 1317 2408 inauguratus

247 2437 284 2509 Q.
307 2437 417 2494 Fabius
449 2437 598 2494 Maximus
626 2437 720 2507 lilius3
753 2440 783 2495 in
806 2439 932 2496 eiusdem
958 2439 1052 2495 locum
1077 2440 1217 2514 pontifex
1242 2445 1314 2512 (nam

247 2543 304 2599 duo
326 2531 490 2600 sacerdotia
513 2543 626 2615 babuit)
651 2543 713 2601 Sar.
736 2543 882 2619 Sulpicius
901 2541 1010 2600 Galba

199 2655 228 2708 ll
326 2649 405 2706 -Ludi
428 2649 555 2706 Romani
585 2649 661 2706 diem
693 2667 798 2717 unum,
831 2648 936 2725 plebeii
957 2657 1001 2704 ter
1022 2646 1075 2702 toti
1097 2649 1261 2706 instaurati
1281 2652 1315 2706 ab

247 2753 376 2811 oetlilibus
398 2755 439 2810 M.
465 2753 567 2812 Sextio
590 2752 701 2811 Sabino
724 2765 752 2811 et
774 2753 826 2812 Cn.
845 2752 1001 2811 Tremellio
1025 2752 1141 2810 Flacco.
1177 2754 1205 2810 Ii
1230 2756 1315 2811 ambo

247 2870 386 2936 praetores
407 2858 491 2930 facti,
514 2867 543 2916 et
568 2877 632 2916 eum
655 2859 690 2915 iis
716 2857 750 2919 C.
774 2859 874 2916 Livius
899 2856 1047 2916 Salinator
1070 2865 1098 2913 et
1120 2856 1157 2918 C.
1176 2860 1315 2916 Aurelius

200 2967 234 3022 ¹2
249 2963 345 3022 Cotta.
392 2962 521 3021 Comitia
543 2963 603 3019 eius
626 2964 695 3020 anni
714 2973 809 3021 utrum
833 2962 866 3022 C.
887 2962 1026 3021 Servilius
1056 2961 1158 3018 consul
1181 2963 1316 3020 babuerit

248 3088 294 3139 au,
329 3069 397 3143 quia
430 3087 493 3126 eum
527 3067 556 3124 in
591 3069 709 3126 Etruria
741 3069 885 3126 tenuerint
917 3067 1090 3142 quaestiones
1122 3085 1160 3122 ex
1196 3079 1314 3126 senatus

247 3173 377 3231 consulto
406 3171 441 3229 de
467 3173 715 3231 coniurationibus
743 3175 904 3250 principum
930 3171 1088 3255 *babendm
1121 3171 1252 3229 dictator
1276 3175 1314 3230 ab

247 3301 281 3337 eo
316 3279 408 3338 dietus
439 3280 475 3337 P.
505 3278 668 3353 Sulpicius,
706 3279 846 3336 incertum
883 3291 916 3335 nt
953 3277 1005 3346 sit,
1037 3276 1145 3332 diversi
1179 3288 1313 3359 auctores
1369 3307 1370 3312 κ

246 3385 364 3443 faciunt.

151 3477 193 3544 27
330 3489 478 3564 Principio
515 3488 691 3561 insequentis
728 3487 797 3544 anni
828 3488 871 3546 M.
904 3485 1043 3544 Servilius
1078 3494 1108 3540 et
1140 3485 1188 3542 Ti.
1221 3485 1312 3544 Cleu-

67 3567 234 3683 Ῥοζὲἓξ
247 3595 321 3664 dius,
352 3604 454 3653 senatu
486 3593 516 3650 in
538 3592 713 3669 Capitolium
735 3601 851 3663 voeato,
883 3592 919 3648 de
956 3589 1112 3666 provinciis
1141 3590 1309 3648 retulerunt.

217 3695 362 3759 2ltaliam
397 3709 485 3774 atque
515 3695 650 3755 Africam
685 3696 715 3754 in
747 3705 855 3754 sortem
888 3697 1007 3765 eoniiei,
1045 3694 1179 3754 Africam
1223 3697 1309 3754 ambo

247 3803 408 3878 cupientes,
442 3802 591 3872 volebant3
623 3812 760 3873 ueterum,
796 3803 832 3875 Q.
855 3801 973 3859 Metello
1000 3801 1128 3860 maxime
1155 3799 1309 3868 annitente,

215 3909 339 3981 3ueque
371 3915 478 3981 negata
510 3925 603 3982 neque
635 3907 706 3964 slata
737 3917 780 3964 est
811 3905 924 3966 Africa.
973 3905 1115 3965 Consules
1145 3906 1216 3962 iussi
1246 3925 1306 3964 uum

246 4011 367 4067 tribunis
388 4011 481 4085 plebis
507 4029 610 4086 agere,
637 4021 685 4082 nt,
712 4013 736 4068 si
758 4012 793 4070 iis
815 4011 980 4082 videretur,
1001 4011 1140 4086 populum
1163 4023 1308 4086 rogarent,
