2680 4546
486 205 496 222 ⁸
564 243 761 296 nieorxxvr.
802 244 1018 309 (lucete.)
1076 221 1081 228 ’

227 435 243 488 7
257 431 435 493 Aventinum
450 393 713 486 conclamaverunt.
753 428 799 486 Ea
813 447 860 486 res
874 435 987 485 tentum
1002 427 1171 484 tumultum
1185 441 1219 480 ec
1230 423 1307 496 lugu
1329 411 1332 474 l

258 535 390 614 prebuit,
411 544 452 605 ut,
472 533 528 590 uisi
549 541 647 590 cestre
670 534 782 592 Punice
803 541 888 592 extre
908 531 1009 587 urbem
1032 528 1177 598 fuissent,
1203 527 1307 587 effusum
1323 561 1332 606 r

257 663 289 704 se
315 641 408 700 omnis
436 638 545 714 pavida
572 637 726 697 multitudo
753 639 856 710 fuerit3
887 645 955 694 tunc
981 636 1013 692 in
1041 636 1157 694 domos
1187 644 1263 708 etque
1283 633 1329 719 ing

257 757 334 806 tecte
354 744 546 820 refugiebant,
567 761 717 819 vagosque
738 744 768 801 in
789 744 844 802 viis
865 760 934 800 suos
954 759 1009 817 pro
1029 741 1175 798 hostibus
1189 740 1307 815 lepidius
1322 760 1332 813 ῃ

227 848 380 927 8telisque
404 848 599 917 incessebant3
628 866 681 905 nec
709 848 861 924 comprimi
883 847 1023 905 tumultus
1054 847 1228 921 aperirique
1247 859 1306 900 erres
1331 879 1332 913 ,

257 964 382 1034 poterat,
410 953 523 1012 refertis
549 952 699 1010 itineribus
725 953 883 1027 agrestium
904 953 991 1009 turbe
1018 969 1238 1027 pecorumque,
1260 964 1307 1022 qu
1321 940 1332 1019 ,³

226 1060 422 1136 9repentinns
451 1076 545 1134 pavor
574 1057 605 1114 in
637 1057 738 1114 urbem
766 1055 955 1132 compulerat
1016 1056 1171 1130 Equestre
1199 1055 1306 1132 pretim
1322 1084 1332 1125 :t

257 1165 413 1224 secundum
434 1163 498 1234 fuit,
519 1161 713 1236 summotique
735 1163 833 1220 hostes
856 1170 933 1222 sunt.
978 1162 1019 1218 Et
1041 1137 1114 1235 quia
1137 1163 1237 1220 multis
1254 1159 1306 1219 lecit
1322 1148 1332 1227 [t

258 1267 465 1346 comprimendi
494 1265 633 1324 tumultus
660 1275 759 1337 erant,
790 1268 839 1340 qui
866 1276 975 1326 temere
996 1266 1193 1338 criebantur,
1222 1265 1332 1349 plem't2,

259 1393 368 1445 omnes,
402 1373 452 1448 qui
473 1371 638 1440 dictatores,
666 1372 799 1430 consules
821 1389 991 1430 censoresve
1012 1369 1157 1443 inissent,
1191 1391 1250 1430 cum
1267 1372 1332 1440 ire-q

209 1478 245 1533 10
258 1481 339 1558 perio
367 1497 445 1547 essa,
482 1475 574 1532 donee
601 1476 768 1534 messuisset
791 1497 812 1534 e
830 1477 920 1535 muris
947 1476 1050 1534 hostis.
1094 1479 1135 1536 Et
1166 1478 1224 1534 diei
1248 1473 1306 1550 quel
1319 1498 1327 1567 p

256 1585 398 1660 reliquum
420 1583 484 1652 fuit,
509 1591 537 1638 et
552 1592 636 1638 noete
655 1581 816 1656 insequenti
832 1582 914 1639 multi
927 1590 1037 1639 temere
1051 1582 1177 1640 excitati
1190 1582 1305 1639 tumulus
1319 1582 1327 1639 l

257 1697 324 1747 sunt
345 1687 568 1763 compressique.
991 1664 993 1668 Ι
1318 1644 1327 1699 1

161 1783 194 1852 ll
340 1795 466 1851 Postero
494 1791 541 1848 die
555 1799 560 1810 ’
573 1798 771 1864 transgressus
806 1790 950 1848 Anienem
983 1789 1137 1848 Hannibal
1170 1790 1201 1847 in
1233 1791 1303 1848 scien
1331 1809 1332 1830 ³

259 1916 359 1956 omnes
381 1897 481 1972 copies
503 1895 616 1964 eduxit;
644 1913 697 1953 nec
722 1896 847 1953 Flaccus
877 1895 1070 1969 consulesque
1098 1905 1244 1954 certamen
1267 1895 1305 1950 de·

228 1999 426 2061 2trectevere.
468 2000 619 2058 Instructia
633 2001 768 2073 utrinque
783 1999 956 2058 exercitibus
970 2001 1000 2057 in
1015 2001 1078 2058 eius
1093 2020 1200 2076 pugne
1214 2017 1302 2063 cesum
1331 2035 1332 2064 2

258 2110 287 2166 in
325 2126 384 2182 qua
420 2107 489 2163 urbs
524 2105 619 2162 Roma
652 2103 756 2160 victori
791 2103 941 2179 praemium
971 2114 1062 2175 esset,
1100 2107 1196 2164 imber
1220 2106 1302 2179 ingens
1328 2086 1329 2090 ἵ

258 2213 401 2289 grandine
428 2210 535 2266 mixtus
565 2209 608 2265 ite
636 2216 790 2283 utrumqne
816 2209 907 2267 eciem
936 2211 1083 2282 turbavit,
1111 2211 1213 2269 utrix
1231 2207 1302 2266 nmis

227 2395 229 2400 Ι
258 2316 376 2375 retentis
402 2315 434 2371 in
462 2321 559 2370 cestre
587 2330 651 2370 sese
679 2315 853 2389 receperint,
887 2314 992 2372 nullius
1021 2317 1065 2374 rei
1093 2316 1206 2374 minore
1230 2329 1301 2388 quen
1322 2303 1332 2386 ἦ

228 2417 384 2493 3hostium
412 2426 499 2480 metu.
552 2419 592 2475 Et
617 2427 735 2493 postero
764 2419 810 2477 die
834 2421 935 2477 eodem
965 2421 1031 2478 loco
1061 2423 1141 2480 ecies
1169 2421 1300 2477 insnum

259 2527 361 2584 eadem
382 2531 540 2599 tempestus
563 2522 693 2589 diremit;
724 2523 774 2580 ubi
802 2524 977 2599 recepissent
998 2543 1030 2582 se
1050 2526 1082 2583 in
1106 2533 1215 2592 cestre,
1240 2521 1300 2577 mim

227 2631 398 2688 tserenitas
422 2648 487 2686 cum
509 2627 717 2701 tranquillitate
740 2628 895 2686 oriebatur.
948 2632 984 2688 In
1013 2631 1185 2706 religionem
1211 2649 1240 2686 ea
1262 2643 1298 2681 ree

259 2736 336 2810 apud
357 2737 465 2793 Poenos
486 2750 573 2792 verse
594 2742 652 2803 est,
681 2731 838 2806 euditeque
858 2752 919 2790 vox
940 2735 1117 2792 Hannibalis
1138 2734 1235 2802 fertur,
1255 2748 1297 2804 po·

258 2841 365 2898 tiundae
387 2840 442 2897 sibi
466 2839 545 2896 urbis
566 2839 669 2896 Romae
690 2837 778 2894 modo
799 2847 923 2896 mentem
952 2857 1010 2894 non
1039 2839 1115 2909 deri,
1145 2839 1226 2896 modo
1248 2834 1297 2892 lor·

228 2943 367 3001 5tunem.
413 2944 545 3000 Minuere
566 2941 653 2998 etiam
675 2960 756 3017 spem
779 2943 840 3000 eius
861 2944 926 3000 duae
945 2943 1018 3013 atie,
1039 2963 1136 3018 parve
1150 2957 1293 3018 magnaque

204 3101 208 3110 ,
258 3069 314 3119 res,
343 3065 451 3122 ntegne
470 3048 530 3118 illa,
553 3047 640 3121 quod,
668 3065 755 3121 quum
777 3048 840 3125 ipse
862 3048 900 3104 e'd
923 3048 1030 3105 moenia
1051 3049 1133 3106 urbis
1154 3051 1241 3107 Rome
1257 3061 1294 3098 ar·

258 3161 355 3209 metus
377 3153 499 3221 sederet,
530 3151 635 3207 milites
659 3152 712 3209 sub
734 3152 848 3210 vexillis
867 3153 898 3208 in
919 3151 1152 3226 supplementum
1173 3145 1292 3226 ruspans

227 3254 406 3331 eprofectos
430 3253 538 3323 audiit,
570 3272 664 3329 perra
687 3265 801 3327 eutem,
832 3257 911 3330 quod
928 3275 982 3330 per
1003 3275 1055 3313 eos
1077 3257 1140 3315 dies
1161 3276 1217 3315 eum
1234 3253 1290 3310 forte

260 3378 372 3435 agrum,
393 3359 423 3416 in
449 3377 506 3433 quo
528 3358 591 3433 ipse
613 3365 709 3416 castre
729 3361 858 3430 heberet,
887 3361 1001 3418 venisse
1024 3360 1097 3418 nihil
1119 3365 1157 3419 ob
1175 3361 1202 3418 id
1222 3353 1289 3414 demi·

228 3465 330 3522 ‘lnutc
351 3464 448 3539 pretio
467 3463 613 3538 cognitum
638 3483 675 3521 ex
704 3465 830 3539 quodam
854 3466 971 3541 captivo
996 3473 1049 3526 est.
1096 3467 1133 3524 Id
1153 3483 1216 3523 vero
1233 3459 1286 3516 edes

259 3570 414 3643 superbum
443 3578 532 3642 etque
552 3567 709 3643 indiguum
730 3569 838 3639 visum,
870 3570 931 3654 eius
958 3569 1022 3640 soli,
1055 3569 1135 3643 quod
1160 3569 1215 3644 ipse
1231 3561 1285 3620 bellt

258 3681 375 3747 ceptum
399 3673 560 3749 possideret
580 3674 774 3748 haberetque,
806 3674 954 3732 inventum
976 3675 1078 3731 Rcmae
1100 3681 1248 3749 emptorem,
1264 3673 1285 3720 ul

258 3778 404 3853 extemplo
438 3788 544 3836 vocato
575 3796 708 3853 praecone
736 3782 874 3838 tabernas
911 3777 1108 3853 argentarias,
1147 3795 1205 3851 qus
1230 3771 1286 3828 tirtt

226 3880 353 3938 8forum
390 3882 555 3939 Romanum
589 3892 700 3954 essent,
744 3884 859 3941 iusserit
894 3882 1003 3942 venire.
1055 3881 1112 3938 His
1150 3887 1231 3938 motus
1258 3868 1286 3926 td

250 3984 376 4048 ,Tutiam
398 3984 517 4041 fluvium
540 3993 636 4042 cestre
664 3986 775 4055 retulit,
804 4004 857 4042 sex
887 3986 977 4043 millia
1004 4004 1144 4060 passuum
1168 3984 1201 4041 eb
1225 3976 1285 4034 urbe
