2700 4426
334 169 338 173 ¹
439 209 518 259 niter
535 209 623 258 xxu,
659 209 706 271 (n.
720 206 768 258 cu.
783 209 855 271 au.)
1094 214 1131 270 ss

106 393 202 449 sidere
231 401 381 467 poteraut,
411 394 537 468 quinque
568 391 660 448 millia
690 393 853 450 conduntur
878 392 1008 468 peditum
1032 393 1174 466 equitum·

108 518 174 574 que.
229 498 344 556 Necubi
376 507 473 554 tamen
504 508 554 555 sut
585 507 681 555 motus
715 498 836 554 alicuius
864 506 973 554 temere
994 500 1102 574 egressi
1125 501 1205 558 autB

107 604 205 680 fulgor
226 622 374 661 armorum
395 601 527 660 fraudem
549 605 578 660 in
600 604 758 661 valletam
780 611 882 679 aperta
903 604 1059 680 detegeret,
1081 606 1176 662 missis

107 710 210 786 paucis
225 709 321 785 prima
334 709 399 765 luce
414 709 452 765 ad
474 707 656 782 capiendum,
679 727 763 783 quem
788 719 854 765 ante
876 709 1011 779 diximus,
1033 711 1173 768 tumulum

109 814 216 872 avertit
245 813 345 871 oculos
374 814 511 871 hostium.
561 813 662 870 Primo
690 813 788 870 statim
820 824 976 890 conspectu
1009 815 1206 890 contemptui)

108 918 257 994 paucitas,
285 937 320 975 sc
349 919 405 976 sibi
434 919 557 994 quisque
578 919 735 992 deposcere
760 919 911 993 pellendos
932 920 999 978 inde
1020 922 1119 978 hostes
1142 940 1176 978 ac

108 1026 204 1081 locum
228 1025 415 1099 capiendum
437 1026 497 1082 dux
518 1025 581 1100 ipse
602 1024 678 1080 inter
698 1025 900 1083 stolidissimos
921 1025 1176 1100 ferocissimosque

107 1131 149 1186 ad
164 1147 247 1187 arma
261 1139 349 1187 vocat
363 1140 392 1188 et
406 1130 491 1187 vanis
507 1129 592 1187 minis
611 1130 743 1205 increpat
756 1131 880 1192 hostem.
916 1130 1067 1207 Principio
1081 1132 1175 1188 levem
1193 1132 1228 1185 10

109 1245 290 1293 armaturam
321 1232 484 1311 [dimittit],
518 1235 623 1292 deiude
652 1234 783 1292 conferto
806 1237 921 1311 agmine
942 1237 1029 1295 mittit
1051 1237 1176 1311 equites;

108 1351 268 1419 postremo,
290 1360 378 1416 quum
393 1340 525 1397 hostibus
540 1359 657 1414 quoque
671 1325 800 1398 subsidia
815 1341 889 1398 mitti
910 1343 1031 1416 videret,
1052 1344 1176 1400 instruc-

108 1449 148 1504 tis
175 1448 336 1523 legionibus
365 1446 505 1521 procedit.
560 1445 599 1501 Et
623 1445 773 1502 Hannibal
801 1447 1002 1506 laborantibus
1031 1449 1090 1505 suis
1118 1448 1177 1505 alia
1192 1444 1226 1500 tt
1287 1529 1290 1533 .

110 1564 200 1627 atque
230 1553 289 1609 alia
316 1559 461 1610 crescente
489 1550 647 1607 certamine
668 1551 785 1608 mittens
816 1553 926 1610 auxilia
944 1555 1073 1630 peditum
1096 1553 1176 1628 equi·

109 1669 231 1733 tumque
252 1659 311 1715 iam
332 1658 437 1714 iustam
453 1656 622 1731 expleverat
644 1657 746 1725 aciem,
768 1675 804 1713 ac
818 1659 888 1714 totis
909 1659 1045 1734 utrinque
1066 1660 1177 1717 viribus

108 1773 248 1822 certatur.
297 1763 399 1820 Prima
426 1762 498 1818 levis
525 1770 675 1819 armatura
703 1763 918 1834 Romanorum,
943 1773 1177 1841 praeoccupatum
1194 1762 1230 1819 12

112 1888 147 1926 er
167 1869 304 1926 inferiore
324 1867 391 1924 loco
413 1866 569 1924 succedens
590 1867 748 1937 tumulum,
778 1867 864 1942 pulsa
886 1869 1063 1943 detrusaque
1085 1878 1177 1925 terro·

108 1994 173 2033 rem
204 1976 235 2031 in
271 1973 471 2030 succedentem
503 1971 598 2029 intulit
629 1973 754 2046 equitem
788 1983 817 2030 et
846 1975 884 2031 ad
917 1975 1000 2050 signa
1031 1974 1177 2049 legionum

110 2079 228 2155 refugit.
283 2077 419 2136 Peditum
455 2075 534 2133 acies
566 2077 641 2133 iuter
670 2077 819 2152 perculsos
845 2078 995 2153 impavida
1021 2078 1085 2135 sola
1116 2077 1230 2135 erat13

108 2187 334 2258 videbaturque,
364 2181 389 2238 si
416 2181 493 2237 iusta
522 2199 557 2240 ac
589 2182 699 2239 directa
720 2200 820 2257 pugna
836 2192 927 2254 esset,
949 2184 1177 2258 haudquaquam

109 2292 206 2365 impar
226 2287 339 2356 futura3
369 2295 481 2368 tantum
504 2285 667 2342 animorum
688 2286 799 2344 fecerat
817 2306 957 2363 prospere
978 2300 1045 2346 anta
1067 2308 1177 2364 paucos

109 2396 173 2453 dies
193 2412 240 2451 res
263 2401 361 2467 gesta3
389 2391 440 2447 sed
462 2391 556 2447 exemi
577 2401 696 2465 repente
727 2391 911 2451 insidiatores
935 2414 999 2452 eum
1021 2395 1176 2453 tumultum
1193 2395 1228 2447 14

110 2507 311 2570 terroremque
331 2498 361 2553 in
383 2496 476 2551 latera
505 2496 640 2570 utrinque
667 2498 705 2554 ab
727 2507 867 2573 tergoque
894 2500 1074 2558 incursantes
1100 2499 1177 2559 fece·

111 2610 188 2671 runt,
213 2610 245 2657 ut
263 2582 357 2673 neque
380 2600 493 2656 animus
518 2600 556 2656 ad
577 2620 705 2677 pugnam
727 2621 821 2677 neque
844 2605 882 2661 ad
904 2604 1004 2680 fugam
1027 2625 1093 2682 spes
1116 2605 1176 2663 cui-

111 2724 200 2780 quam
233 2715 404 2779 superesset.
462 2705 539 2762 Tum
561 2707 687 2776 Fabius,
719 2707 814 2782 primo
848 2710 975 2767 clamore
1006 2712 1175 2787 paventium
1226 2700 1271 2769 29

111 2810 229 2880 audito,
257 2811 323 2867 dein
345 2820 502 2886 conspecta
522 2811 625 2886 procul
646 2813 764 2868 turbata
786 2814 857 2884 anie,
886 2816 953 2884 „Ita
979 2819 1041 2872 est“
1070 2816 1177 2889 inquit;

115 2934 191 2983 „non
223 2917 353 2986 celerius,
386 2936 472 2991 quam
505 2917 597 2988 timui,
635 2915 787 2991 deprendit
820 2917 938 2976 fortuna
978 2919 1178 2979 temeritatem.
1281 2972 1284 2979 .

112 3020 208 3078 Fabio
231 3031 362 3096 aequatus
390 3023 512 3097 imperio
536 3022 732 3079 Hannibalem
756 3030 784 3080 et
813 3023 919 3081 virtute
941 3032 970 3080 et
990 3023 1109 3080 fortuna
1131 3018 1209 3081 su-²

112 3125 257 3200 periorem
271 3126 360 3185 videt.
405 3128 463 3187 Sed
479 3128 557 3185 aliud
572 3127 706 3202 iurgandi
721 3128 965 3202 suscensendique
979 3138 1094 3204 tempus
1109 3130 1178 3199 erit3

113 3249 189 3288 nunc
210 3232 294 3307 signa
316 3242 399 3290 extra
426 3233 535 3289 vallum
557 3232 699 3308 proferte3
728 3232 880 3290 victorium
909 3234 986 3291 hosti
1004 3243 1177 3309 extorquea-

113 3354 194 3407 mus,
226 3337 437 3395 confessionem
467 3339 573 3395 erroris
597 3338 738 3396 civibus.“
793 3339 858 3395 Iam
895 3357 1002 3413 magna
1025 3355 1063 3394 ex
1094 3336 1207 3412 pai-ted
1310 3404 1314 3411 ,

112 3441 195 3497 caesis
217 3441 296 3512 aliis,
326 3442 390 3499 aliis
412 3442 717 3517 circumspectantibus
738 3437 853 3516 fugam,
882 3441 1017 3499 Fabiana
1043 3460 1075 3499 se
1101 3443 1177 3499 acies

114 3555 232 3620 repente
265 3545 347 3603 velut
379 3548 450 3604 caelo
485 3547 611 3604 demissa
643 3547 680 3604 ad
720 3547 857 3604 auxilium
888 3546 1022 3603 ostendit.
1074 3548 1206 3621 Itaquel

113 3651 283 3725 priusquam
319 3639 357 3708 ad
377 3651 536 3708 coniectum
564 3653 614 3708 teli
641 3653 752 3710 veniret
782 3661 834 3709 aut
855 3671 972 3709 manum
1005 3660 1177 3719 consereret,

116 3765 143 3812 et
165 3774 233 3813 suos
255 3777 273 3814 a
293 3756 365 3831 iuga
387 3753 480 3813 effusa
501 3765 530 3812 et
558 3759 595 3814 ab
614 3757 699 3814 nimis
720 3756 811 3815 feroci
840 3774 940 3831 pugna
967 3757 1065 3811 hostes
1087 3755 1178 3810 conti·
1284 3746 1287 3751 ’

115 3861 185 3919 nuit.
229 3862 287 3935 Qui
310 3862 411 3918 solutis
433 3861 581 3919 ordinibus
602 3877 679 3934 vage
700 3861 831 3936 dissipati
852 3870 944 3929 erant,
967 3859 1095 3933 undique
1108 3859 1208 3915 con-5
1273 3886 1277 3911 ι

112 3965 251 4042 fugerunt
269 3968 308 4024 ad
331 3967 475 4042 integram
498 3966 604 4036 aciem;
633 3966 683 4040 qui
703 3966 801 4040 plures
823 3964 908 4022 simul
924 3975 1007 4038 terga
1028 3964 1178 4035 dederant,
1265 3984 1273 3999 ¹

1162 4006 1303 4159 „t
