2700 4426
375 207 455 258 aruer
472 207 572 258 xx1v.
608 208 656 272 (A.
670 205 719 262 on.
734 209 809 271 aaa.)
1024 212 1082 268 21⁷

60 390 149 449 sociis
179 392 315 449 Romana
343 411 375 448 re
402 391 559 450 foederibus
582 392 700 450 Punicis
730 391 828 458 omnia
855 390 885 448 in
914 391 1001 450 Italia
1028 387 1126 452 iuncta
1178 469 1181 475 1

61 497 153 554 visuri
175 496 252 554 sint?
290 495 329 554 Se
350 504 448 552 tamen
476 515 535 555 non
557 517 622 554 eum
645 517 722 568 esse,
751 497 801 571 qui
823 496 934 554 Altinio
956 497 1023 555 fidoi
1045 494 1156 573 quio-⁷
1212 533 1215 543 ν

62 621 152 677 quam
175 611 290 659 censeat
311 602 493 672 habendum3
518 603 569 660 sod
591 603 715 660 mediam
736 611 899 661 secuturum
914 603 1026 660 consilii
1040 603 1126 660 viam.

59 708 168 782 Neque
188 725 254 763 eum
277 715 330 782 pro
358 709 441 765 hoste
469 727 563 782 neque
586 726 640 783 pro
669 709 749 764 socio
772 709 801 765 in
822 708 976 783 praesentia
996 703 1157 765 habitum8

59 811 156 869 libera
185 813 316 870 custodia
348 813 427 869 haud
455 814 557 887 procul
580 833 597 870 a
618 813 720 870 castris
749 814 865 888 placere
892 814 922 870 in
949 813 1047 887 eliqua
1068 814 1127 870 tide

59 917 181 975 civitate
208 918 319 974 servari
348 936 400 992 per
429 919 496 975 b'elli
518 929 648 994 tempus3
677 928 844 994 perpetrato
867 919 957 990 bello‚.
975 927 1035 975 tum
1059 910 1127 976 con-

58 1023 239 1092 sultandum,
261 1033 357 1080 utrum
387 1025 468 1098 prior
487 1023 610 1081 delectio
633 1025 697 1099 plus
725 1024 828 1080 merita
850 1024 887 1080 sit
907 1042 1000 1098 poenae
1022 1028 1061 1081 an'
1081 1024 1128 1082 hic

35 1128 174 1184 reditus
196 1128 296 1187 veniae.
331 1129 426 1204 ¹Fabio
450 1146 599 1185 assensum
616 1138 667 1200 est,
690 1125 865 1202 Calenisque
886 1129 989 1203 legatis
1004 1112 1157 1187 traditua9

59 1241 92 1290 et
114 1233 177 1307 ipse
199 1242 227 1290 et
249 1233 385 1302 comites3
404 1242 433 1289 et
454 1233 518 1290 auri
540 1234 610 1290 satis
632 1252 768 1308 magnum
791 1234 914 1308 pondus,
937 1221 1016 1308 quod
1030 1254 1125 1293 secum

59 1338 216 1408 attulerat,
245 1339 271 1394 ei
301 1338 413 1395 servari
433 1339 552 1418 iussum.
605 1336 724 1396 Calibus
757 1359 822 1396 eum
849 1340 972 1397 interdiu
1002 1341 1126 1397 solutum
1145 1342 1177 1394 10

58 1443 198 1500 custodes
222 1445 427 1517 sequebantur,
449 1454 533 1501 nocte
557 1445 685 1501 clausum
702 1446 900 1502 asservabant.
941 1444 1032 1519 Arpis
1049 1416 1140 1503 domi.

60 1548 189 1622 primum
213 1548 371 1605 desiderari
394 1549 541 1623 quaerique
562 1558 606 1606 est
627 1559 752 1624 coeptus;
775 1549 841 1606 dein
862 1548 943 1606 fama
964 1570 1017 1625 per
1035 1559 1126 1608 totam
1143 1551 1175 1607 11

60 1655 165 1710 urbem
187 1653 307 1728 vulgata
336 1655 503 1722 tumultum,
532 1664 565 1710 ut
596 1654 726 1729 principe
752 1655 870 1725 amisso,
892 1655 969 1726 fecit,
991 1630 1126 1730 metuque
1216 1705 1218 1709 ,

60 1777 159 1815 rerum
182 1777 324 1830 novarum
346 1760 491 1833 extemplo
514 1760 605 1816 nuntii
627 1761 667 1815 od
687 1759 870 1816 Hannibalem
886 1759 975 1818 missi.
1014 1759 1126 1832 Quibus
1143 1757 1178 1814 12

60 1882 248 1939 nequaquam
280 1861 407 1920 offensus
433 1865 550 1933 Poenus,
585 1866 654 1939 quia
676 1875 704 1923 et
725 1866 819 1940 ipsum
841 1874 873 1921 ut
894 1864 1038 1939 ambiguas
1060 1864 1127 1920 fidei

17 1997 27 2049 1·
61 1970 158 2026 virum
181 1978 344 2043 suspectum
367 1970 424 2025 iam
447 1970 559 2044 pridem
580 1971 707 2027 habebat
729 1980 757 2027 et
780 1988 897 2026 causam
929 1979 1031 2026 nactus
1064 1980 1128 2025 erat

61 2085 123 2132 tam
152 2075 219 2131 ditis
246 2074 371 2131 hominis
392 2076 470 2131 bona
498 2075 664 2149 possidendi
693 2051 910 2149 vendendique3
939 2085 1074 2144 ceterum,
1096 2083 1127 2131 ut
1143 2072 1177 2127 13

33 2181 114 2237 xire
136 2181 230 2255 magis
252 2198 339 2253 quam
369 2179 499 2236 avaritias
526 2181 625 2236 datum
653 2181 802 2237 crederent
829 2180 975 2251 homines,
1004 2180 1125 2238 crudeli·

37 2295 152 2369 -tatem
176 2304 293 2359 quoque
314 2285 423 2360 repinae
446 2285 565 2354 addidit,
597 2285 807 2360 coniugemque
830 2285 890 2342 eius
913 2304 947 2343 ao
968 2286 1075 2343 liberos
1097 2287 1125 2342 in
1143 2285 1178 2338 14

15 2418 17 2424 ⁸
63 2401 162 2448 castra
183 2391 300 2461 accitos,
323 2390 480 2464 quaestione
502 2390 581 2464 prius
603 2391 703 2448 habit-a
723 2391 848 2466 primurn
871 2388 999 2463 defuga
1013 2387 1126 2457 Atinii,

42 2497 140 2574 dein,
164 2504 302 2570 quantum
326 2496 389 2551 auri
412 2495 581 2568 argentique
605 2495 683 2552 domi
705 2497 835 2554 relictum
860 2504 943 2564 esset,
965 2493 1036 2550 satis
1059 2512 1125 2568 cog·

10 2604 12 2609 ’
63 2603 131 2659 nitis
154 2601 295 2670 omnibus,
317 2599 400 2656 vivos
425 2601 592 2657 combussit.

148 2701 259 2762 Fabius
290 2707 327 2761 ab
350 2706 489 2762 Suessula
510 2706 659 2781 profectus
683 2695 781 2780 Arpos
803 2664 927 2780 primum
950 2706 1053 2762 institit
1075 2725 1127 2781 op·
1174 2696 1218 2764 ‘lb
1242 2709 1245 2737 ³

63 2829 204 2887 pugnare.
252 2809 314 2882 Ubi
327 2828 414 2883 quum
429 2830 446 2866 a
460 2811 623 2886 quingentis
637 2811 699 2868 fere
713 2801 847 2884 passibus
863 2821 959 2867 castra
974 2811 1127 2886 posuisset,
1167 2852 1171 2859 .

63 2915 276 2991 contemplatus
305 2935 341 2971 ex
370 2916 534 2991 propinquo
557 2917 642 2973 situm
665 2915 744 2972 urbis
767 2914 944 2989 moeniaque,
973 2933 1037 2989 quae
1059 2933 1127 2989 pars

64 3022 208 3079 tutissima
249 3020 390 3078 moenibus
431 3031 508 3090 erat,
542 3021 611 3094 quia
644 3020 770 3076 maxime
797 3020 977 3094 neglectam*
996 3021 1127 3077 custodia

64 3128 147 3196 vidit,
169 3145 204 3182 ea
219 3126 399 3201 potissimum
416 3126 536 3200 aggredi
551 3125 660 3184 statuit.
698 3124 883 3200 Comparatis
896 3127 1043 3195 omnibus,
1063 3123 1157 3200 quael

64 3232 103 3288 ad
125 3232 211 3288 urbes
232 3232 446 3306 oppugnandas
469 3231 533 3287 usui
555 3240 631 3300 sunt,
654 3212 852 3288 centurionum
876 3233 984 3303 robora
1007 3250 1043 3288 ex
1065 3239 1127 3288 toto

64 3336 194 3394 exercitu
226 3337 332 3412 delegit
362 3338 551 3411 tribunosque
574 3337 653 3392 viros
676 3323 831 3394 fortassis
856 3337 1002 3413 praefecit,
1025 3345 1053 3392 et
1075 3337 1126 3392 mi-

22 3441 28 3447 ’
62 3443 129 3499 lites
151 3452 314 3512 sexcentos,
336 3452 474 3517 quantum
498 3442 568 3499 satis
595 3442 688 3498 visum
711 3454 763 3514 est,
787 3443 918 3500 attribuit
940 3453 1056 3516 eosque,
1080 3441 1128 3498 ubi

62 3557 177 3622 quartae
206 3547 312 3622 vigiliae
341 3548 453 3622 signum
477 3547 634 3617 cecinisset,
651 3547 701 3604 ad
724 3567 788 3604 eum
811 3549 905 3605 locum
929 3548 1023 3604 scalas
1045 3547 1127 3604 iussit

60 3652 152 3710 ferre.
197 3653 289 3709 Porta
311 3653 351 3709 ibi
373 3653 490 3709 humilis
512 3662 541 3708 et
563 3663 686 3728 angusta
709 3662 785 3722 erat,
811 3652 984 3727 infrequenti
1006 3653 1054 3709 via
1076 3654 1158 3728 per3

61 3759 210 3816 desertam
233 3767 345 3833 partem
369 3758 456 3816 urbis.
494 3758 569 3815 Earn
592 3768 706 3833 portam
729 3757 814 3814 scalis
836 3758 915 3832 prius
931 3766 1128 3831 transgressos

63 3880 178 3920 murum
202 3863 315 3939 aperire
337 3881 373 3919 ex
396 3862 532 3920 interiore
544 3873 627 3945 parte
650 3873 701 3919 eut
722 3851 849 3920 claustra
870 3861 1028 3937 refringere
1049 3863 1129 3918 iubet

61 3977 94 4024 et
115 3977 244 4026 tenentes
265 3980 378 4045 partem
400 3968 479 4026 urbis
502 3988 592 4026 cornu
613 3969 726 4044 signum
752 3969 831 4038 dare,
859 3977 891 4024 ut
914 3975 1016 4024 ceteras
1038 3967 1128 4042 copiae
