2680 4546
316 239 355 296 ιε
583 233 661 284 mse
677 229 779 282 xxvr.
817 232 863 295 (A.
876 245 900 282 ιι.
913 248 937 286 s.
950 233 1026 294 ιιι.)

244 411 462 493 5audiremqne
485 416 537 474 tibi
562 435 626 474 eam
649 414 731 474 cordi
752 433 825 484 esee,
848 424 877 473 et
896 415 994 474 forma
1015 414 1132 474 faceret
1156 415 1263 485 iidem,
1283 435 1332 489 (ιιιι

272 527 345 602 ipse,
366 525 391 584 si
411 523 469 582 frui
489 523 589 581 liceret
609 521 677 580 ludo
699 520 802 588 rotatis,
823 522 983 595 prasertim
1005 521 1036 578 in
1058 530 1144 579 recto
1168 531 1200 580 et
1222 521 1332 594 legitiu

274 649 384 698 emere,
406 623 440 686 et'
456 647 515 685 non
534 645 581 684 res
598 626 715 702 publica
729 624 857 684 animmu
874 637 1005 684 nostmm
1021 637 1213 703 occupasset,
1237 628 1306 683 ve'

275 735 345 794 mihi
366 733 431 793 dari
449 749 586 808 sponsam
608 731 766 806 impensius
778 731 888 788 amanti
901 731 1015 803 vellem,
1037 741 1100 801 tuo,
1121 732 1212 788 cuius
1232 756 1323 781 mam

244 834 368 898 ssamori
395 837 490 898 faveo.
545 837 614 896 Fuit
642 855 752 912 sponsa
778 845 830 894 tue
858 838 938 912 apud
959 857 1006 894 me
1034 839 1153 907 eadem,
1182 856 1244 912 qua
1272 855 1330 911 epu

273 962 391 1002 soceros
411 953 476 1000 tuos
498 950 690 1016 parentesque
711 960 789 1012 suos,
810 942 1002 1012 verecundia3
1024 951 1147 1000 servata
1170 942 1225 998 tibi
1246 951 1293 1010 eet,
1316 968 1319 985 ι

245 1046 446 1106 7inviotatum
469 1057 498 1105 et
518 1047 637 1121 dignum
662 1066 708 1104 me
729 1055 815 1122 teque
836 1047 901 1106 deri
920 1049 972 1105 tibi
993 1049 1103 1105 donum
1116 1058 1231 1124 posset.
1263 1047 1299 1104 H:
1312 1074 1332 1093 ι»

275 1153 437 1212 mercedem
473 1171 560 1212 unam
594 1171 648 1228 pro
681 1171 716 1210 eo
753 1171 873 1210 munere
902 1153 1054 1228 paciscor:
1090 1155 1207 1212 eminus
1241 1151 1326 1227 popul

162 1307 172 1330 ,
274 1261 410 1318 Romano
432 1258 471 1316 sis
493 1266 531 1328 et,
553 1257 579 1314 si
601 1276 648 1314 me
663 1256 756 1314 virum
779 1260 887 1316 bonum
903 1259 996 1316 credis
1013 1277 1089 1331 esse,
1111 1259 1218 1334 quales
1236 1266 1330 1332 patrer

275 1376 469 1442 patruumque
491 1382 586 1420 meum
611 1363 669 1420 iam
693 1372 760 1419 ante
781 1364 825 1420 he
846 1373 947 1438 gentes
968 1373 1091 1435 norant,
1121 1365 1216 1433 scias,
1242 1362 1330 1418 mum

245 1463 367 1528 8nostri
393 1468 501 1527 similes
529 1469 559 1526 in
588 1469 706 1526 civitate
733 1469 870 1526 Romana
897 1487 976 1540 esse,
1011 1489 1066 1528 nec
1097 1471 1191 1526 ullum
1212 1469 1242 1526 in
1263 1465 1329 1523 terris

276 1575 363 1633 hodie
395 1573 535 1648 populum
560 1573 617 1630 dici
645 1589 745 1646 posse,
782 1592 868 1648 quem
891 1551 985 1632 minius
1012 1574 1065 1632 tibi
1091 1576 1209 1632 hostem
1233 1573 1326 1646 tuisque

246 1672 340 1738 9esse
368 1679 441 1736 velis
473 1685 524 1734 aut
554 1677 678 1734 amicum
701 1678 815 1738 malis.‘⁴
861 1680 1053 1749 Adolescens,
1075 1680 1165 1736 simul
1184 1680 1324 1756 pudoreet

277 1784 385 1860 gaudio
401 1782 545 1859 perfusus,
567 1783 700 1840 dextram
716 1783 860 1859 Scipionis
874 1794 975 1842 tenens
999 1785 1070 1841 deos
1092 1803 1196 1842 omnes
1209 1784 1324 1840 invoere

274 1890 313 1948 nd
338 1891 463 1966 gratim
489 1889 531 1947 illi
560 1907 613 1963 pro
637 1907 668 1946 se
689 1889 887 1960 referendam,
922 1890 1060 1964 quoniam
1082 1890 1140 1947 sibi
1159 1903 1321 1962 nequaquan

274 1996 345 2054 satis
366 1993 513 2053 facultatis
535 2014 589 2069 pro
610 2012 664 2052 suo
686 1995 783 2052 animo
807 2005 896 2069 atque
915 1995 991 2052 illius
1013 2013 1086 2069 erga
1100 2013 1133 2052 se
1149 1997 1242 2052 mento
1257 2001 1320 2048 esset

226 2097 262 2151 ¹0
275 2102 417 2158 Parentes
455 2099 523 2156 inde
555 2100 731 2175 cognatique
759 2100 880 2175 virginis
909 2099 1065 2174 appellati3
1103 2097 1171 2174 qui,
1207 2096 1317 2172 quonian

274 2205 366 2280 gretie
381 2204 436 2262 sibi
449 2204 618 2262 redderetur
632 2206 724 2280 virgo,
747 2206 785 2262 ad
801 2223 888 2279 quam
904 2205 1104 2262 redimendam
1118 2204 1190 2261 s‘atis
1204 2217 1314 2276 magnum

225 2307 256 2361 ll
277 2307 440 2366 attulissent
462 2309 525 2366 auri
547 2310 678 2384 pondus,
700 2330 787 2367 orare
806 2311 989 2385 Scipionem,
1013 2318 1046 2366 ut
1066 2309 1097 2366 id
1120 2313 1159 2370 ab
1181 2329 1213 2366 se
1231 2309 1314 2364 donum

277 2413 436 2487 acciperet,
464 2425 630 2491 coeperunt,
653 2415 732 2472 haud
755 2415 896 2472 minorem
919 2415 980 2472 eius
1001 2415 1044 2472 rei
1066 2416 1146 2491 apud
1167 2433 1199 2472 se
1215 2411 1313 2489 gratian

276 2519 403 2576 futurem
430 2537 493 2578 esse
508 2519 697 2589 affirmantes,
716 2537 803 2593 quem
818 2519 939 2576 redditae
953 2520 1102 2577 inviolatae
1117 2520 1194 2578 foret
1210 2515 1311 2592 virginit·

227 2621 262 2678 12
276 2624 389 2702 Scipio,
412 2626 528 2699 qnando
551 2635 632 2683 tanto
655 2644 744 2701 opere
764 2634 903 2700 peterent,
925 2635 1111 2700 accepturum
1135 2645 1166 2684 sc
1186 2623 1310 2700 pollicitus

275 2731 344 2805 poni
379 2740 445 2789 ante
477 2729 565 2805 pedes
597 2731 696 2800 iussit,
733 2737 898 2802 vocatoque
933 2730 970 2786 ad
1005 2749 1037 2788 sc
1071 2731 1194 2789 Aluccio
1224 2727 1309 2799 „Super

275 2835 391 2894 dotem“
415 2836 523 2911 inquil,
547 2855 655 2910 „quem
678 2845 850 2910 accepturus
873 2853 892 2892 a
913 2853 1015 2892 socero
1037 2854 1077 2906 es,
1099 2838 1162 2894 hoec
1180 2835 1308 2892 tibiam

275 2941 386 2998 dotalia
422 2941 500 2998 dona
533 2941 704 3009 accedent“;
744 2959 905 3014 aurumque
939 2940 1041 2998 tollere
1075 2961 1112 3000 ac
1147 2942 1200 2998 sibi
1227 2938 1307 2996 habent

226 3043 262 3098 13
275 3044 367 3105 iussit.
414 3046 470 3103 His
488 3047 570 3104 laetus
584 3046 668 3103 donis
686 3047 904 3121 honoribusque
924 3046 1060 3104 dimissus
1083 3039 1304 3118 domumimploit

275 3150 431 3225 populares
460 3150 594 3210 leudibus
623 3150 733 3209 meritis
755 3151 918 3228 Scipionis:
951 3152 1067 3209 venisse
1093 3152 1138 3209 die
1164 3148 1303 3208 dmilluuffl

275 3250 425 3325 iuvenem,
457 3255 617 3312 vincentem
648 3256 747 3313 omnia
777 3275 864 3331 quum
895 3255 993 3326 armis,
1015 3264 1076 3312 tum
1100 3255 1304 3331 benignitates

227 3358 262 3412 14
276 3361 430 3420 beneficiis.
472 3364 587 3435 Itaque,
610 3360 714 3418 dilectu
737 3359 881 3418 clientium
903 3360 1015 3430 habito,
1037 3380 1102 3418 cum
1125 3360 1235 3419 delectis
1251 3353 1302 3413 nile

276 3477 304 3524 et
338 3467 554 3544 quadringentis
587 3465 731 3540 equitibus
759 3465 836 3526 intra
867 3483 978 3540 pauens
1009 3465 1072 3522 dies
1104 3467 1143 3524 ad
1175 3463 1299 3539 Scipionem

275 3573 402 3632 revertit.

156 3757 157 3760 Ἴ
180 3667 221 3734 51
366 3675 464 3750 Scipio
494 3683 636 3731 retentum
658 3690 754 3732 secum
771 3675 903 3748 Iulium,
923 3675 992 3734 dum
1014 3675 1148 3752 captivos
1167 3673 1299 3742 obstupe

243 3779 305 3840 zet
325 3778 454 3854 praedam
477 3797 514 3836 ex
536 3779 656 3838 consilio
678 3779 739 3838 eius
763 3780 945 3854 disponeret,
974 3782 1046 3840 satis
1068 3782 1198 3840 omnibus
1216 3789 1297 3847 conpr

275 3884 347 3955 sitis,
369 3885 439 3942 date
460 3884 667 3959 quinquereme
688 3903 702 3942 e
725 3885 848 3960 captivis
871 3895 959 3961 atque
980 3888 1107 3962 Magone
1129 3895 1157 3944 et
1177 3878 1296 3960 quindecim

273 3987 335 4050 fere
363 3988 562 4057 senatoribus,
598 3990 648 4062 qui
680 3988 766 4046 simul
790 4007 855 4050 enm
886 4009 921 4050 eo
950 3992 1029 4068 eapti
1050 4001 1151 4062 erant,
1181 3992 1208 4048 in
1226 3998 1295 4043 neren
