2748 4556
390 239 469 286 Liber
486 237 587 286 XXIX.
623 237 671 296 (Δ.
684 233 731 282 Ch.
747 234 818 295 20⁴.)
1037 233 1097 285 215

17 414 210 474 hominum
237 438 363 494 quoque
386 439 474 478 carue
497 441 533 477 ac
553 421 630 476 lacte
651 417 825 476 vescentium
848 412 963 469 abunde
977 409 1141 466 sufficiebat

19 519 216 582 alimentis.
262 525 344 582 Inde
385 526 533 584 nocturnis
574 525 669 598 primo
705 540 740 578 ac
771 517 886 576 furtivis
919 514 1139 580 incursionibus,
1155 515 1191 567 to

19 623 159 681 deinde
195 641 309 702 aperto
338 630 494 686 latrocinio
529 629 636 686 infesta
669 626 767 683 omnia
793 624 871 680 circa
899 637 976 686 esse;
1014 618 1140 674 maxime

19 729 75 784 uri
106 729 394 808 Carthaginiensis
418 753 498 810 ager,
519 735 590 808 quia
605 745 633 789 et
654 732 719 806 plus
740 729 855 803 praedae,
875 743 963 798 quam
985 724 1060 778 inter
1075 723 1142 778 Nn-

20 835 170 907 midas,
209 850 242 893 et
280 837 470 894 latrocinium
508 839 597 894 tutius
632 847 704 893 erat.
763 835 886 905 lamque
919 829 993 885 adeo
1023 829 1143 884 licenter
1160 830 1190 881 ll

21 939 235 1012 eludebant,
276 953 311 998 ut
346 943 386 997 ad
416 961 497 998 marc
525 942 675 998 devectam
697 938 825 1014 predam
850 935 1007 992 venderent
1028 950 1143 987 merca-

21 1045 172 1102 toribus
212 1046 438 1121 appellentibus
476 1065 566 1102 naves
599 1047 638 1102 ad
667 1045 697 1101 id
724 1045 833 1118 ipsum,
869 1038 1025 1113 pluresque
1055 1055 1144 1109 quam

23 1149 124 1205 iusto
167 1169 253 1226 soepe
289 1151 322 1206 in
355 1150 433 1206 bello
463 1149 718 1226 Carthaginienses
746 1147 884 1202 caderent
907 1151 1145 1214 superanturque.

26 1254 279 1329 Deplorabant
304 1274 343 1311 ea
367 1256 449 1329 apud
472 1256 637 1330 Syphacem
659 1249 924 1324 Carthaginienses,
945 1245 1147 1317 infensumque
1163 1247 1197 1300 12

27 1369 63 1412 et
96 1359 215 1434 ipsum
241 1362 284 1416 ad
307 1361 452 1433 reliquias
473 1359 542 1416 belli
562 1358 778 1433 persequendas
798 1353 992 1426 instigabant3
1024 1349 1075 1404 sod
1097 1350 1148 1406 vix

28 1465 174 1538 regium
206 1467 375 1522 videbatur
408 1465 551 1520 latronem
581 1480 689 1534 vagum
721 1461 751 1515 in
787 1457 935 1513 montibus
971 1453 1149 1520 consectari3

28 1569 158 1626 Bucar
182 1590 225 1627 ex
249 1569 403 1644 praefectis
426 1569 525 1641 regiis,
544 1568 590 1623 vir
611 1585 679 1621 acer
699 1575 728 1620 et
748 1562 881 1636 impiger,
902 1562 941 1616 ad
962 1560 992 1615 id
1012 1558 1150 1614 delectus.
1199 1553 1245 1620 32

31 1674 78 1729 Εἰ
113 1675 198 1731 data
234 1685 384 1749 quattuor
414 1673 505 1748 millia
525 1671 668 1744 peditum,
690 1670 747 1723 duo
769 1665 916 1738 equitum,
951 1651 1150 1739 praemiorum-

35 1797 108 1850 que
136 1780 316 1854 ingentium
340 1797 396 1852 spe
420 1787 567 1842 oneratus,
589 1775 614 1830 si
635 1782 724 1846 caput
746 1769 910 1824 Masinissa
931 1767 1078 1823 retulisset
1099 1781 1150 1822 aut

35 1884 157 1940 vivum
197 1886 245 1956 (id
270 1903 346 1940 vero
375 1879 578 1936 inestimabile
598 1876 735 1950 gaudium
758 1873 834 1942 fore)
858 1873 990 1947 cepisset.
1028 1871 1181 1926 Palatos2

35 1988 210 2044 incuriose
247 1998 375 2062 agentes
410 1983 570 2056 improviso
606 1982 741 2044 adunus,
773 1994 912 2048 pecorum
944 1975 1153 2046 hominumque

39 2092 172 2166 ingenti
200 2091 399 2150 multitudine
421 2108 440 2144 a
461 2086 596 2161 presidio
614 2095 792 2140 armatorum
811 2080 941 2148 exclusa,
965 2077 1154 2134 Masinissam

41 2195 157 2270 ipsum
184 2216 260 2252 cum
286 2195 394 2270 paucis
415 2194 446 2248 in
469 2191 604 2248 verticem
632 2188 738 2242 montis
759 2184 917 2256 compellit.
965 2183 1049 2251 Inde,
1065 2184 1187 2256 prope3

46 2301 115 2356 iam
154 2313 193 2357 ut
237 2299 410 2365 debellato,
446 2315 500 2352 nsc
535 2294 633 2368 preda
665 2291 752 2346 modo
779 2305 919 2360 pecorum
950 2287 1159 2358 hominumque

48 2419 228 2480 captorum
255 2404 352 2460 missa
375 2401 414 2456 ad
435 2419 543 2473 regem,
566 2398 617 2454 sed
639 2394 748 2469 copiis,
769 2403 801 2447 ut
823 2391 976 2465 aliquanto
998 2391 1159 2448 maioribus

47 2530 152 2584 quam
204 2529 266 2585 pro
306 2505 441 2579 reliquiis
476 2502 562 2568 belli,
599 2498 743 2564 remissis,
786 2515 853 2550 cum
891 2499 1046 2580 quaqqrtis
1081 2495 1193 2551 haudd

52 2616 199 2690 amplius
248 2611 403 2686 peditibus
446 2606 634 2677 ducentisque
681 2600 825 2672 equitibus
870 2601 1040 2674 degressum
1086 2600 1162 2674 iugis

50 2720 268 2777 Masinissam
318 2722 491 2788 perseciuus
529 2710 558 2764 in
601 2708 678 2763 valle
717 2713 797 2770 arta,
847 2702 984 2759 faucibus
1027 2704 1165 2776 utrinque

51 2824 217 2890 obsessis,
269 2817 410 2884 inclusit,
455 2814 505 2869 ubi
548 2812 648 2884 iugens
689 2805 781 2862 caedes
829 2807 1031 2862 Maesuliorum
1074 2807 1165 2868 facta.

53 2928 240 2984 Masinissa
278 2941 350 2979 cum
394 2916 605 2991 quinquaginta
647 2909 723 2966 haud
765 2909 891 2982 amplius
930 2912 1077 2984 equitibus
1112 2919 1197 2984 pera

54 3035 229 3092 anfractus
252 3026 368 3084 montis
387 3024 504 3094 ignotos
523 3015 708 3090 sequentibus
729 3029 761 3066 se
783 3012 900 3086 eripuit.
938 3016 1047 3071 'lenuit
1067 3025 1199 3075 umenti

53 3138 201 3212 vestigia
233 3135 356 3195 Bucar,
390 3126 571 3196 adeptusque
600 3138 664 3174 eum
694 3115 862 3188 patentibus
898 3138 994 3194 prope
1024 3119 1170 3194 Clupeam

57 3245 176 3298 urbem
204 3233 328 3308 campis
359 3230 402 3285 ita
429 3224 633 3288 circumvenit,
673 3231 704 3275 ut
735 3232 843 3292 praeter
880 3231 1022 3297 quattuor
1057 3228 1172 3300 equites

58 3364 178 3402 omnes
212 3342 255 3399 ad
287 3353 380 3394 unum
409 3331 591 3385 interficeret.
638 3325 712 3380 Cum
742 3323 778 3378 iis
809 3324 908 3398 ipsum
938 3350 1056 3405 quoque
1079 3333 1174 3392 Masi.

60 3451 189 3506 nissam
232 3441 374 3500 seudum
408 3452 500 3508 prope
532 3450 546 3484 e
585 3429 717 3484 manibus
754 3427 831 3483 inter
868 3436 1026 3492 tumultum
1066 3440 1174 3500 amisit.

60 3558 98 3612 ln
130 3557 311 3624 conspectu
335 3551 420 3597 erant
434 3535 591 3608 fugieutcs;
613 3532 661 3587 ala
679 3530 810 3602 equit-um
822 3534 961 3610 dispersa
976 3553 1039 3598 toto
1057 3555 1206 3624 cumpost

63 3653 288 3732 quibusdam,
320 3656 355 3700 ut
377 3646 578 3704 occurrerent,
600 3653 652 3708 per
674 3633 794 3706 obliqua
817 3641 1024 3718 tendentibus,
1047 3653 1180 3729 quinquo

62 3766 177 3820 hostes
203 3753 405 3827 sequebatur.
452 3740 556 3796 Amnis
591 3739 691 3810 ingens
727 3736 875 3811 fugientes
914 3755 1031 3828 accepit
1066 3757 1212 3835 (nequeg

62 3866 149 3923 onim
191 3861 393 3916 cunctanter,
427 3855 458 3900 ut
485 3860 559 3916 quos
584 3841 677 3896 maior
707 3851 801 3898 metus
824 3865 963 3926 urgeret,
995 3860 1182 3924 immiserant

65 3966 209 4044 equos),
250 3954 395 4028 raptique
428 3947 541 4020 gurgite
567 3946 597 4000 5¹¹
626 3943 777 4014 ⁰b¹iq⁰¹¹¹¹¹
811 3956 942 4023 prelati,
993 3967 1123 4030 Duobus
1152 3975 1213 4032 iul)
