2704 4552
302 223 341 280 82
575 219 655 270 Liber
671 220 759 270 XXII.
797 221 844 284 (A.
857 235 883 274 a.
897 237 920 275 c.
936 221 1006 285 587.)

258 411 381 462 tatorem
404 401 551 460 obstitisse
571 401 614 460 rei
635 403 709 461 bane
733 405 881 479 gerenda,
912 407 963 462 sed
991 407 1141 464 absentem
1167 406 1256 463 etiam
1280 430 1287 472 ς
1297 446 1299 453 >

258 520 309 568 stra
331 510 463 578 obstare,
493 517 523 566 et
546 508 576 564 in
599 509 731 567 ducendo
756 510 832 568 bello
861 511 962 568 sedulo
991 520 1106 586 tempus
1129 521 1241 582 terere,
1266 527 1312 584 quc

258 616 365 674 diutius
396 615 425 672 in
458 614 631 689 magistratu
659 614 698 671 sit
723 617 861 690 solusque
894 626 924 674 et
944 618 1047 675 Romae
1077 627 1106 674 et
1135 618 1166 674 in
1202 616 1306 674 exerc'

229 721 409 796 iimperium
438 721 555 777 habeat.
614 719 730 794 Quippe
763 721 912 778 consulum
944 723 1065 780 alterum
1098 724 1129 779 in
1158 722 1225 778 acie
1256 719 1315 776 ceci·

258 828 349 897 disse,
378 825 500 883 alterum
533 825 630 901 specie
659 823 760 881 classis
790 825 909 882 Punicae
930 830 1140 902 persequendae
1163 825 1314 902 proculab

228 933 345 990 bltalia
373 933 554 1007 ablegatum;
582 930 655 994 duos
677 939 816 1003 praetores
841 929 941 988 Sicilia
963 941 1052 1006 atque
1074 933 1214 992 Sardinia
1240 950 1313 988 occu·

256 1045 356 1112 patos,
384 1055 506 1111 quarum
535 1045 639 1092 neutra
668 1035 724 1092 hoc
745 1043 878 1110 tempore
898 1039 1051 1112 provincia
1077 1049 1206 1114 praetore
1230 1043 1311 1112 egeatt

256 1143 305 1202 Me
320 1141 480 1198 Minucium
505 1140 677 1215 magistrum
699 1140 836 1212 equitum,
859 1161 895 1198 ne
914 1143 1027 1200 hostem
1052 1144 1173 1213 videret,
1196 1163 1234 1200 ne
1257 1141 1311 1216 quid

227 1247 298 1305 7rei
325 1247 435 1306 bellicae
456 1252 584 1319 gereret,
612 1261 705 1318 prope
725 1244 755 1300 in
784 1245 917 1302 custodia
942 1248 1086 1307 habitum.
1133 1249 1242 1323 Itaque
1261 1250 1310 1305 ber·

256 1353 319 1410 cule
345 1371 404 1410 non
426 1350 577 1411 Samnium
603 1349 705 1421 modo,
735 1369 794 1425 quo
821 1352 880 1409 iam
909 1360 1050 1426 tanquam
1078 1363 1161 1409 trans
1181 1352 1310 1409 Hiberum

256 1476 327 1533 agro
349 1457 449 1514 Poenis
482 1473 649 1512 concessum
684 1456 736 1526 sit,
771 1457 823 1514 sed
852 1455 1035 1531 Campanum
1057 1455 1266 1532 ¹Calenumque
1290 1465 1310 1511 ct

255 1562 412 1619 Falernum
441 1579 543 1636 agrum
576 1569 762 1635 pervastatos
788 1579 866 1630 esse,
898 1561 1016 1618 sedente
1040 1559 1163 1618 Casilini
1183 1563 1310 1620 dictatore

224 1666 284 1724 Set
303 1666 466 1741 leglenibus
488 1666 589 1741 populi
610 1666 737 1724 Romani
760 1683 861 1741 agrum
880 1685 964 1722 suum
988 1674 1111 1724 tutante.
1155 1667 1307 1726 Exercitum

256 1772 415 1846 cupientem
438 1789 570 1846 pugnare
592 1779 621 1828 et
648 1771 818 1845 magistrum
841 1771 969 1844 equitum
992 1771 1108 1828 clausos
1136 1791 1229 1847 prope
1249 1773 1309 1827 intra

255 1874 364 1932 vallum
397 1884 542 1946 retentos3
574 1885 714 1950 tanquam
745 1875 877 1933 hostibus
908 1876 1032 1951 captivis
1065 1895 1149 1934 arma
1177 1877 1307 1950 adempta.

224 1981 398 2050 9Tandem‚
428 1991 459 2037 ut
482 1981 655 2039 abscesserit
676 1981 744 2037 inde
771 1980 911 2050 dictator,
939 1990 970 2037 ut
995 1982 1148 2039 obsidione
1177 1982 1308 2038 liberatos

205 2089 241 2144 10
255 2094 339 2143 extra
370 2085 478 2142 vellum
508 2103 642 2160 egressos
670 2083 780 2142 fudisse
811 2103 846 2142 ac
872 2083 991 2160 fugasse
1016 2088 1123 2146 hostes.
1177 2087 1256 2159 Quas
1280 2085 1307 2140 cb

254 2211 309 2261 ree,
331 2191 357 2247 si
378 2191 513 2264 antiquus
538 2191 651 2247 animus
673 2190 768 2266 plebei
781 2191 923 2248 Romanae
944 2199 1034 2262 esset,
1058 2192 1207 2250 audaciter
1227 2211 1258 2248 se
1275 2191 1306 2245 la-

253 2308 350 2356 turum
371 2296 461 2354 fuisse
485 2296 521 2352 de
543 2295 714 2370 abrogando
737 2295 774 2368 Q.
795 2295 882 2352 Fabii
910 2294 1045 2370 imperim
1078 2315 1156 2354 nunc
1178 2297 1305 2354 modicam

253 2402 435 2476 rogationem
458 2399 709 2474 promulgaturum
735 2400 771 2456 de
803 2399 946 2474 aequando
974 2401 1106 2474 magistri
1136 2403 1261 2478 equitum
1286 2405 1305 2452 et

206 2509 237 2562 ll
255 2505 404 2564 dictatoris
435 2505 508 2563 iure.
557 2504 621 2562 Nec
642 2513 740 2560 tamen
767 2523 803 2560 ne
832 2505 874 2560 ita
903 2505 1020 2577 quidem
1046 2506 1128 2581 prius
1154 2505 1305 2562 mittendum

255 2613 294 2669 ad
314 2611 472 2668 exercitum
501 2608 538 2681 Q.
561 2608 703 2678 Fabium,
732 2627 820 2682 quam
844 2609 992 2666 consulem
1019 2611 1050 2668 in
1076 2611 1174 2668 locum
1197 2609 1229 2668 O.
1250 2609 1304 2666 Fls·

254 2715 336 2774 minii
356 2713 527 2775 suffecisset.

204 2820 241 2876 12
337 2821 475 2879 Dictator
496 2819 679 2876 contionibus
701 2837 732 2875 se
746 2817 885 2874 abstinuit
903 2817 932 2874 in
955 2819 1069 2876 actione
1090 2820 1209 2878 minime
1229 2835 1304 2894 popu·

254 2927 318 2985 lari.
369 2927 417 2984 Ne
445 2925 474 2981 in
505 2933 608 2981 senatu
638 2923 754 2998 quidem
776 2923 847 2980 satie
875 2925 964 2997 aequis
993 2925 1113 2982 auribus
1141 2925 1304 2982 audiebatur.

256 3029 352 3110 [tunc]
383 3049 472 3104 quum
502 3030 614 3087 hostem
647 3028 744 3085 verbis
773 3027 924 3084 extolleret
951 3030 1117 3104 bienniique
1143 3031 1239 3087 clades
1266 3045 1304 3103 per

205 3136 241 3191 13
254 3137 445 3196 temeritatem
468 3143 556 3207 atque
577 3132 757 3190 inscientiam
780 3133 885 3190 ducum
909 3143 1043 3209 acceptes
1071 3134 1194 3193 referret
1214 3145 1239 3193 ct
1258 3151 1304 3192 ma·

254 3244 345 3318 gistro
367 3239 508 3314 equitum,
530 3239 608 3312 quod
630 3237 860 3296 contradictum
882 3257 965 3296 suum
988 3250 1156 3314 pugnasset,
1179 3241 1303 3297 rationem

205 3347 240 3401 14
255 3347 363 3405 diceret
389 3344 565 3402 reddendam
600 3361 672 3400 esse.
728 3342 759 3401 Si
787 3361 877 3417 penes
905 3361 937 3399 se
965 3361 1080 3400 summa
1110 3345 1224 3421 imperii
1251 3360 1303 3401 con·

254 3451 368 3525 siliique
390 3449 441 3520 sit,
473 3449 642 3524 propediem
670 3446 853 3517 effecturum,
886 3457 918 3504 ut
944 3448 1037 3504 sciant
1064 3449 1212 3522 homiues,
1243 3451 1302 3507 bono

254 3557 430 3630 imperatore
451 3554 530 3611 baud
553 3555 652 3629 magni
673 3552 819 3610 fortunam
843 3553 981 3609 momenti
1007 3571 1086 3623 esse,
1116 3565 1241 3612 mentem
1266 3571 1302 3610 ra-

206 3661 241 3716 15
255 3662 422 3735 lienemque
444 3659 598 3732 dominari,
622 3658 701 3715 etin
722 3667 854 3732 tempore
875 3667 904 3715 ct
924 3658 987 3715 sinc
1006 3658 1168 3734 ignominia
1189 3675 1302 3718 servasse

255 3766 423 3836 exercitum,
445 3784 534 3840 quam
558 3766 650 3824 multa
671 3763 762 3821 millia
775 3763 900 3820 hostium
924 3762 1073 3833 occidisse,
1096 3766 1234 3823 maiorem
1254 3763 1301 3839 glo·

207 3871 328 3929 lssriam
351 3890 422 3929 esse.
466 3873 562 3930 Huius
575 3870 700 3946 generis
723 3868 903 3925 orationibus
927 3866 1037 3926 frustra
1058 3869 1180 3942 habitis,
1203 3883 1231 3927 et
1250 3885 1300 3926 con·

255 3976 317 4033 sule
350 3985 447 4034 creato
481 3977 521 4032 M.
550 3975 643 4033 Atilio
673 3972 800 4046 Regulo,
830 3991 866 4028 ne
893 3990 1018 4047 proesens
1053 3974 1089 4030 de
1118 3975 1181 4031 iure
1208 3969 1300 4049 impeu'i
