2700 4426
614 197 658 240 ΧΥ

109 380 202 436 triade
222 382 392 449 Scotussam,
414 381 481 436 inde
501 397 554 451 per
585 380 783 454 Thermopylas
814 380 971 436 Chalcidem
988 380 1164 450 festinabat,

107 467 226 534 primum
244 465 356 520 AEtolos
381 463 580 535 Thermopylas
601 463 754 519 insidentes
776 464 910 520 deiecisse
933 466 1045 530 dicitur,
1069 473 1124 519 tum
1146 483 1164 518 a

111 547 289 602 Demetriade
320 549 480 604 Scotussam
511 547 658 617 profectus
690 563 759 602 esse.
819 547 862 602 Ite
899 547 1164 618 transpositionibus

108 629 190 685 buius
202 632 314 698 qeneris
331 633 361 685 in
374 633 394 686 Ρ
408 632 494 700 factis
506 630 568 686 diei
578 632 637 686 Em.
660 628 730 697 233,
745 629 795 686 ubi
806 629 910 686 oblitus
923 648 984 686 sum
999 636 1164 685 commemo-

109 730 174 767 rare
195 707 286 783 XXII,
307 711 358 782 32,
380 714 399 768 1
420 731 481 787 sqq.
504 716 535 768 in
558 714 721 772 Petaetstis
737 722 764 769 et
781 714 844 769 cdd.
860 714 1020 771 antel'rob.
1042 713 1060 767 1
1081 730 1164 769 aoces

102 788 300 868 'quodraqinta
322 800 452 869 quinque,
482 814 544 869 qua
573 813 647 852 nuuc
670 798 800 866 lequntur
823 800 838 864 ξ
860 797 879 851 1
902 806 930 853 et
950 797 987 867 2,
1018 799 1166 867 transponi

107 888 172 949 past
193 883 208 947 ξ
229 876 272 954 3.)
300 877 435 936 aduerat.
466 897 530 935 cum
558 880 707 938 Romana.
721 923 748 938 ..
776 878 940 953 recepisset,
967 878 1085 936 Attalus
1107 879 1163 949 (in-

109 971 179 1034 terp.
198 965 257 1022 Em.
272 962 344 1034 330)
374 966 544 1020 rocetta
568 963 601 1019 13
626 962 855 1034 (Thronium...
883 963 921 1018 ab
935 962 1066 1019 Thronio
1085 964 1162 1020 (ilar.

110 1047 131 1101 P
158 1053 340 1106 toronen...
369 1047 406 1102 ab
427 1054 537 1104 turone.
559 1045 649 1101 Dralt.
669 1043 829 1117 Toronem)
858 1048 891 1101 10
914 1043 1022 1104 Oreum
1040 1054 1082 1101 est
1096 1064 1162 1120 pro·

108 1127 269 1202 profectus:
302 1128 369 1184 inde
398 1127 512 1201 (Gran.)
546 1132 577 1183 11
608 1130 756 1195 (Perverse
777 1146 868 1199 nuper
897 1129 1033 1184 emendo
1056 1130 1092 1185 P:
1114 1128 1163 1184 de·

109 1222 199 1267 cenat
221 1229 275 1283 pro
297 1220 414 1286 ceperat
435 1213 565 1282 effectum
594 1210 695 1267 estad
718 1209 862 1286 Opuntem
893 1211 1063 1268 decertaret.
1092 1213 1163 1268 Nul—

110 1295 166 1349 lam
189 1296 228 1350 od
252 1297 388 1366 Opuntem
407 1297 495 1365 fuisse
516 1296 744 1366 decertationem,
767 1297 859 1352 Liuius
881 1299 939 1366 ipse
962 1295 1048 1364 dicit,·
1085 1296 1163 1350 tolli-

110 1386 156 1432 tur
177 1382 315 1434 orationis
328 1381 422 1450 fiqura
434 1381 463 1433 in
479 1387 608 1452 ceperat.
621 1421 649 1436 ..
668 1377 767 1450 cepit.)
796 1382 828 1433 17
846 1377 937 1452 possit
953 1377 1048 1452 (codd.
1062 1379 1162 1450 recol)

115 1464 148 1516 18
174 1459 285 1532 (Oxeas
310 1463 389 1518 Creo.
418 1463 440 1517 P
466 1478 563 1520 uaeas.
594 1461 681 1518 Dralt.
709 1460 739 1516 in
772 1461 914 1530 Phoceus,
945 1460 1058 1517 sublata
1087 1461 1162 1517 inde.

107 1545 221 1600 Insulas
242 1553 360 1615 estquas
382 1554 408 1600 et
428 1561 517 1616 prope
538 1548 650 1615 ipnotas
679 1547 769 1601 Liuius
797 1547 846 1600 oia·
874 1545 949 1601 nude
980 1549 1162 1615 nominasset,

108 1643 161 1681 nec
181 1628 295 1684 oidetur
315 1628 356 1684 ibi
375 1637 475 1700 portus
497 1637 524 1683 et
543 1630 629 1683 statio
652 1629 757 1697 (uisse,·
787 1628 904 1697 offendit
932 1631 1015 1683 etiam
1037 1632 1162 1700 qemino-

109 1717 166 1765 tum
193 1709 275 1779 inde;
304 1715 400 1785 itaque
422 1712 501 1767 aliud
523 1712 612 1766 latere
633 1711 768 1782 videtur.)
799 1708 804 1783 Ι
835 1728 872 1766 ne
895 1711 931 1766 ad
960 1728 991 1766 se
1018 1715 1043 1766 si
1073 1709 1163 1768 iretur

107 1791 184 1848 intra
205 1794 300 1867 (codd.
322 1800 417 1850 recu?
439 1795 501 1853 edd.
524 1794 604 1865 cett.)
626 1793 714 1864 VIII,
740 1794 776 1850 12
797 1794 986 1868 hortatusque
1002 1797 1162 1868 oppugnati
1197 1792 1200 1800 ’

109 1883 139 1932 at
151 1877 249 1932 cadem
259 1880 419 1933 constantia
429 1887 625 1949 permanerent
639 1881 669 1932 in
680 1880 825 1948 societate,
840 1879 866 1932 si
878 1895 957 1933 suam
970 1895 1054 1950 quam
1066 1879 1160 1934 Orita-

107 1975 208 2016 norum
232 1969 318 2032 atqae
348 1960 533 2030 Opuntiorum
561 1958 705 2016 fortunam
730 1961 766 2020 (P
796 1961 986 2034 hortatusque
1012 1978 1161 2035 oppugna·

107 2041 211 2097 tiorum
235 2039 391 2099 fortunam.
434 2041 684 2117 Oppugnntiorum
700 2062 736 2100 es
749 2041 940 2118 Opuntiorum
957 2061 1054 2099 errore
1070 2053 1161 2101 ortum

109 2125 230 2186 ridetur.
264 2129 348 2182 Gran.
375 2125 614 2199 dehortatusque,
641 2145 678 2182 ne
706 2125 778 2201 Op.)
812 2127 846 2182 13
866 2125 1094 2200 principiumque
1123 2130 1160 2185 14

108 2207 224 2280 (MaedIs
251 2210 330 2265 W.P
354 2207 494 2265 concessit
517 2211 568 2264 dut
589 2209 718 2269 dicionis.
755 2210 843 2282 Vulqo
866 2209 1022 2266 Dardanis.
1049 2211 1160 2267 Utrum-

109 2308 163 2363 que
184 2290 341 2368 incertum.)
364 2292 421 2359 IX,
444 2291 635 2366 6(cepientes
660 2297 744 2352 Gran.
769 2295 790 2349 P
809 2291 972 2368 eapientem
995 2293 1083 2352 Drala
1111 2293 1161 2350 sed

108 2374 329 2448 contingere...
357 2372 523 2449 cupientes.)
551 2377 584 2431 13
605 2375 701 2446 duces,
723 2375 796 2432 duos
822 2379 883 2432 sine
910 2378 991 2432 uncis
1013 2374 1080 2450 (ttq.
1104 2379 1161 2433 Em.

106 2456 178 2513 331.
205 2461 317 2516 Rectum
338 2468 423 2515 esset:
452 2458 518 2514 adv.
540 2458 613 2515 daos
642 2459 793 2529 exercitus,
824 2458 898 2516 duas
924 2456 1004 2534 imp.)
1037 2463 1072 2515 14
1094 2477 1161 2516 con·

108 2539 254 2597 tinendum
278 2541 430 2598 incastris
452 2542 547 2613 (codd.
576 2548 670 2602 secel
695 2541 716 2599 P
738 2541 914 2599 continendis
929 2541 1043 2616 castris)
1066 2543 1107 2612 X,
1127 2545 1160 2599 12

109 2631 138 2679 et
164 2622 200 2695 Q.
228 2624 368 2690 Mamilio,
390 2634 421 2680 ut
443 2623 477 2698 (l.
500 2626 536 2684 tt.
564 2627 652 2693 Voss.)
677 2623 681 2696 (
705 2635 865 2700 prapraetor
886 2628 946 2680 sinc
960 2628 1038 2682 uuas
1059 2625 1161 2697 (Ps'qb.)

113 2708 149 2762 16
163 2701 279 2781 praetori
290 2708 401 2764 traditis
427 2709 467 2766 W.
483 2725 498 2763 e
512 2710 547 2764 P:
569 2708 712 2782 praeditis3
736 2709 819 2764 codd.
841 2725 914 2767 recc.
937 2708 1058 2764 traditis.
1073 2710 1161 2765 Drals.

107 2789 248 2864 praebitis)
278 2792 335 2860 XI,
364 2789 506 2846 2foribus
527 2791 556 2847 in
578 2791 647 2866 ipsis
675 2792 768 2863 (codd.
792 2808 863 2847 racc.
871 2789 896 2866 t)
936 2795 968 2846 14
995 2790 1162 2858 (incolumes

107 2871 244 2946 legionen,
275 2892 327 2930 ons.
354 2884 391 2945 et,
421 2877 502 2930 malit
530 2876 599 2942 Usa,
622 2885 649 2930 et
674 2879 715 2931 sic
745 2874 805 2936 Pul,
835 2870 900 2948 2.)(
942 2872 1008 2930 ioca
1029 2867 1091 2948 tnta
1119 2874 1161 2947 (P.

110 2959 187 3013 Tuta
208 2967 290 3013 erant
313 2960 445 3031 leqiones,
469 2977 553 3030 quum
575 2975 611 3013 eu·
634 2961 761 3029 anqustis
788 2966 816 3012 et
838 2959 945 3027 asperis
975 2965 1005 3012 in
1029 2957 1107 3013 culta
1135 2967 1163 3014 et

104 3040 194 3110 plana
205 3044 383 3106 creassent.)
405 3041 479 3108 XII,
497 3045 512 3096 3
530 3049 558 3096 et
571 3044 632 3096 sine
643 3043 724 3097 uncis
740 3038 835 3114 (codd.
853 3056 937 3111 pauc.
954 3057 1035 3110 recu,
1050 3035 1159 3117 Creo.)(

106 3131 219 3196 gereret
233 3134 261 3180 et
275 3124 400 3180 exercitu
421 3123 455 3196 (P
469 3134 497 3181 et
509 3122 614 3197 omnes)
642 3127 676 3180 13
690 3126 726 3180 ab
741 3122 883 3193 Gadibus,
904 3121 1061 3179 rebellandi
1082 3141 1163 3198 spem

106 3205 263 3263 adiuvante
298 3212 352 3274 (1²3
380 3210 439 3265 lim.
466 3207 540 3277 331)
575 3208 671 3276 XIII,
703 3208 720 3263 2
746 3217 774 3263 et
802 3209 819 3262 3
848 3205 984 3263 facerent.
1015 3207 1161 3280 praemisso

106 3287 236 3364 (interp.)
267 3291 284 3346 8
314 3289 397 3346 fessis
434 3291 560 3346 subirent
591 3289 657 3364 (Mq.
687 3293 744 3347 Em.
766 3289 828 3346 333
849 3288 889 3366 n.)
922 3292 938 3346 9
963 3289 1032 3346 nihil
1060 3299 1163 3363 praeter

107 3369 202 3444 (codd.
216 3375 300 3441 rece.)
321 3372 325 3450 (
345 3373 695 3447 quacumqueproximum
711 3371 804 3447 (codd.
817 3374 893 3446 quid.
908 3391 989 3441 rece,
1001 3373 1064 3430 edd.
1083 3372 1162 3447 cett.)

111 3457 147 3510 tu
178 3463 274 3512 tamen
300 3474 443 3529 nunquam
472 3456 639 3529 aliquot...
673 3467 815 3513 cessatum
845 3465 888 3512 est
917 3453 996 3530 (Mq.)
1026 3455 1113 3522 XIV,
1144 3459 1161 3511 4

108 3538 258 3607 tenebant3
285 3549 422 3598 erant...
452 3539 578 3613 Hispani
600 3558 653 3614 pro
678 3540 821 3596 cornibus.
850 3547 917 3594 anta
939 3537 1079 3596 Punicam
1103 3535 1162 3613 (in-

107 3629 180 3693 terp.
203 3626 328 3678 correait
350 3626 403 3694 blq.
426 3625 484 3678 Em.
507 3621 580 3698 332)
610 3627 626 3678 6
650 3622 758 3679 credita
781 3621 876 3678 animo
898 3620 1023 3676 advertit
1044 3624 1119 3686 (loo.
1141 3624 1161 3678 5

105 3712 134 3759 et
157 3704 213 3760 duo
236 3707 302 3775 alii,·
325 3709 384 3766 Era.
400 3705 470 3777 ibd.)
495 3710 509 3760 7
531 3704 623 3762 curati
637 3705 735 3780 pransi
750 3706 845 3769 (codd.
870 3706 925 3760 dno
940 3721 1021 3774 rece,
1043 3703 1162 3780 lipsius)

110 3787 146 3842 19
177 3787 324 3845 discedere
351 3789 490 3845 auderent
511 3787 586 3861 (edd.
609 3799 676 3847 oett.
701 3791 721 3844 P
742 3787 917 3862 discernere)
945 3788 982 3842 20
1006 3797 1161 3852 armatura,

106 3869 216 3939 velites,
248 3872 446 3932 circumductis
478 3870 542 3946 (Mq.
564 3875 623 3929 Em.
645 3871 719 3944 332)
744 3871 814 3938 XV,
845 3875 861 3926 5
885 3888 951 3925 nam
982 3888 1068 3944 snper
1093 3871 1162 3942 (W.)

109 3957 127 4010 6
151 3954 227 4011 acies
249 3953 318 4028 (W.)
343 3958 360 4012 9
384 3952 492 4031 (Neque
513 3955 662 4029 prosumus
675 3954 796 4028 quisque
806 3954 917 4010 hostem
930 3957 1034 4010 usitate
1052 3955 1162 4021 dicitur,

107 4055 200 4110 neque
224 4039 253 4094 bi
272 4040 328 4094 soli
348 4039 492 4107 cedebant,
514 4056 565 4094 nec
587 4039 667 4096 aliud
687 4037 852 4095 Hasdrubal
872 4037 1004 4109 ropabat,
1028 4056 1111 4111 qaam
1132 4047 1163 4094 ut
