2700 4426
447 218 525 271 neser
541 218 629 270 xxv.
664 217 867 284 (manau.)
1080 219 1139 276 art

117 401 243 458 mirandi
265 401 437 460 Graecarum
459 399 564 479 artium
586 421 678 479 opera
703 404 884 480 licentiaeque
911 403 978 461 huic
1006 421 1092 460 sacra
1113 420 1184 476 pro·

117 506 247 581 fanaque
278 507 376 564 omnia
403 507 491 582 vulgo
523 508 669 582 spoliandi
700 509 809 567 factum
836 518 904 596 est,
940 528 1004 584 quae
1035 516 1182 583 postremo

117 610 148 667 iu
175 612 326 670 Romanos
355 612 440 682 deos,
468 615 606 688 templum
630 614 660 670 id
681 614 775 688 ipsum
798 615 938 691 primum,
961 615 1039 689 quod
1062 632 1081 669 a
1102 613 1183 669 Mar-

117 717 191 774 cello
219 717 324 775 eximie
352 726 491 804 ornatum
517 729 576 789 est,
607 719 702 777 vertit.
751 722 930 779 visebantur
957 720 1032 776 enirn
1061 718 1098 773 ab
1131 716 1212 772 err-3

117 821 207 878 ternis
235 823 274 879 ad
300 832 415 896 portam
448 821 597 899 Capenam
625 826 761 883 dedicata
794 845 812 882 o
835 826 877 883 M.
898 822 1038 882 Marcello
1072 820 1182 894 templa

116 933 238 999 propter
258 926 429 984 excellentia
452 927 513 984 eius
534 931 648 1004 generis
670 940 855 1001 ornamenta,
877 947 999 1003 quorum
1022 926 1182 1002 perexigua

117 1046 187 1105 pars
208 1041 367 1106 comparet.

200 1136 377 1211 Legationes
414 1138 542 1197 omniurn
579 1139 672 1198 ferme
706 1141 867 1199 civitatium
900 1138 1005 1199 Siciliae
1040 1137 1079 1194 ad
1114 1135 1209 1193 euml

116 1243 337 1300 conveniebant.
399 1245 510 1322 Dispar
540 1253 572 1303 ut
601 1264 692 1304 causa
720 1265 836 1316 earum,
872 1246 915 1303 ita
943 1243 1074 1303 condicio
1107 1252 1179 1299 erat.

116 1345 175 1420 Qui
196 1356 264 1404 ante
285 1358 387 1423 captae
408 1350 569 1426 Syracusas
597 1360 727 1409 autnon
757 1352 938 1410 desciverant
964 1357 1016 1408 aut
1035 1349 1181 1406 redierant

114 1453 145 1510 in
174 1455 345 1527 amicitiem,
377 1465 409 1513 ut
435 1457 506 1514 socii
540 1458 640 1515 fideles
664 1457 780 1533 accepti
807 1457 949 1531 cultique,
980 1472 1054 1529 quos
1085 1462 1179 1510 metus

115 1563 184 1634 post
219 1568 320 1635 captas
353 1561 515 1637 Syracusas
546 1563 711 1634 dediderat,
747 1572 779 1619 ut
806 1562 876 1619 victi
906 1581 924 1618 a
957 1560 1068 1616 victore
1100 1558 1178 1632 leges

116 1675 299 1741 acceperunt.
355 1667 450 1724 Erant
475 1675 572 1724 tamen
603 1669 682 1725 haud
714 1687 814 1744 parvm
845 1667 975 1741 reliquia
1001 1664 1070 1722 belli
1103 1663 1210 1721 circab

116 1773 310 1848 Agrigentum
332 1773 488 1842 Romania,
516 1773 662 1848 Epicydes
684 1781 713 1830 et
733 1774 858 1842 Hanno,
886 1771 973 1828 duces
995 1768 1098 1842 reliqui
1120 1769 1179 1843 pri·
1202 1834 1207 1840 .

114 1879 175 1934 oris
200 1877 282 1948 belli,
316 1886 345 1934 et
371 1878 471 1934 tertius
499 1896 593 1934 novus
621 1879 659 1935 ab
683 1878 850 1934 Hannibale
875 1876 1032 1933 in·locum
1062 1875 1178 1950 Hippo·

112 1982 202 2040 cratis
224 1983 343 2051 missus,
365 1982 603 2058 Libyphoenicum
626 1983 740 2057 generis
763 1982 992 2057 Hippacritanus
1022 1981 1178 2053 (Muttinen

113 2085 271 2160 populares
292 2086 468 2162 vocabant),
496 2088 541 2145 vir
572 2087 696 2162 impiger
717 2096 746 2144 et
767 2089 822 2145 sub
844 2085 1010 2144 Hannibale
1037 2084 1177 2158 magistro

114 2206 215 2247 omnes
243 2190 310 2258 belli
344 2200 421 2250 artes
448 2192 576 2252 edoctus.
634 2193 712 2249 Huic
750 2194 787 2250 ab
817 2191 947 2267 Epicyde
977 2201 1006 2248 et
1031 2187 1209 2248 Hannoness

113 2295 250 2352 Numidae
280 2294 341 2351 dati
372 2297 544 2367 auxiliares,
573 2315 638 2353 curn
666 2298 770 2371 quibus
794 2299 836 2355 ita
858 2308 1033 2373 pervagatus
1057 2304 1100 2353 est
1122 2297 1176 2352 ho-

113 2399 199 2457 stium
222 2419 324 2475 agros,
352 2400 394 2458 ita
422 2402 518 2459 socios
546 2404 585 2459 ad
611 2403 776 2472 retinendos
804 2404 834 2460 in
863 2402 920 2460 lide
942 2403 1053 2459 animos
1076 2421 1175 2458 eorum

112 2505 233 2580 ferendo
262 2509 291 2564 in
318 2517 449 2583 tempore
470 2508 574 2582 cuique
596 2509 735 2566 auxilium
758 2510 845 2578 adiit,
875 2517 906 2565 ut
937 2508 1017 2564 brevi
1047 2503 1207 2582 tempore?

113 2619 205 2669 totam
235 2613 364 2672 Siciliam
398 2613 532 2688 impleret
558 2613 683 2671 nominis
714 2614 773 2683 sui,
807 2632 860 2670 nee
892 2630 959 2688 spes
991 2612 1050 2668 alia
1082 2612 1176 2668 maior·

113 2718 192 2792 apud
221 2717 352 2775 faventes
378 2720 466 2775 rebus
498 2716 780 2794 Carthaginiensium
810 2727 895 2776 esset.
942 2719 1048 2791 Itaque
1072 2711 1206 2773 inelusi8

63 2892 67 2901 Ι
112 2821 151 2878 ad
177 2823 209 2879 td
234 2832 348 2899 tempus
377 2824 518 2882 moenibus
550 2825 703 2900 Agrigenti
731 2824 792 2891 dux
819 2824 929 2880 Poenus
958 2822 1176 2897 Syracusanus-

112 2945 184 3002 que,
218 2948 277 2986 uon
306 2929 426 2987 consilio
457 2930 589 2987 Muttinis
617 2949 704 3004 quam
734 2928 840 2986 fiducia
862 2927 955 3002 magis
983 2927 1048 2983 ausi
1077 2927 1176 3000 egredi

111 3043 196 3092 extra
223 3054 321 3094 muros
349 3036 388 3093 ad
414 3035 565 3108 Himeram
595 3052 708 3092 amnem
742 3042 1034 3109 posuerunt-eastra.
1087 3025 1205 3105 Qu0d9

111 3139 162 3197 ubi
188 3141 330 3216 perlatum
360 3141 398 3198 ad
426 3141 598 3198 Marcellum
626 3150 684 3212 est,
719 3121 866 3214 extemplo
896 3137 996 3213 copias
1026 3138 1118 3197 movit
1146 3147 1175 3194 et

111 3245 151 3301 ab
181 3245 265 3303 hoste
297 3255 435 3320 quattuor
466 3246 559 3304 ferme
588 3245 708 3302 millium
740 3244 893 3301 intervallo
926 3244 1071 3314 consedit,
1104 3244 1173 3318 quid
1214 3312 1230 3337 ⁸

110 3359 231 3423 agerent
250 3360 434 3425 pararentve,
461 3359 691 3427 exspectaturus.
738 3348 797 3409 Sed
823 3349 932 3406 nullum
962 3368 1057 3427 neque
1077 3349 1172 3406 locum
1190 3340 1225 3394 ¹⁰

109 3472 205 3528 neque
236 3463 349 3539 tempus
380 3457 555 3514 cunctationi
588 3454 746 3513 consiliove
777 3455 857 3513 dedit
889 3453 1043 3524 Muttines,
1075 3462 1172 3511 trans-

108 3576 225 3634 gressus
260 3581 375 3620 amnem
410 3579 446 3619 ec
471 3562 646 3620 stationibus
677 3561 802 3619 hostium
834 3579 898 3616 cum
925 3559 1035 3634 ingenti
1062 3567 1172 3616 terrore

110 3679 145 3720 ae
173 3648 304 3728 tumultu,
329 3668 468 3724 invectus.
516 3668 642 3723 Postero
676 3667 722 3722 die
750 3685 843 3742 prope
870 3665 947 3722 iusto
969 3663 1071 3738 proelio
1093 3681 1171 3720 com·
1188 3655 1221 3710 ll

109 3770 182 3844 pulit
202 3771 301 3829 hostes
329 3772 406 3848 intra
427 3774 612 3831 munimenta.
660 3773 734 3829 Inde
759 3779 913 3828 revocatus
941 3769 1082 3826 seditione
1104 3769 1170 3826 Nu-

108 3873 251 3933 midarum
278 3876 309 3932 in
336 3881 440 3935 castris
465 3878 560 3948 facta,
593 3896 681 3951 quum
712 3875 831 3932 trecenti
861 3874 953 3931 ferme
980 3894 1079 3933 eorum
1107 3875 1170 3931 He·

107 3978 234 4038 racleam
262 3982 393 4039 Minoam
416 3982 639 4054 concessissent,
667 3982 706 4038 ad
726 3980 901 4055 mitigandos
932 3980 1171 4054 revocandosque
