2680 4546
569 1286 757 1365 stultu
802 1283 997 1364 xxvtt.

250 1583 315 1672 Hic
336 1625 428 1672 status
450 1633 545 1672 rerum
565 1615 593 1671 in
607 1613 751 1690 Hispania
773 1621 844 1668 arat.
880 1613 914 1669 ln
928 1611 1014 1669 Italia
1038 1613 1144 1669 consul
1160 1609 1319 1669 Marcellus.

251 1719 371 1795 Salapia
403 1739 456 1794 per
488 1717 679 1795 proditionem
714 1721 850 1790 recepta,
880 1719 1064 1774 Marmoreas
1102 1725 1132 1773 et
1166 1717 1262 1774 Meles
1289 1717 1316 1770 dc

219 1825 429 1888 &Samnitibus
451 1827 479 1882 vi
503 1825 588 1900 cepit.
647 1822 697 1880 Ad
719 1821 775 1878 tn'a
798 1819 887 1877 millia
915 1821 1036 1902 militum
1066 1822 1108 1878 ibi
1139 1821 1315 1880 Hannibalis.

251 1948 316 2004 quse
337 1930 461 2006 praesidii
484 1949 575 1988 causa
596 1929 696 1986 relicta
717 1935 810 1992 erant,
834 1944 990 2002 oppressa3
1011 1927 1116 2001 praeda
1140 1927 1313 2004 (etaliqnan

253 2045 313 2094 tum
337 2036 398 2092 eius
419 2035 485 2106 fuit)
508 2033 592 2091 militi
613 2051 761 2090 concessa.
813 2031 916 2088 Tritici
946 2050 1064 2106 quoque
1095 2033 1223 2094 ducenta
1251 2049 1310 2106 qna·
1337 2071 1338 2088 t

253 2140 388 2214 draginta
411 2140 500 2198 millia
522 2139 649 2197 modium
671 2145 699 2194 at
720 2151 833 2194 centum
857 2138 954 2195 decem
971 2139 1064 2196 millia
1077 2140 1183 2196 hordei
1199 2139 1310 2195 inventa.

222 2247 239 2299 3
254 2245 387 2302 Ceterum
412 2264 596 2321 nequaquam
621 2245 687 2301 inde
709 2253 820 2300 tantum
843 2245 979 2318 gaudium
1006 2245 1072 2317 fuit,
1097 2253 1211 2319 quanta
1226 2243 1308 2299 clade

254 2351 330 2408 intra
359 2348 469 2427 p'ancos
503 2350 564 2407 dies
591 2358 711 2425 accepta
744 2359 787 2406 ast
816 2351 893 2408 haud
926 2351 1029 2426 procul
1060 2352 1222 2408 Herdonea
1241 2349 1307 2403 urbe.

223 2454 360 2514 acastre
382 2455 423 2513 ibi
444 2454 498 2513 Cn.
512 2453 632 2512 Fulvius
654 2455 810 2530 proconsul
831 2457 960 2513 habebat
982 2477 1034 2533 spe
1048 2457 1225 2532 recipienda
1244 2453 1307 2509 Her·

255 2560 364 2629 donata,
395 2577 459 2634 quse
488 2569 555 2636 post
579 2559 759 2617 Cannensem
787 2559 897 2616 cladem
929 2563 967 2618 ab
995 2562 1142 2620 Romanis
1169 2559 1306 2617 defecerat

224 2671 307 2721 bnec
329 2665 394 2722 loco
417 2667 487 2723 satis
508 2673 571 2722 tuto
592 2666 689 2740 posita
710 2683 763 2721 nec
784 2664 926 2738 presidiis
940 2668 1064 2724 firmata.
1105 2663 1303 2740 Negligentian
1338 2679 1339 2720 1

255 2771 370 2828 insitam
393 2771 509 2845 ingenio
524 2771 605 2827 ducis
620 2771 746 2844 augebat
762 2751 828 2845 sp⁴es
850 2789 894 2840 ea,
919 2772 996 2844 qnod
1011 2771 1116 2827 labare
1132 2771 1168 2828 iis
1183 2772 1303 2827 adversm

255 2876 377 2932 Poenum
401 2876 486 2933 fidem
509 2885 655 2946 senserat,
688 2864 842 2950 postquam
874 2875 994 2951 Salapia
1024 2876 1135 2934 amissa
1166 2874 1303 2933 excessisse

182 2973 185 2980 ’
224 2987 241 3034 a
254 2980 289 3038 iis
308 2981 380 3037 locis
403 2981 432 3037 in
455 2979 586 3038 Bruttios
608 2981 802 3038 Hannibalem
828 2981 957 3038 auditum
982 2991 1034 3037 est.
1094 2983 1141 3039 Ea
1165 2982 1255 3039 omnia
1273 2979 1301 3034 ab
1337 2989 1339 2994 ’

256 3083 413 3142 Herdonea
433 3102 487 3158 per
508 3084 636 3141 occultos
659 3085 775 3142 nuntios
805 3085 902 3143 delata
920 3085 1081 3143 Hannibali
1112 3086 1196 3143 simul
1222 3103 1300 3143 curan

255 3189 341 3246 aociae
361 3188 518 3246 retinenda
539 3190 618 3247 urbis
641 3199 668 3246 et
690 3209 770 3266 spem
793 3190 887 3248 fecere
908 3189 1055 3246 incautum
1082 3192 1195 3272 beatam
1218 3209 1299 3265 aggre-

255 3293 360 3356 diendi.
400 3295 547 3370 *Exercitu
570 3295 723 3370 expedito,
753 3295 794 3352 ita
821 3307 852 3352 ut
883 3295 991 3352 famam
1023 3314 1118 3370 prope
1142 3297 1298 3372 preveniret

255 3400 369 3475 magnis
382 3398 533 3456 itineribus
556 3398 592 3455 ad
616 3399 802 3456 Herdoneam
824 3398 980 3465 contendit,
1003 3409 1030 3455 et
1047 3417 1106 3473 quo
1122 3402 1188 3476 plus
1202 3401 1297 3458 tenoris

226 3505 332 3562 thoni
356 3503 502 3574 obiiceret,
525 3503 587 3560 acie
607 3504 747 3561 instructa
769 3503 898 3562 accessit.
942 3505 1004 3561 Par
1022 3506 1148 3563 audacia
1163 3509 1297 3565 Romarm

255 3608 376 3666 consilio
410 3619 439 3664 et
470 3608 580 3666 viribus
618 3609 726 3684 impar,
766 3609 856 3685 copiis
889 3610 994 3685 raptim
1029 3610 1141 3668 eductis
1182 3609 1295 3669 conflixit.

225 3712 364 3785 8Quinta
386 3713 462 3787 legio
486 3723 515 3771 at
536 3714 652 3771 sinistra
674 3713 721 3770 ala
747 3714 851 3772 acriter
873 3733 1000 3790 pugnam
1025 3687 1164 3786 inierunt3
1195 3727 1296 3774 ceterum

255 3818 420 3883 Hannibal,
452 3819 535 3894 signo
566 3819 709 3894 equitibus
744 3821 831 3884 dato,
863 3830 912 3885 ut,
944 3839 1032 3894 quum
1062 3822 1211 3896 pedestres
1239 3819 1296 3876 acie-²

254 3931 445 3997 occupassent
463 3926 596 4000 prasenti
619 3924 776 3982 certamine
799 3925 899 3983 oculos
922 3927 1102 4000 animosque,
1136 3919 1295 3982 circumvecti

222 4027 321 4101 9para
344 4039 441 4086 castra
463 4030 598 4092 hostium.
628 4045 696 4104 pars
719 4038 801 4105 terga
823 4029 1025 4105 trepidantium
1049 4030 1224 4093 invaderent,
1248 4029 1294 4102 ipe
