2748 4556
373 257 453 308 Liber
473 257 558 308 XXX.
595 258 641 321 (Δ.
658 258 705 307 Ch.
719 261 792 322 2⁰³.)
1016 265 1074 320 249

16 442 142 516 ginem
169 441 296 500 rediere
344 441 454 500 Classis
476 442 589 499 Punica
612 443 649 499 ad
670 443 787 502 Uticam
810 444 963 500 stationem
986 446 1151 503 habebam

18 548 83 604 Ex
110 565 156 602 ea
182 557 241 604 tres
265 547 473 622 quadriremes,
497 566 548 606 seu
564 548 638 606 clam
661 548 749 605 misso
772 569 789 604 a
812 547 989 624 Carthagine
1011 552 1121 620 nuntio,

22 652 78 708 uti
111 654 220 724 fieret,
254 671 304 710 seu
332 653 534 723 Hasdrubale,
569 653 619 728 qui
646 653 732 710 classi
753 665 891 729 praeerat,
923 655 985 712 sine
1006 657 1122 730 publica

23 756 154 813 fraude
194 775 266 814 auso
299 758 429 829 facinus,
467 759 702 833 quinqueremem
735 761 900 816 Romanam
937 766 1152 834 superantcmb

26 863 286 936 promuntorium
322 883 359 921 ex
395 865 454 920 alto
490 875 608 940 repente
644 883 789 940 aggressae
816 875 892 922 sunt.
945 865 1002 922 Sed
1029 885 1122 941 neque

29 979 147 1024 rost-ro
173 967 262 1026 ferire
284 969 431 1027 celeritate
453 969 685 1044 superlabentem
700 980 837 1044 poterant
852 961 953 1045 ¹nequo
979 971 1121 1028 transilire

32 1074 159 1131 armati
190 1093 228 1130 ex
255 1073 456 1131 humilioribus
487 1075 518 1130 iu
547 1075 679 1132 altiorem
707 1094 827 1144 navem;
860 1086 889 1131 et
915 1074 1151 1134 defendebatur7

35 1180 186 1256 egregie,
221 1179 318 1252 quoad
355 1179 414 1234 tela
450 1181 680 1255 suppeditarunt.
729 1181 801 1252 Quis
834 1180 1031 1238 deficientibus
1063 1183 1121 1239 iam

34 1286 129 1343 nulla
166 1285 226 1342 alia
254 1303 301 1340 ros
329 1302 393 1340 eam
422 1303 509 1358 quam
538 1286 740 1360 propinquitas
764 1297 847 1342 terrae
869 1284 1080 1361 multitudoque
1104 1308 1121 1344 a

37 1392 156 1450 castris
169 1393 198 1447 ia
211 1391 278 1448 litus
290 1388 383 1448 effusa
397 1390 471 1448 tueri
482 1391 585 1466 potuit.
619 1390 800 1450 Concitatam
813 1393 887 1448 enim
899 1393 995 1463 remis,
1012 1404 1121 1467 quanto
1136 1398 1152 1452 8

39 1498 186 1556 inaximo
207 1497 317 1572 impetu
337 1505 487 1570 poterant,
511 1496 546 1551 in
570 1505 677 1552 terram
703 1516 791 1571 quum
813 1497 1016 1568 immisissent,
1038 1501 1121 1556 navis

41 1614 166 1660 tantum
189 1604 304 1660 iactura
325 1600 414 1671 facta,
435 1601 593 1659 incolumes
607 1603 663 1677 ipsi
682 1611 845 1660 evaserunt.
892 1602 940 1659 Itu
956 1604 1013 1661 alio
1035 1613 1152 1680 superi)

44 1709 133 1766 aliud
157 1707 267 1766 scelere
289 1725 377 1780 quum
399 1707 477 1763 haud
502 1707 589 1763 dubie
609 1708 728 1765 indutiae
749 1718 843 1782 ruptae
865 1721 978 1777 essent,
1014 1711 1121 1767 Laelius

44 1813 237 1886 Fulviusque
261 1813 299 1867 ab
319 1813 416 1868 Roma
438 1831 502 1868 cum
521 1811 625 1886 legatis
643 1811 932 1886 Carthaginiensibus
948 1833 1121 1889 supervene-

44 1931 128 1978 runt.
174 1917 286 1990 Quibus
309 1914 423 1990 Scipio,
446 1916 500 1972 etsi
522 1936 581 1972 non
602 1917 776 1974 indutiarum
799 1919 870 1974 fides
895 1919 983 1974 modo
1006 1937 1024 1974 a
1047 1917 1121 1976 Car·
1139 1930 1172 1984 {0

46 2023 294 2097 thaginiensibus,
316 2021 367 2077 sed
387 2021 432 2076 ius
456 2021 543 2077 etiam
558 2021 685 2094 gentium
707 2023 737 2078 in
757 2023 860 2097 legatis
880 2023 1019 2080 violatum
1037 2037 1121 2090 esset,

48 2143 153 2185 tamen
182 2144 213 2181 se
243 2126 314 2182 nihil
335 2145 388 2181 nec
409 2125 545 2182 institutis
566 2126 668 2201 populi
690 2129 815 2184 Romani
836 2147 889 2184 nec
911 2127 970 2184 suis
993 2127 1121 2184 moribus

49 2232 204 2305 indignum
232 2231 262 2288 in
286 2232 321 2288 iis
342 2229 487 2288 iacturum
509 2249 573 2287 esse
596 2249 683 2305 quum
706 2232 843 2300 dixisset,
863 2232 987 2289 dimissis
1009 2232 1121 2306 legat-is,

51 2337 162 2394 bellurn
184 2337 330 2411 parabat*

141 2441 299 2498 Hannibali
330 2441 388 2498 iam
429 2451 512 2498 terrae
545 2441 789 2516 appropinquanti
823 2443 917 2500 iussus
951 2461 966 2498 e
999 2440 1121 2498 nauticis
1139 2434 1168 2486 ll

55 2566 132 2606 unus
160 2548 312 2604 escendere
343 2547 372 2602 in
403 2545 528 2614 malum,
564 2557 596 2602 ut
624 2547 840 2619 specularetur,
878 2567 964 2622 quam
993 2558 1122 2604 tenerent

56 2655 220 2729 regionem,
250 2671 337 2726 quum
361 2651 482 2708 dixisset
503 2651 665 2726 sepulcrum
689 2652 815 2709 dirutum
840 2673 957 2728 proram
980 2666 1121 2729 spectare,
1139 2653 1172 2706 12

60 2759 257 2828 abominatus,
281 2756 453 2831 praetervehi
474 2756 553 2812 iusso
575 2757 786 2830 gubernatore,
811 2759 848 2814 ed
871 2759 984 2833 Leptim
1009 2759 1121 2833 appulit

59 2866 179 2922 classem
201 2873 289 2936 atquc
310 2862 351 2918 ibi
373 2860 473 2935 copias
497 2861 640 2935 exposuit.

144 2971 212 3027 Hac
251 2988 285 3026 eo
330 2988 406 3025 anuo
452 2967 482 3022 in
522 2966 625 3023 Africa
668 2977 766 3040 gesta3
817 2966 997 3039 insequentia
1018 2985 1117 3022 exce·
1172 2964 1215 3030 26

64 3077 135 3131 dunt
158 3074 185 3130 iu
211 3093 276 3131 eum
307 3093 431 3144 annum,
471 3089 528 3146 quo
558 3071 599 3126 M.
622 3070 775 3139 Servilius,
812 3070 861 3144 qui
889 3080 948 3127 tum
982 3072 1121 3146 magister

65 3179 186 3254 equitum
218 3191 294 3250 erat,
330 3191 359 3236 et
390 3179 436 3236 Ti.
470 3175 608 3234 Claudius
643 3178 725 3234 Nero
762 3175 893 3232 consules
933 3175 1003 3233 iacti
1044 3188 1119 3232 sunt.

68 3286 193 3343 Ceterum
224 3285 303 3342 exitu
328 3282 486 3357 superioris
514 3283 581 3338 anni
611 3301 697 3356 quum
726 3282 815 3356 legati
842 3282 984 3338 sociarum
1008 3281 1151 3338 urbium2

70 3411 105 3446 ex
126 3389 233 3448 Graecia
261 3390 354 3463 questi
376 3400 488 3458 esseut,
521 3397 652 3444 vastatos
684 3405 770 3461 agros
799 3389 836 3443 ab
864 3386 951 3460 regiis
973 3385 1122 3459 praesidiis,

70 3493 262 3572 profectosque
289 3495 320 3550 in
348 3491 551 3550 Macedoniam
578 3493 697 3566 'legatos
729 3493 766 3548 ad
794 3511 840 3548 res
871 3491 1042 3565 repetendas
1064 3509 1122 3545 non

73 3601 201 3657 admissos
234 3599 272 3655 ad
296 3572 463 3672 Philippum
494 3616 612 3671 regem,
644 3598 730 3654 simul
751 3599 949 3663 nuntiassent,
986 3601 1151 3669 quattuor3

75 3705 155 3762 millia
185 3704 307 3763 militum
335 3723 400 3760 cum
432 3703 560 3776 Sopatro
593 3703 665 3759 duce
697 3702 818 3759 traiecta
847 3701 876 3757 in
899 3700 1032 3757 Aliicam
1057 3700 1121 3768 dici,

76 3823 104 3868 ut
121 3821 205 3867 essent
229 3808 516 3884 Carthaginiensibus
538 3798 691 3880 praesidio,
724 3819 753 3863 st
783 3805 911 3880 pecuniae
943 3806 1121 3879 aliquantum

77 3933 128 3973 uua
146 3916 272 3982 missum,
295 3913 408 3988 legatos
430 3912 468 3968 ad
490 3929 598 3986 regem,
625 3911 673 3986 qui
695 3913 756 3968 haec
776 3911 915 3967 adversus
934 3910 1028 3967 foedus
1043 3909 1152 3969 lactat

78 4020 157 4077 cidari
173 4020 314 4094 patribus
341 4018 520 4088 nuntiarent,
559 4016 712 4074 mittendos
736 4017 844 4074 cenauit
867 4027 992 4072 senatus.
1039 4015 1122 4072 Missi
1160 4093 1161 4096 Ἴ
