2680 4546
295 239 333 293 46
561 235 638 284 Liber
656 236 756 286 xxva
796 239 843 298 (Δ.
858 251 884 287 ιι,
900 253 923 288 a.
938 239 1012 298 ott.)

156 413 201 481 40
336 419 489 476 Paridem
513 429 626 495 tempus
651 419 786 478 Laevinus
807 419 917 489 consul,
936 420 996 476 iam
1022 437 1135 494 magna
1157 428 1244 493 parte
1261 415 1317 472 ami

251 523 442 604 circumacta,
471 524 501 580 in
531 523 660 584 Siciliam
683 497 829 582 veteribus
850 525 994 599 novisque
1018 524 1111 580 sociis
1143 533 1317 597 exspectatus

253 647 340 704 quum
363 629 500 700 venisset,
523 629 647 704 primum
665 647 699 686 ac
715 631 898 704 potissimum
920 629 1051 686 omnium
1074 627 1300 702 ratnsSyree12

221 736 329 792 anova
350 753 424 809 pace
444 735 607 792 inconditas
637 751 811 810 componere
832 752 893 804 res,
922 735 1123 809 Agrigentum
1148 733 1232 793 inde.
1254 731 1317 805 quod

251 839 319 897 belli
347 839 489 914 reliquum
520 849 583 896 erat
614 839 824 915 tenebaturque
859 859 877 896 a
906 838 1203 914 Carthaginiensium
1236 837 1316 894 valido

221 945 397 1020 epraesidio,
427 945 510 1002 duxit
531 945 669 1019 legiones.
718 944 757 1001 Et
786 943 870 1002 affuit
893 945 1011 1002 fortuna
1041 945 1176 1019 incepto.
1226 945 1316 1000 Hanno

255 1060 317 1108 erat
336 1051 497 1124 imperator
511 1049 805 1124 Carthaginiensium,
827 1050 879 1106 sed
901 1067 1016 1106 omnem
1039 1049 1071 1106 in
1082 1051 1217 1106 Muttine
1231 1047 1316 1106 Numi·

222 1154 357 1229 sdisque
381 1172 462 1230 spem
484 1154 643 1230 repositam
666 1154 823 1214 habebant.
872 1157 931 1213 Per
957 1167 1049 1212 totam
1074 1155 1214 1212 Siciliam
1241 1169 1315 1226 vagus

253 1259 366 1335 praedas
399 1262 507 1336 agebat
539 1279 576 1317 ex
608 1261 695 1318 sociis
728 1262 937 1330 Romanorum,
974 1279 1069 1335 neque
1103 1260 1261 1318 intercludi
1286 1259 1313 1314 ab

254 1366 418 1441 Agrigento
442 1365 472 1422 vi
496 1375 632 1422 antarta
660 1366 719 1423 ulla
741 1384 809 1430 nec,
840 1367 909 1440 quin
938 1375 1122 1439 erumperet,
1155 1365 1208 1420 ubi
1239 1363 1314 1422 vellet

225 1472 401 1547 hprohiberi
433 1481 558 1546 poterat.
619 1471 691 1529 Haec
726 1472 786 1528 eius
818 1471 912 1546 gloria
945 1471 1013 1544 quia
1047 1470 1107 1526 iam
1145 1469 1311 1544 imperatoris

256 1596 372 1652 quoque
394 1578 480 1634 lamae
502 1577 667 1638 officiebat,
697 1587 845 1652 postremo
872 1576 902 1632 in
929 1576 1069 1633 invidiam
1100 1577 1210 1640 vertit,
1244 1585 1270 1630 ut
1287 1592 1312 1627 na

255 1681 327 1736 bene
349 1689 438 1754 gestae
460 1681 576 1754 quidem
599 1701 645 1738 res
673 1683 731 1738 iam
754 1681 894 1738 Hannoni
925 1673 1047 1756 propter
1077 1691 1231 1738 auctorem
1257 1679 1309 1734 satia

224 1785 326 1842 6loetae
359 1795 464 1842 assent.
526 1787 682 1844 Postremo
720 1784 920 1861 praefecturam
958 1785 1019 1842 eine
1052 1787 1113 1843 filio
1150 1805 1207 1844 suo
1242 1785 1309 1841 dedit.

255 1901 335 1948 ratus
367 1909 432 1948 cum
468 1891 591 1966 imperio
625 1891 826 1949 auctoritatam
860 1909 977 1965 quoque
1010 1891 1036 1948 ei
1069 1891 1148 1948 inter
1184 1891 1307 1949 Numidas

225 1999 431 2073 ierepturum.
480 1996 566 2069 Quod
588 1997 675 2072 longe
697 1995 781 2054 aliter
803 1997 912 2066 evenit3
944 2016 1011 2054 nam
1040 2005 1173 2053 vaterem
1196 1973 1305 2054 inversa

255 2102 316 2160 eius
339 2121 393 2159 sua
423 2103 541 2177 insuper
563 2101 673 2160 invidia
697 2101 794 2171 auxit3
821 2121 916 2177 neque
946 2101 993 2158 ille
1026 2100 1231 2176 indignitatem
1251 2101 1305 2159 iniu-

253 2207 303 2263 riae
325 2207 389 2264 tulit
410 2207 622 2282 confestimque
644 2207 682 2264 ad
706 2207 855 2264 Laevinum
880 2207 1010 2265 occultos
1034 2207 1155 2265 nuntios
1186 2209 1257 2265 misit
1278 2205 1302 2260 ds

224 2311 395 2370 8tradend0
418 2312 591 2387 Agrigento.
639 2313 698 2370 Per
720 2329 793 2386 quos
816 2323 847 2368 ut
871 2322 915 2369 eat
932 2311 1012 2370 facta
1033 2313 1107 2370 fides
1131 2313 1302 2388 compositus·

254 2435 310 2491 que
331 2417 373 2472 rei
394 2416 528 2490 gerendae
552 2417 671 2486 modus,
695 2413 817 2492 'portam
845 2418 882 2474 ad
911 2436 991 2474 mare
1023 2417 1166 2475 ferentem
1192 2415 1301 2476 Numida

254 2540 341 2596 quum
364 2532 570 2596 occupassent,
592 2522 683 2596 pulsis
705 2522 772 2578 inde
794 2522 962 2580 custodibus
988 2531 1038 2577 aut
1060 2523 1152 2590 caesis,
1176 2525 1301 2581 Romanoa

224 2627 293 2684 9ad
315 2627 347 2682 id
366 2627 461 2701 ipsum
483 2625 586 2683 missos
609 2626 639 2682 in
662 2628 762 2684 arbem
786 2636 968 2702 acceperunt.
1020 2626 1060 2684 Et
1089 2646 1180 2701 quum
1211 2623 1299 2700 agmine

254 2733 312 2789 iam
334 2731 363 2788 in
395 2730 490 2788 media
518 2731 597 2787 urbis
623 2749 658 2786 ac
686 2730 783 2788 forum
816 2749 922 2806 magno
949 2730 1074 2788 tumultu
1103 2733 1212 2798 iretur,
1243 2739 1299 2784 rataa

255 2837 372 2907 Hanno,
394 2855 452 2894 non
476 2836 554 2893 aliud
578 2855 666 2910 qnam
688 2834 840 2892 tumultum
864 2853 899 2891 ac
920 2835 1124 2906 secessionem,
1146 2838 1178 2893 id
1201 2833 1266 2910 quod
1280 2839 1297 2884 et

256 2952 323 2998 ante
345 2942 501 3011 acciderat,
523 2942 718 2999 Numidarum
740 2953 815 3010 esse,
838 2941 875 2996 ad
890 2941 1139 3016 comprimendam
1156 2941 1297 2998 seditionem

207 3052 242 3105 10
256 3047 406 3122 processit.
451 3049 552 3120 Atque
577 3046 635 3114 ille,
658 3067 745 3121 quum
769 3047 795 3104 ei
817 3046 971 3103 mult-itudo
995 3046 1089 3104 maior
1112 3063 1201 3119 quam
1220 3039 1296 3102 Nunti·

256 3153 357 3208 darum
380 3152 482 3226 procul
508 3152 574 3208 visa
603 3160 633 3208 et
653 3153 764 3209 clamor
785 3153 935 3210 Romanus
955 3152 1188 3225 haudquaquam
1210 3151 1296 3223 ignotus

258 3255 296 3312 ad
319 3275 403 3313 aures
428 3257 588 3328 accidisset,
610 3257 779 3332 priusquam
805 3256 949 3312 edictum
972 3256 1021 3312 teli
1043 3257 1166 3324 veniret,
1200 3249 1294 3328 capessit

207 3363 239 3415 ll
257 3361 366 3435 fugam.
428 3362 487 3418 Per
523 3379 657 3418 aversam
698 3371 814 3436 portam
853 3361 988 3429 emissus,
1031 3372 1184 3435 assumpto
1219 3354 1295 3415 comita

257 3465 396 3540 Epicyde,
426 3485 490 3522 cum
518 3467 620 3541 paucis
653 3466 689 3522 ad
720 3484 800 3522 mare
829 3467 974 3539 parvenit;
1004 3465 1142 3539 natuque
1164 3473 1292 3541 opportune

257 3589 379 3644 parvum
398 3570 557 3645 navigium,
578 3571 680 3628 relicta
701 3571 832 3628 hostibus
854 3569 963 3638 Sicilia,
987 3571 1023 3626 de
1038 3589 1098 3644 qua
1113 3591 1167 3647 per
1180 3579 1291 3628 totanaat

208 3675 243 3730 12
258 3682 396 3730 certatum
421 3684 492 3746 erat,
514 3677 543 3732 in
556 3675 688 3734 Africam
700 3675 882 3734 traiecerunt.
915 3674 987 3732 Alia
1002 3675 1157 3734 multitudo
1169 3679 1290 3736 Peneum

258 3776 494 3852 Siculorumque,
527 3799 563 3837 ne
590 3791 700 3838 tentato
732 3781 847 3854 quidem
878 3780 1050 3850 certamine,
1084 3798 1173 3855 quum
1201 3773 1288 3840 caetu

257 3883 356 3957 fugam
397 3896 513 3941 ruerent
548 3886 696 3960 clausique
730 3887 824 3942 exitus
854 3897 965 3954 essent,
998 3886 1077 3943 circa
1109 3897 1207 3960 portas
1233 3896 1287 3940 rata

208 3985 243 4037 13
258 3983 376 4058 Oppido
397 3997 530 4060 recepto,
562 3991 711 4057 Laevinus,
744 3991 793 4062 qui
816 3991 913 4064 capita
935 4008 1030 4046 rerum
1056 3990 1209 4064 Agrigenti
1226 3993 1287 4041 aaut
