2680 4546
293 219 331 274 40
568 216 646 266 Liber
663 215 766 268 XXVI.
803 216 851 277 (Α.
865 231 889 265 u.
903 231 926 264 c.
941 215 1015 278 544.)

250 408 330 456 trans
352 397 482 456 Tiberim
511 400 598 457 emoti
628 409 737 470 essent,
763 418 801 456 ne
827 399 884 476 ipsi
913 398 1066 474 posterive
1087 417 1193 456 comm
1213 399 1305 473 uapirn
1325 416 1332 452 1

250 512 388 579 pararent
406 505 593 572 haberentve,
615 504 670 560 nisi
691 504 720 561 iu
742 505 875 570 Veiente,
896 503 1015 562 Sutrino
1031 504 1224 578 Nepesinove
1242 521 1305 577 agre,
1331 524 1332 556 1

250 608 317 666 dum
347 627 384 666 ne
413 609 459 666 cui
480 609 575 666 maior
604 627 691 683 quam
721 609 933 684 quinquaginta
961 609 1098 684 iugerum
1131 608 1198 683 agri
1224 609 1305 664 modus
1331 629 1332 661 1

200 715 232 771 ll
250 721 334 770 esset.
378 713 551 771 Senatorum
567 715 705 784 omnium,
732 715 839 788 quique
854 714 1045 788 magistratus
1061 713 1188 788 Capuae,
1215 714 1305 780 Atella,
1331 735 1332 769 ¹

250 817 371 877 Calatiae
385 819 549 892 gessissent,
573 819 652 876 bona
664 819 764 876 venire
776 817 886 894 Capua
898 819 1060 888 iusserunt3
1087 819 1188 876 libera
1196 837 1306 893 corpore,

250 942 314 998 quae
346 924 507 981 venundari
535 924 701 1000 placuerat,
744 925 870 982 Romam
904 923 979 981 mitti
1009 943 1045 980 ac
1079 927 1190 982 Romae
1219 925 1305 982 venus.
1331 953 1332 966 ¹

201 1031 237 1087 12
251 1025 359 1102 Signa,
398 1037 510 1085 statuas
537 1045 658 1097 aeneas,
701 1048 765 1103 quae
793 1040 881 1105 capta
913 1030 950 1087 de
984 1030 1125 1087 hostibus
1156 1029 1305 1097 dicerentur,
1324 1032 1332 1112 Ὶξ

250 1151 315 1208 quae
336 1152 435 1190 eorum
459 1150 544 1190 sacra
565 1151 600 1190 ac
621 1133 748 1209 profana
773 1146 883 1204 essent,
916 1135 954 1192 ad
974 1135 1153 1210 pontificum
1176 1134 1305 1208 collegium
1331 1159 1332 1190 t

201 1243 236 1298 13
249 1231 424 1299 reiecerunt*
477 1237 524 1297 Ob
547 1239 609 1296 hac
628 1239 746 1296 decreta
767 1241 925 1298 maestiores
948 1240 1119 1314 aliquanto,
1156 1259 1243 1314 qnam
1262 1243 1332 1329 lio-'1

251 1362 327 1400 mam
350 1352 505 1413 venerant,
528 1342 695 1419 Campanos
719 1345 902 1413 dimiserunt;
934 1363 986 1402 nec
1008 1345 1069 1401 iam
1093 1345 1134 1417 Q.
1156 1347 1252 1402 Fulvii
1269 1363 1307 1400 sa·
1331 1371 1332 1402 t

250 1450 351 1506 vit-iam
375 1451 405 1506 in
426 1467 505 1519 sese,
534 1450 585 1506 sed
609 1450 789 1524 iniquitatem
812 1451 897 1508 deum
920 1458 1009 1524 atque
1031 1451 1245 1508 exsecrabilem
1263 1449 1306 1506 lor·
1321 1477 1332 1535 ¹¹

252 1565 352 1612 tunam
374 1573 457 1611 suam
481 1555 661 1612 incusabant.

155 1657 200 1726 35
337 1659 472 1716 Dimissis
494 1659 599 1718 Siculis
622 1657 855 1735 Campanisque,
886 1660 1007 1716 dilectus
1031 1660 1165 1720 habitus.
1213 1658 1306 1732 Scripts
1319 1669 1327 1699 ¹

221 1764 357 1824 adetnde
391 1764 517 1821 exercitu
551 1764 588 1820 de
622 1767 763 1841 remigum
798 1765 998 1840 supplemento
1033 1764 1083 1838 agi
1109 1774 1253 1840 coeptum3
1286 1763 1329 1845 in}

244 1889 340 1944 ‚quam
363 1887 424 1926 rem
447 1887 535 1943 quum
558 1887 652 1942 neque
666 1870 815 1926 hominum
838 1868 909 1924 satis
930 1886 993 1937 nec,
1015 1886 1053 1926 ex
1076 1887 1139 1942 qua
1154 1877 1307 1944 pararentur
1322 1845 1332 1933 3

252 1976 484 2051 stipendiumque
513 1974 691 2049 acciperent,
733 1974 862 2047 pecuniae
895 1971 1052 2047 quicquam
1089 1993 1126 2030 ea
1155 1981 1307 2048 tempestate
1322 1962 1332 2051 l

222 2082 281 2140 sin
303 2080 419 2155 publico
448 2089 540 2149 esset,
564 2079 717 2134 edixerunt
738 2077 887 2148 consules,
913 2087 945 2134 ut
965 2079 1075 2152 privati
1102 2097 1141 2135 ex
1167 2097 1254 2135 censu
1272 2095 1307 2131 or·
1322 2061 1330 2161 i

253 2186 434 2258 dinibusque,
449 2184 523 2242 sicut
533 2194 629 2250 antea,
651 2183 775 2258 remiges
790 2183 893 2240 darent
907 2201 972 2240 cum
987 2183 1134 2258 stipendio
1151 2183 1307 2254 cibariisque

221 2291 362 2350 ‹idierum
391 2289 517 2363 triginta.
574 2288 626 2345 Ad
656 2288 687 2344 id
714 2288 839 2345 edietum
872 2296 971 2344 tantus
1002 2287 1136 2345 fremitus
1166 2288 1306 2347 hominum.

252 2405 335 2450 tanta
356 2394 516 2468 indignatio
545 2393 613 2464 fuit,
642 2401 672 2450 ut
705 2392 799 2466 magis
828 2393 889 2450 dux
918 2394 1164 2468 quam⁸materia
1192 2387 1307 2450 sedition

252 2501 377 2557 deesset:
411 2499 574 2558 Secundum
608 2497 722 2570 Siculos
755 2496 981 2573 Campanosque
1013 2498 1130 2574 plebem
1159 2491 1304 2556 Romanam

223 2604 428 2679 bperdendam
456 2603 699 2676 lacerandamque
732 2602 787 2659 sibi
816 2603 948 2660 consules
974 2603 1145 2676 sumpsisse.
1195 2605 1253 2661 Per
1274 2612 1305 2656 tot

253 2727 345 2766 annos
369 2709 477 2766 tributo
499 2709 656 2765 exhaustos
678 2708 749 2764 nihil
776 2707 878 2782 reliqui
899 2716 1006 2782 praeter
1025 2717 1136 2765 terram
1159 2709 1263 2766 nudem
1281 2721 1306 2760 ac

252 2826 367 2872 vastam
387 2815 504 2872 habere.
548 2814 642 2870 Tecta
662 2814 762 2870 hostes
779 2813 956 2883 incendisse,
984 2831 1087 2870 servos
1109 2814 1176 2888 agri
1199 2813 1304 2870 cultores

253 2939 313 2978 rem
336 2920 480 2996 publicam
498 2919 663 2988 abduxisse,
685 2937 761 2974 nunc
782 2918 820 2974 ad
842 2918 972 2974 militiam
987 2937 1083 2992 parvo
1104 2937 1163 2975 aere
1191 2916 1303 2975 emenda

223 3035 330 3090 6nunc
357 3026 482 3100 remiges
503 3022 688 3096 imperando;
728 3022 753 3078 si
782 3023 852 3098 quid
881 3023 928 3080 cui
954 3023 1068 3098 argenti
1101 3023 1205 3079 aerisve
1223 3021 1303 3080 fuerit

253 3130 396 3206 stipendio
423 3129 564 3202 remigum
591 3139 620 3184 et
644 3128 759 3186 tributis
788 3128 892 3184 annuis
917 3128 1057 3184 ablatum.
1107 3127 1162 3197 Se,
1192 3136 1221 3183 ut
1242 3127 1303 3188 dent,

253 3236 331 3310 quod
354 3253 412 3291 non
433 3234 569 3302 habeant,
590 3233 669 3289 nulla
692 3232 737 3301 vi,
766 3232 845 3288 nullo
866 3232 988 3308 imperio
1009 3232 1076 3306 cogi
1097 3250 1194 3306 posse.
1213 3232 1302 3287 *Bona

252 3359 306 3398 sua
326 3339 496 3406 venderent,
533 3338 564 3392 in
585 3356 723 3411 corpora,
752 3357 816 3412 quae
838 3339 951 3412 reliqua
971 3350 1077 3407 essent,
1110 3336 1255 3402 saevit-enm
1276 3351 1301 3387 ne

222 3446 328 3502 lunda
351 3444 531 3502 redimantur
552 3442 683 3516 quidem,
713 3443 867 3518 quicquam
890 3461 1051 3516 superesse
1104 3443 1178 3499 Haec
1203 3459 1258 3496 non
1279 3437 1299 3491 ir

252 3548 381 3620 occulto,
408 3548 459 3605 sed
481 3548 633 3622 propalam
655 3547 684 3604 in
708 3547 774 3605 loro
797 3558 884 3623 atque
906 3546 997 3604 oculis
1017 3547 1148 3620 ipsorum
1171 3544 1298 3604 consulum

251 3654 351 3728 ingens
380 3654 466 3710 turba
496 3651 661 3710 circumfusi
689 3651 865 3722 fremebam
895 3671 948 3710 nec
978 3670 1028 3708 eos
1057 3653 1161 3710 sedare
1187 3648 1298 3708 consules

222 3762 328 3817 8nunc
349 3758 534 3832 castigando,
565 3776 641 3814 nunc
670 3758 847 3816 consolando
868 3767 1013 3835 poterant.
1061 3757 1194 3832 Spatium
1214 3753 1297 3811 deiude

251 3862 287 3918 iis
315 3861 403 3918 tridui
424 3881 456 3918 se
477 3863 547 3919 dare
577 3864 614 3920 ad
636 3862 821 3938 cogitandum
844 3864 992 3932 dixerunt3
1033 3881 1092 3938 quo
1122 3863 1176 3938 ipsi
1196 3861 1230 3917 ad
1248 3875 1296 3916 reu

221 3966 459 4040 ttiuspioiendam
488 3975 514 4022 ct
542 3967 751 4041 expediendam
783 3967 827 4023 usi
849 3975 923 4026 sunt.
972 3966 1113 4026 Senatum
1133 3974 1242 4042 postero
1260 3963 1295 4016 die
