2748 4556
307 267 362 324 tat
439 328 442 334 ,
568 263 764 318 utberxxrx.
801 264 1008 327 (arasse.)

213 454 248 508 ll
262 459 294 508 ut
316 449 415 507 volens
436 449 619 525 propitiaque
646 451 745 506 urbam
768 450 931 507 Romanam
959 449 1059 518 iniret,
1090 450 1119 506 in
1138 450 1238 506 aedem
1260 449 1327 504 Vic-

264 555 354 626 torioe,
377 573 440 630 qua
462 564 506 613 est
525 555 554 612 in
573 553 699 625 Palatio,
722 553 864 629 pertulere
886 553 969 612 deam
992 554 1086 630 pridie
1107 556 1172 612 idas
1192 555 1327 629 Aprilem

262 661 345 736 isque
374 661 435 718 dies
464 659 554 718 festus
582 660 646 718 tuit.
704 661 836 735 Populus
870 659 1006 735 frequens
1044 661 1124 717 dona
1155 663 1222 718 dere
1259 659 1326 725 tulit,

264 765 524 841 lectisterniumque
550 774 578 822 ct
600 766 660 824 ludi
685 765 775 838 fuere,
796 767 956 843 Megalesia
977 766 1134 842 appellata.

169 869 210 938 15
347 871 442 945 Quum
464 870 500 926 de
525 868 722 943 supplemento
744 871 898 946 legionum,
924 891 987 947 quaa
1009 874 1038 931 in
1056 871 1220 948 provinciis
1239 879 1324 936 mant,

267 985 410 1050 ageretur,
430 985 542 1049 tempus
564 993 627 1032 esse
648 993 667 1030 a
689 975 859 1049 quibusdam
882 978 1064 1034 senatoribus
1087 978 1253 1034 subiectum
1278 984 1326 1039 est,

267 1100 331 1158 quse
353 1081 447 1139 dubiis
468 1082 497 1138 in
519 1079 605 1136 rebus
623 1083 767 1154 utcunque
790 1081 913 1138 tolerata
934 1095 1037 1153 essent,
1060 1103 1106 1155 ea,
1130 1084 1254 1158 dempto
1272 1080 1321 1136 iam

235 1187 383 1247 2tandem
424 1188 508 1245 deum
545 1183 721 1260 benignitate
753 1195 845 1258 metu,
884 1205 941 1244 non
973 1189 1049 1244 ultra
1081 1189 1154 1264 pati.
1216 1187 1322 1245 Erectis

267 1293 482 1368 exspectatione
499 1291 638 1367 putribus,
660 1291 850 1361 subiecerunt,
872 1293 1000 1350 colonias
1019 1295 1141 1351 Latinas
1163 1293 1321 1350 duodecim.

268 1415 332 1473 quae
364 1398 400 1472 Q.
425 1397 519 1455 Fabio
553 1405 582 1454 sl
614 1396 650 1469 Q.
679 1397 784 1453 Fulvio
820 1398 985 1456 consulibus
1018 1401 1189 1457 abnuissent
1225 1397 1321 1454 milites

268 1504 353 1574 dare,
383 1521 432 1560 eas
455 1521 560 1560 anuum
582 1503 641 1559 iam
662 1500 753 1559 ferme
773 1511 886 1561 sextum
908 1506 1090 1563 vacationem
1113 1505 1225 1562 militiae
1246 1503 1320 1577 quasi

237 1608 386 1669 dhouoris
416 1617 446 1664 et
474 1607 605 1665 beneficii
634 1626 723 1664 causa
750 1608 872 1680 habere,
907 1629 994 1684 quum
1026 1612 1142 1668 interim
1165 1611 1238 1667 boni
1261 1611 1320 1664 obe·

269 1713 436 1788 clientesque
459 1714 530 1770 socii
551 1732 605 1788 pro
628 1714 685 1769 fide
706 1724 793 1788 atque
809 1715 948 1790 obsequio
962 1717 992 1772 in
1007 1717 1147 1792 populum
1159 1718 1320 1773 Romanum

239 1818 410 1881 leontinuis
439 1819 565 1876 omnium
594 1838 734 1877 annorum
767 1819 916 1878 dilectibus
946 1823 1079 1879 exhausti
1105 1829 1211 1878 essent.
1267 1819 1320 1877 Sub
1362 1813 1363 1822 ἶ

269 1926 345 1983 hauc
369 1943 469 1982 vocem
499 1943 556 1981 non
579 1925 718 1982 memoria
740 1926 832 2000 magis
855 1927 987 2002 patribus
1007 1934 1149 1983 renovata
1170 1925 1214 1982 rei
1237 1942 1321 2000 prope

239 2031 327 2093 biam
343 2031 523 2102 oblitterata,
545 2049 627 2105 quam
646 2033 690 2087 ira
708 2033 819 2088 irritata
836 2042 886 2092 est.
923 2033 1028 2108 Itaque
1041 2033 1113 2091 nihil
1125 2032 1206 2107 prius
1218 2030 1320 2088 referre

157 2186 161 2197 .
259 2136 400 2194 'consulas
423 2137 501 2212 passi
526 2137 729 2208 decreverunt,
758 2148 789 2194 ut
813 2139 944 2196 consules
970 2139 1156 2215 magistratus
1178 2137 1319 2209 denosque

270 2243 412 2318 principes
433 2243 560 2316 Nepete,
582 2241 694 2312 Sutrio,
722 2243 840 2314 Ardea,
873 2243 1006 2314 Calibus,
1038 2245 1135 2315 Alba,
1170 2241 1319 2310 Carseolis,

270 2346 357 2418 Sora,
379 2347 495 2420 Suessa,
517 2347 607 2419 Setia,
628 2347 758 2419 Circeiis,
780 2350 909 2420 Narnia,
933 2351 1101 2407 Interamna
1122 2347 1181 2428 (has
1200 2367 1319 2423 namque

240 2452 391 2516 6coloniae
423 2452 452 2508 iu
480 2472 516 2511 ea
544 2472 632 2511 causa
654 2453 748 2530 erant)
767 2457 891 2512 Romam
914 2455 1054 2525 excirent;
1086 2456 1121 2513 iia
1143 2455 1317 2530 imperarent,

273 2569 411 2635 quantum
435 2579 556 2635 quasque
578 2579 676 2617 earum
698 2561 880 2618 coloniarum·
897 2561 1016 2618 militurn
1032 2561 1185 2636 plurimum
1201 2561 1316 2617 dedisset

271 2665 379 2740 populo
403 2668 554 2738 Romano,
586 2685 623 2722 ex
645 2685 703 2740 quo
725 2668 824 2724 hostes
847 2667 877 2724 in
898 2667 985 2724 Italia
1006 2675 1120 2736 essent,
1149 2665 1313 2741 duplicatum

273 2772 332 2829 eius
365 2790 485 2830 summae
517 2791 667 2830 numerum
699 2773 827 2847 peditum
862 2775 943 2831 daret
980 2783 1008 2829 et
1047 2773 1159 2848 equites
1192 2783 1313 2828 centenos

242 2879 402 2949 lviceuos3
433 2879 457 2936 si
489 2898 547 2954 qua
576 2897 640 2936 eurn
666 2897 816 2936 numerum
845 2879 971 2952 equitum
1001 2877 1118 2952 explere
1140 2897 1198 2935 non
1219 2887 1312 2954 posset

271 3004 325 3060 pro
357 2984 452 3059 equite
479 3003 537 3041 uno
563 2995 621 3042 tres
649 2984 759 3059 pedites
785 2985 884 3042 liceret
911 2984 995 3054 dare3
1026 2982 1138 3058 pedites
1160 2984 1311 3058 equitesque

273 3108 359 3164 quam
394 3089 609 3164 locupletissimi
648 3091 824 3166 legerentur,
868 3090 1123 3163 mitterenturque,
1165 3090 1311 3162 ubicunque

242 3196 356 3252 8extra
384 3194 499 3252 Italiam
531 3195 728 3270 supplemento
758 3214 831 3272 opus
861 3203 945 3254 esset.
992 3192 1023 3252 Si
1053 3195 1103 3267 qui
1133 3214 1170 3251 ex
1190 3195 1225 3252 iis
1244 3211 1310 3251 recu·
1363 3201 1364 3210 ¹

272 3307 384 3371 serent,
418 3299 534 3357 retineri
565 3301 625 3358 eius
655 3301 774 3358 colonia
800 3302 985 3377 magistratus
1011 3299 1184 3374 legatosque
1205 3300 1309 3376 plaeere

274 3425 381 3481 neque,
412 3407 437 3464 si
465 3405 661 3482 postularent,
696 3417 825 3465 senatum
867 3408 945 3478 dari,
980 3405 1150 3481 priusquam
1185 3408 1309 3483 imperate

243 3511 419 3572 biecissent.
469 3511 647 3586 Stipendium
681 3523 820 3587 praeterea
852 3515 887 3570 iis
925 3511 1043 3571 coloniis
1076 3511 1105 3567 in
1139 3511 1229 3569 millia
1259 3511 1308 3568 aris

275 3633 355 3674 asses
377 3617 504 3692 singulos
525 3618 660 3694 imperari
689 3620 823 3695 exigique
845 3619 1014 3694 quotannis,
1046 3635 1222 3692 censumque
1240 3615 1307 3673 iniis

226 3725 261 3779 10
275 3721 394 3778 coloniis
423 3722 470 3798 agi
500 3743 536 3780 ex
565 3697 691 3784 formula
723 3727 759 3782 ab
785 3727 925 3783 Romanis
951 3724 1118 3782 censoribus
1148 3723 1232 3793 data;
1259 3718 1306 3778 dari

260 3835 373 3884 ,autem
396 3827 510 3903 plaeere
532 3831 651 3888 eandem
674 3851 761 3906 quam
782 3832 890 3908 populo
912 3831 1061 3898 Romau03
1083 3828 1244 3905 deferrique
1261 3831 1305 3887 lta

277 3951 355 3990 mam
378 3934 416 3990 ab
437 3933 538 3991 iuratis
559 3938 724 3995 censoribus
747 3936 941 4008 coloniarum,
968 3936 1137 4010 priusquam
1161 3936 1306 4010 magistratu

225 4042 255 4094 ll
280 4039 400 4096 abirent.
447 4039 494 4096 Ex
515 4041 571 4096 hoc
593 4052 708 4100 senatus
738 4044 868 4101 consulto
903 4042 1000 4100 accitis
1030 4043 1157 4100 Romam
1180 4041 1307 4117 megisba·
