2748 4556
377 257 454 306 Liber
471 257 556 306 xxx,
593 256 640 321 (Α.
655 255 703 306 ch.
717 258 789 320 aaa)
1005 256 1064 314 265

11 439 249 498 infestioribus
275 442 348 500 locis
377 450 533 518 tempestas
560 441 664 498 adorta
690 441 802 499 disiecit
831 441 962 501 classem.
1008 441 1138 498 Multaeb

15 557 199 622 quassatae
228 549 470 622 armamentisque
491 547 622 623 spoliatae
643 565 741 618 naves,
764 547 895 622 quadam
916 545 1032 615 iractae3
1066 546 1108 603 ita

15 663 154 710 vexata
178 671 216 711 ac
238 654 366 711 lacerata
388 652 488 709 classis
500 650 620 710 Carales
642 653 740 710 tenuit.
787 653 848 713 Ubi
872 653 939 708 dum
961 651 1108 708 subductae

18 758 217 815 reficiuntur
252 777 358 829 naves,
410 759 501 816 hiems
544 759 688 834 oppressit
733 759 994 833 circumactumque
1041 759 1109 815 anni

22 875 182 940 tempus,
221 871 249 920 et
276 865 354 922 nullo
376 873 553 941 prorogante
575 865 727 940 imperium
749 864 879 940 privatus
901 864 948 922 Ti.
969 862 1107 922 Claudius

25 970 171 1028 classem
187 971 313 1028 Romam
335 971 457 1027 reduxit.
505 971 547 1027 M.
570 970 718 1042 Servilius,
744 989 781 1027 ne
810 971 989 1029 comitiorum
1019 975 1136 1028 causat

27 1076 76 1132 ad
105 1076 216 1132 urbem
237 1084 438 1146 revocaretur,
460 1077 600 1134 dictatore
622 1077 698 1134 dicto
720 1074 753 1134 C.
776 1075 899 1136 Servilio
922 1076 1056 1147 Gemino,
1077 1078 1107 1134 iu

28 1182 231 1256 provinciam
268 1191 312 1240 est
343 1181 507 1256 profectus3
549 1182 673 1240 dictator
710 1183 878 1257 magistrum
914 1182 1040 1257 equitum
1072 1185 1107 1242 P.

31 1287 161 1344 AElium
185 1289 298 1345 Paetum
322 1287 402 1344 dixit.
446 1288 530 1362 Saepe
551 1287 668 1345 comitia
682 1287 790 1345 indicta
806 1289 903 1363 perfici
923 1291 1137 1363 tempestates5

33 1383 291 1468 prohibuerunt3'
311 1393 410 1467 itaque
432 1410 520 1466 quum
541 1394 634 1468 pridie
654 1393 718 1450 idus
740 1395 861 1451 Martias
882 1403 994 1452 veteres
1015 1395 1106 1470 magi·

36 1508 158 1555 stratus
189 1499 332 1567 abissent,
367 1497 436 1554 novi
463 1497 575 1556 suffecti
602 1518 661 1556 non
688 1511 798 1571 essent,
834 1519 880 1562 res
909 1499 1025 1575 publica
1046 1499 1107 1556 sine
1203 1491 1206 1497 ⁵

39 1604 198 1661 curulibus
219 1603 435 1677 magistratibus
457 1613 528 1662 erat.

132 1711 172 1770 Τ.
197 1708 324 1768 Manlius
355 1710 522 1784 Torquatus
554 1710 685 1786 pontifex
721 1730 755 1770 eo
789 1732 864 1770 anuo
900 1722 1043 1781 mortuus;
1078 1711 1138 1768 inii

41 1816 145 1872 locum
184 1816 245 1874 eius
276 1813 413 1898 suffectus
449 1814 482 1873 C.
511 1817 654 1892 Sulpicius
689 1816 797 1875 Galba.
849 1819 898 1876 Ab
931 1821 966 1879 L.
995 1818 1106 1876 Licinio

46 1921 174 1980 Lucullo
211 1932 239 1978 et
270 1921 306 1996 Q.
334 1922 439 1979 Fulvio
471 1921 599 1978 sedilibus
635 1923 780 1980 curulibus
815 1923 875 1981 ludi
912 1923 1037 1982 Romani
1063 1933 1107 1980 ter

44 2028 104 2086 toti
147 2028 308 2085 instaurati.
366 2028 523 2086 Pecuniam
563 2047 599 2084 ex
642 2028 745 2085 aerario
786 2029 887 2086 scribae
924 2025 1136 2104 viatoresque7

48 2132 165 2190 aedilicii
194 2134 267 2192 clam
296 2135 435 2210 egessisse
469 2153 521 2210 per
553 2134 675 2191 indicem
708 2136 837 2209 comperti
872 2135 1001 2192 damnati
1033 2147 1107 2204 sunt,

50 2257 111 2294 non
144 2239 205 2296 sine
236 2240 357 2298 infamia
390 2239 501 2296 Luculli
537 2240 637 2301 aedilis.
683 2241 718 2299 P.
741 2241 838 2298 AElius
865 2241 983 2298 Tubero
1017 2247 1045 2296 et
1072 2234 1138 2298 L.8

53 2345 195 2402 Laetorius
217 2348 313 2404 aediles
334 2345 427 2421 plebis
449 2345 520 2402 vitio
542 2346 631 2402 creati
654 2347 825 2422 magistratu
847 2365 878 2404 se
893 2346 1108 2414 abdicaverunt,

54 2469 142 2525 quum
165 2451 249 2508 ludos
273 2453 465 2526 ludorumque
486 2469 575 2508 causa
596 2451 712 2527 epulum
733 2453 802 2510 Iovi
819 2452 954 2510 fecissent
975 2460 1004 2508 et
1026 2451 1109 2526 signa

55 2555 112 2611 triu
146 2575 181 2612 ex
218 2556 377 2614 multaticio
417 2566 537 2631 argento
573 2556 652 2615 iacta
687 2559 716 2615 in
755 2556 899 2634 Capitolio
935 2557 1107 2634 posuissent.

58 2657 186 2717 Cerealia
211 2662 295 2719 ludos
324 2662 448 2720 dictator
475 2671 503 2719 et
530 2663 667 2738 magister
694 2664 821 2739 equitum
845 2684 881 2721 ex
902 2672 1019 2721 senatus
1036 2682 1108 2721 con-

59 2764 132 2820 sulto
152 2764 287 2824 fecerunt.

140 2872 240 2946 Legati
262 2893 299 2930 ex
311 2873 415 2932 Africa
435 2872 561 2932 Romani
582 2873 667 2930 simul
689 2873 998 2950 Carthaginiensesque
1020 2894 1106 2950 quum
1157 2871 1202 2938 40

62 2975 198 3033 venissent
223 2979 365 3050 Romam,
398 2990 515 3037 senatus
547 2980 585 3035 ad
618 2979 708 3035 adem
743 2979 871 3036 Bellona
901 2980 1017 3038 habitus
1056 2993 1108 3038 est.

64 3082 120 3142 Ubi
147 3101 230 3156 quum
251 3086 286 3141 L.
308 3085 446 3142 Veturius
468 3086 564 3154 Philo,
591 3093 750 3159 pugnatum
772 3103 836 3141 cum
859 3086 1024 3144 Hannibale
1046 3089 1137 3144 asael

66 3207 190 3262 suprema
214 3177 511 3266 Carthaginiensibus¹
532 3209 630 3267 pugna
661 3192 805 3264 finemque
839 3191 956 3248 tandem
993 3192 1108 3266 lugubri

67 3295 136 3352 bello
160 3294 333 3369 impositum,
360 3297 468 3372 ingenti
499 3296 598 3354 latitia
619 3305 734 3371 patrum
759 3296 955 3371 exposuisset,
995 3299 1137 3368 adiecit,3

70 3400 222 3458 Verminam
245 3401 331 3458 etiam
355 3379 496 3478 Syphacis
517 3403 621 3473 filium,
658 3421 722 3477 quae
750 3422 843 3478 parva
864 3404 937 3461 bene
957 3414 1045 3479 gestae
1066 3405 1108 3462 rei

71 3507 184 3562 accessio
204 3515 283 3575 erat,
315 3507 468 3564 devictum.
514 3507 549 3564 In
576 3507 737 3564 contionem
768 3507 884 3583 prodire
911 3509 1005 3566 iussus
1037 3528 1107 3584 gan-

72 3611 191 3685 diumque
224 3612 254 3668 id
285 3612 393 3688 populo
425 3613 579 3689 impertire.
633 3614 709 3669 Tum
743 3612 891 3688 patefacta
922 3615 1139 3689 gratulatiouil

74 3717 157 3776 omnia
174 3717 201 3774 in
231 3718 303 3774 urbe
331 3717 440 3793 templa
470 3719 750 3794 supplicationesque
778 3719 808 3775 in
829 3717 953 3778 triduum
977 3722 1107 3783 decreta.

53 3823 176 3898 legatis
202 3821 482 3898 Carthaginiensium
518 3834 546 3881 et
572 3825 700 3900 Philippi
730 3824 806 3900 regis
836 3821 918 3901 (narn
944 3826 965 3883 ii
992 3845 1108 3902 quoque

76 3929 206 4003 venerant)
228 3931 400 4004 petentibus,
421 3939 452 3987 ut
473 3938 590 3988 senatus
611 3931 666 3988 sibi
682 3931 813 4006 daretur,
835 3949 1004 4006 responsum
1028 3933 1107 3990 iussu

78 4044 171 4111 patrum
194 4037 231 4094 ab
252 4035 394 4094 dictatore
415 4045 476 4105 est,
503 4037 635 4094 consules
656 4055 749 4094 novos
770 4036 805 4093 iis
835 4046 967 4098 sertatum
989 4037 1108 4094 daturos
