2812 4556
761 245 797 288 Π

149 421 151 430 ’
248 425 332 500 quasi
359 424 504 481 communi
524 441 665 482 consensu
686 426 882 499 comprobatae
905 435 980 482 sunt.
1023 426 1102 482 Vere
1123 424 1239 498 quidem
1262 427 1319 499 qui

246 508 424 565 iudicaturus
451 502 509 577 est,
545 507 667 579 tenebit,
695 507 725 563 in
752 507 796 564 bis
827 507 925 564 decem
954 508 1035 565 libris
1064 507 1199 582 quicquid
1229 507 1321 565 aliter

248 598 336 665 atque
373 590 403 646 in
441 591 591 647 Puteaneo
637 591 793 658 scribatur,
844 590 874 645 id
913 609 998 647 omne
1039 600 1090 647 aut
1126 609 1224 647 errore
1262 599 1316 648 aut

248 674 414 730 coniectura
446 672 553 729 natum‘
579 689 658 742 esse,
697 672 835 745 qnoniam
866 672 938 729 nibil
971 693 1007 730 ex
1036 673 1096 730 alio
1127 672 1208 730 fonte
1235 672 1318 729 deri·

248 764 347 813 vatum
389 753 476 812 ceteri
515 753 628 812 codices
666 755 784 814 habent.
854 754 939 828 (Quae
969 755 1105 813 Hertzius
1136 753 1217 829 praefi
1253 755 1318 816 vol.

247 839 280 894 II
301 857 330 912 p.
358 837 432 894 VIa
462 837 498 893 de
522 837 634 893 lacunis
660 837 773 911 aliquot
813 857 869 906 ,ex
899 838 1024 912 genuino
1053 837 1133 894 fonte
1155 838 1320 908 ¹Puteaneo
1396 883 1397 906 ,

246 921 394 994 pleniore‘⁴
433 919 463 975 in
504 919 692 976 deterioribus
736 919 882 977 codicibus
920 921 1059 995 suppletis
1088 919 1218 993 scripsit,
1253 920 1317 977 iem

248 1021 321 1073 non,
343 1001 462 1076 opinor,
496 1001 666 1059 defensurus
699 997 790 1076 est.)¹)
826 1003 861 1059 In
891 1003 1036 1060 nonnullis
1062 1002 1133 1060 locis
1165 1021 1183 1058 a
1215 1003 1319 1060 Weis-

246 1083 395 1142 senbornii
438 1084 635 1160 recognitione
686 1085 852 1160 discrepans
905 1103 968 1143 cum
1017 1094 1118 1142 nostra
1167 1073 1318 1159 conspiret

249 1165 362 1224 Hertzii
382 1166 412 1223 in
435 1167 568 1242 exemplo
590 1167 821 1224 Tauchnitziano
843 1167 883 1240 (a.
909 1165 1010 1242 1860),
1041 1168 1252 1242 conspiratura,
1283 1177 1321 1224 ut

250 1257 374 1325 apparet
394 1249 514 1324 ipseque
535 1250 695 1324 profitetur,
724 1250 754 1305 in
772 1250 858 1326 longe
879 1250 1028 1324 pluribus,
1050 1251 1075 1306 si
1097 1249 1319 1306 emendationes

249 1342 365 1389 nostras
388 1343 455 1389 ante
479 1332 642 1390 absolutum
665 1333 722 1389 hoc
744 1349 803 1389 suae
825 1332 958 1389 editionis
987 1333 1122 1389 volumen
1145 1331 1319 1406 accepisset.

249 1415 284 1471 In
308 1415 371 1471 aliis
400 1414 507 1471 nollem
522 1433 592 1471 sane
614 1415 749 1471 Hertzius
772 1415 1042 1472 aWeissenbornio
1065 1425 1094 1472 et
1115 1414 1317 1489 superioribus

250 1497 441 1566 discessisset;
464 1496 661 1554 velutffstatim
683 1497 734 1572 lib.
757 1496 847 1566 XXI,
872 1499 899 1565 2,
927 1501 944 1554 6
966 1515 1024 1554 non
1047 1506 1218 1572 putaveram
1241 1496 1319 1567 fore,

251 1580 300 1653 qui
326 1579 431 1654 pusillo
458 1579 643 1637 librariorum
671 1598 769 1636 errore
800 1582 944 1653 (interfecit
966 1599 1021 1653 pro
1050 1579 1194 1653 interfecta)
1217 1588 1317 1636 motus

249 1663 327 1719 hunc
348 1662 434 1719 Livio
457 1662 625 1719 obtruderet
646 1663 802 1719 verborum
825 1663 969 1719 ordinem:
1003 1663 1140 1718 barbarus
1172 1680 1231 1718 enm
1253 1666 1318 1736 qui-

251 1745 317 1802 dam
335 1746 434 1818 palum
464 1745 496 1802 od
517 1747 589 1801 iram
610 1745 743 1817 interfecit
769 1746 805 1802 ab
827 1764 857 1801 eo
879 1746 983 1802 domini
1001 1746 1165 1815 obtruncati,
1188 1743 1275 1800 simul
1298 1765 1319 1801 a

249 1829 346 1901 pulum
381 1837 410 1883 et
444 1827 536 1884 atroci
578 1827 696 1884 barbari
733 1826 878 1898 facinore,
921 1828 957 1884 de
1000 1847 1058 1902 quo
1097 1845 1173 1884 nunc
1210 1826 1319 1901 agitur,

250 1920 363 1967 remoto
397 1910 578 1966 obtruncandi
608 1910 699 1967 verbo
730 1919 759 1966 et
780 1910 819 1967 ad
840 1911 1055 1968 Hasdrubalem
1078 1908 1233 1979 translato,
1266 1910 1318 1983 qui

251 1992 313 2048 sine
339 1992 426 2050 dubio
448 1992 613 2067 Hispanum
644 1991 781 2066 imperio,
813 2011 871 2050 non
900 2011 987 2050 manu
1008 1991 1200 2050 interiecerat.
1243 1992 1320 2048 Haec

251 2075 339 2131 tacite
380 2075 625 2149 praetermiaimus.
687 2075 942 2133 Weissenbornius
982 2076 1011 2132 in
1057 2075 1149 2132 altera
1191 2074 1320 2131 editione

251 2157 390 2214 librorum
423 2156 688 2214 Xle-XXVI
718 2175 786 2214 usus
814 2158 1061 2216 emendationibus
1088 2157 1159 2214 meis
1181 2166 1225 2213 est
1246 2174 1317 2213 con·

251 2239 435 2314 iacturasque
464 2239 575 2312 aliquot
607 2256 687 2296 meas
718 2239 747 2295 in
779 2249 916 2297 contextu
945 2241 1057 2314 posuit,
1091 2240 1164 2296 alias
1198 2239 1228 2296 in
1263 2257 1319 2296 an·

251 2316 400 2379 notatione
431 2322 493 2378 sine
525 2322 655 2378 dissensu
692 2323 948 2391 commemoravit,
984 2340 1041 2378 non
1073 2323 1115 2378 ita
1133 2330 1256 2396 pauca,
1286 2322 1317 2379 in

252 2404 356 2478 quibus
380 2423 444 2478 ego,
466 2404 563 2478 priore
585 2403 646 2461 eius
668 2404 774 2461 iudicio
797 2405 972 2479 improbato,
994 2405 1174 2478 superiorum
1197 2405 1319 2460 inventa

249 2486 395 2542 iudiciave
431 2487 702 2560 commendaveram
737 2496 788 2543 ant
820 2487 907 2544 etiam
945 2486 1010 2560 ipse
1041 2486 1155 2543 minora
1182 2487 1317 2560 quaedam

251 2568 361 2643 primns
376 2587 554 2637 monueram,
576 2568 663 2626 tacite
679 2569 716 2624 ad
737 2569 817 2625 illum
840 2569 956 2625 modum
973 2569 1107 2639 correxit,
1130 2579 1162 2624 ut
1183 2568 1318 2626 videatur

252 2651 321 2707 mihi
351 2651 380 2708 in
401 2651 572 2726 praefatione
595 2649 783 2708 offensionem
807 2651 896 2707 animi
916 2650 1004 2726 paulo
1035 2651 1128 2706 minus
1152 2651 1319 2724 significare

252 2733 400 2803 debuisse;
425 2752 480 2808 ego
494 2734 560 2792 ideo
583 2742 692 2790 tantum
715 2733 772 2788 hoc
794 2733 991 2790 annotandum
1014 2732 1061 2790 hic
1079 2732 1190 2808 putavi,
1213 2730 1250 2789 n'a
1271 2733 1318 2803 iis,

253 2816 303 2890 qui
333 2816 425 2874 altera
445 2815 665 2874 Weissenborni
688 2814 814 2872 editione
846 2824 1002 2885 uterentur,
1034 2815 1174 2872 inutiliter
1204 2815 1256 2872 illa
1286 2816 1317 2872 in

252 2898 485 2959 emendationum
505 2899 580 2957 libro
603 2907 632 2954 et
646 2897 825 2972 negligenter
845 2899 977 2973 posuisse
997 2893 1150 2971 viderent)
1194 2895 1317 2955 Coniec-

252 2991 382 3038 turarum
410 2999 501 3056 nuper
528 2982 565 3038 ab
594 2979 657 3037 aliis
685 2980 838 3050 factarum,
869 2980 996 3037 maxime
1017 2980 1047 3036 in
1068 2980 1171 3036 libellis
1202 2980 1316 3037 schola-

252 3064 331 3120 sticis
349 3072 378 3119 et
394 3065 531 3131 censuris,
552 3062 698 3132 indicium,
720 3071 752 3118 ut
782 3062 812 3118 in
844 3062 993 3137 superiore
1022 3062 1178 3133 volumine,
1214 3063 1255 3120 sic
1285 3063 1317 3120 in

251 3146 307 3202 boc
337 3163 453 3218 quoque
485 3164 563 3220 sapa
590 3144 829 3201 Weissenbornio
859 3154 888 3201 et
915 3145 1040 3220 plurium
1076 3146 1163 3203 etiam
1193 3144 1317 3202 Hertnio

252 3228 399 3286 debemus.
442 3225 517 3285 Sunt
537 3227 625 3302 igitur
645 3227 690 3284 hae

293 3557 318 3625 ¹)
336 3561 450 3610 Minores
474 3560 590 3624 quaedam
617 3559 787 3609 correctiones
813 3573 860 3623 per
883 3561 1007 3610 editiones
1036 3566 1185 3625 propagatae
1219 3561 1317 3624 reperi-

338 3637 447 3679 anturne
464 3631 490 3678 in
510 3630 694 3678 recentioribus
719 3630 851 3678 codicibus
869 3633 913 3678 ant
931 3631 957 3678 in
977 3631 1106 3679 nonnullis
1125 3643 1227 3687 eornm,
1247 3628 1315 3677 diffi-

339 3701 386 3750 cile
405 3699 475 3748 dictu
491 3708 538 3757 est,
557 3699 617 3763 quia
639 3713 731 3762 parurn
749 3705 806 3747 tuto
828 3699 1032 3748 Drakenborebii
1051 3699 1153 3748 silentio
1174 3698 1291 3747 creditur.

292 3787 317 3856 ⁹)
335 3791 397 3840 vid,
416 3791 442 3838 in
461 3790 505 3838 lib.
519 3789 611 3840 XXIV
625 3805 646 3839 c.
663 3795 685 3849 1,
702 3796 732 3839 13
752 3790 824 3853 (Em.
837 3805 860 3853 p.
875 3791 946 3852 257),
978 3795 1002 3847 8,
1020 3795 1049 3838 18
1069 3790 1154 3852 (257),
1174 3794 1197 3849 9,
1227 3795 1255 3837 11
1274 3789 1314 3840 bis

339 3860 475 3923 (1151),
507 3865 546 3919 10,
573 3865 601 3908 11
623 3859 715 3923 (111),
742 3864 930 3919 20,14et15
956 3859 1042 3922 (ara),
1069 3864 1110 3917 11,
1133 3858 1241 3921 1(11),
1270 3864 1315 3918 aa,

339 3935 353 3978 6
375 3929 550 3992 (1711211111
570 3945 627 3978 cam
647 3943 703 3978 esse
722 3930 926 3979 emendationem
945 3928 1118 3991 ignorabam),
1141 3934 1183 3987 st,
1205 3933 1235 3976 12
1249 3927 1313 3990 (279

339 3999 393 4061 a),
421 4003 463 4058 sa,
485 4005 495 4047 1
517 3999 659 4062 (111111),
684 4003 761 4060 11,1
784 4006 810 4049 et
829 4001 841 4049 ⁷
862 3999 937 4062 (111,
958 3999 1093 4061 111),15,
1116 4003 1147 4046 11
1168 3995 1314 4061 (111),16,
