2812 4556
377 255 455 306 Liber
472 255 545 306 XXI.
584 257 628 315 (A.
642 253 689 304 ch.
704 259 775 314 218.)
1027 261 1065 316 37

29 445 73 494 est
95 438 161 496 iam
179 441 321 514 opulenta
343 457 397 496 vos
418 457 453 498 ae
475 439 547 497 ditia
568 433 712 514 stipendis
725 437 823 496 iacere
838 447 866 495 et
882 458 991 516 magna
1005 461 1103 518 operas

28 545 129 616 pretia
157 546 280 618 mereri,
314 554 427 602 tantum
456 543 565 602 itineris
597 563 651 620 per
678 553 722 603 tot
744 553 856 602 montes
879 546 1058 623 fluminaque
1079 558 1109 607 et

28 657 74 706 tot
112 659 250 710 armatas
280 661 382 726 gentes
410 668 551 708 emensos.
598 649 657 708 Hic
684 650 768 708 vobis
795 650 948 708 terminum
971 652 1105 711 laborum
1123 659 1160 714 tu

28 754 155 814 fortuna
178 757 273 828 dedit3
294 757 343 815 hic
364 758 480 834 dignam
507 756 670 814 mercedem
697 756 823 813 emeritis
845 756 995 832 stipendiis
1017 758 1108 820 dabit.

29 861 108 934 Nec,
137 881 229 937 quum
257 864 357 938 magni
385 863 509 920 nominis
536 861 644 919 bellum
666 870 724 932 est,
756 869 816 918 tam
839 847 985 920 difficilem
1009 865 1109 922 existi·
1125 869 1158 924 ll

29 969 149 1026 maritis
183 969 339 1026 victoriam
369 967 446 1038 fore3
478 975 605 1043 saepest
631 975 814 1042 contemptus
842 967 934 1024 hostis
959 979 1108 1029 cruentum

30 1083 188 1132 certamen
222 1075 313 1132 edidit
351 1082 379 1130 et
407 1073 497 1130 incliti
524 1072 625 1148 populi
646 1089 788 1148 regesque
817 1073 927 1149 perlevi
960 1082 1107 1132 momento

31 1181 105 1238 victi
134 1190 212 1241 sunt.
257 1182 337 1239 Nam
365 1181 482 1256 dempto
511 1179 568 1234 hoc
595 1197 653 1235 uno
681 1176 796 1253 fulgore
823 1178 948 1236 nominis
970 1178 1106 1250 Romani,
1123 1182 1160 1238 12

32 1287 107 1360 quid
131 1296 186 1357 est,
209 1307 261 1345 cur
281 1285 323 1342 illi
343 1285 427 1342 vobis
447 1283 637 1359 comparandi
659 1281 737 1341 sint?
768 1284 811 1342 Ut
838 1283 940 1359 viginti
963 1303 1105 1342 annorum
1124 1289 1159 1345 13

35 1393 171 1450 militiam
194 1401 323 1450 vestram
345 1407 410 1446 cum
433 1388 483 1446 illa
512 1389 632 1459 virtute,
663 1407 728 1446 eum
758 1389 808 1445 illa
837 1389 955 1447 fortune
984 1398 1107 1461 taceam,

36 1500 76 1553 ab
92 1499 230 1557 Herculis
253 1476 403 1566 columnis,
426 1495 463 1552 al)
483 1493 602 1553 Oceano
624 1495 813 1570 terminisque
834 1494 941 1552 ultimis
962 1504 1104 1552 terrerum

38 1621 91 1676 per
122 1612 168 1660 tot
196 1595 393 1660 ferocissimos
419 1601 571 1677 Hispanias
603 1610 632 1658 et
664 1599 770 1658 Galliae
802 1601 926 1677 populos
958 1601 1107 1666 vincentes

40 1708 96 1764 huc
107 1709 295 1783 pervenistis3
317 1707 482 1782 pugnabitis
505 1725 569 1764 cum
585 1706 713 1764 exercitu
735 1707 837 1778 tirone,
851 1709 908 1765 hac
921 1707 986 1783 ipsa
1007 1717 1108 1767 aestete
1124 1707 1159 1762 ll

41 1831 123 1886 caeso,
145 1815 235 1883 victo,
258 1815 447 1871 circumsesso
470 1831 488 1868 a
510 1811 614 1881 Gallis,
645 1811 747 1886 ignoto
770 1811 865 1869 adhuc
893 1814 959 1871 duci
987 1832 1041 1872 suo
1061 1815 1107 1889 ig·

43 1921 215 1995 norantique
237 1921 350 1980 ducem.
396 1920 446 1976 An
468 1937 514 1975 me
535 1918 565 1974 in
585 1915 723 1993 praetorio
746 1917 853 1990 patris,
877 1917 1029 1975 clarissimi
1052 1919 1107 1976 im·
1124 1917 1160 1970 15

42 2027 200 2096 peratoris,
223 2044 318 2101 prope
339 2032 454 2094 netum,
482 2031 559 2081 certe
580 2024 730 2091 eductum,
762 2021 935 2079 domitorem
957 2024 1109 2099 Hispaniae

46 2128 220 2204 Galliasque,
249 2129 389 2186 victorem
412 2128 535 2185 eundem
565 2145 624 2184 non
646 2127 821 2202 Alpinarum
851 2127 940 2185 modo
969 2128 1107 2202 gentium,

49 2236 96 2290 sed
116 2236 258 2311 ipsarum,
289 2235 367 2309 quod
389 2233 479 2291 multo
507 2233 600 2289 maius
630 2241 688 2300 est,
719 2232 858 2307 Alpium,
888 2250 952 2290 cum
976 2234 1109 2291 semestri

48 2339 101 2396 hoo
132 2339 280 2398 conferam
315 2341 403 2409 duce,
436 2339 582 2396 desertore
624 2337 766 2394 exercitus
797 2336 861 2395 sui?
897 2338 951 2398 Cui
969 2329 1007 2397 ‘si
1043 2341 1107 2415 quis
1124 2336 1161 2392 16

50 2444 166 2520 demptis
188 2445 277 2522 signis
292 2447 401 2502 Poenos
416 2446 626 2518 Romanosque
638 2444 726 2501 hodie
743 2445 886 2516 ostendat,
908 2447 1108 2522 ignoraturum

51 2559 153 2607 certum
185 2552 296 2622 habeo,
328 2550 421 2608 utrius
452 2549 595 2607 exercitus
625 2549 663 2606 sit
677 2543 679 2546 ’
692 2549 801 2605 consul.
853 2549 923 2608 Non
954 2570 1009 2628 ego
1036 2553 1108 2610 illud
1124 2549 1159 2602 ¹7

51 2656 131 2727 parvi
150 2658 269 2726 aestimo,
291 2656 405 2724 milites,
428 2655 506 2730 quod
523 2671 610 2710 nemo
632 2662 676 2710 est
696 2662 834 2723 vestrum,
857 2656 937 2713 cuius
960 2676 1019 2714 non
1041 2668 1109 2716 ente

54 2759 146 2816 oculos
165 2761 227 2836 ipse
251 2779 328 2837 saepe
357 2761 481 2818 militare
508 2757 627 2832 aliquod
649 2758 787 2816 ediderim
815 2758 941 2831 facinus,
976 2763 1022 2820 cui
1048 2783 1107 2821 non

55 2861 124 2919 idem
146 2883 198 2940 ego
220 2867 335 2924 virtutis
356 2872 503 2940 spectator
525 2881 560 2920 ac
588 2863 669 2919 testis
691 2873 793 2922 notata
819 2867 997 2942 temporibus
1019 2869 1108 2926 locis·

56 2984 108 3039 que
127 2969 230 3028 referre
257 2989 311 3026 sua
340 2969 449 3044 possim
472 2969 587 3028 decora.
638 2967 711 3025 Cum
741 2970 868 3028 laudetis
895 2991 914 3028 a
935 2992 981 3030 me
1004 2975 1107 3033 millies
1124 2971 1160 3028 18

55 3071 224 3150 donatisque,
255 3076 388 3132 alumnus
410 3073 490 3150 prius
520 3074 647 3131 omnium
669 3085 797 3133 vestrum
824 3097 912 3153 quam
940 3079 1108 3156 imperator,

55 3181 199 3248 procedam
233 3184 261 3237 in
294 3181 384 3237 aciem
412 3180 552 3236 adversus
583 3181 700 3255 ignotos
720 3181 798 3238 inter
818 3201 849 3240 se
874 3183 1108 3261 ignorantesque.

60 3280 225 3359 Quocunque
239 3285 401 3343 circumtuli
423 3284 531 3355 oculos,
553 3285 640 3359 plena
661 3287 759 3343 omnia
780 3287 866 3346 video
889 3291 1051 3350 animorum
1073 3313 1109 3352 uc
1161 3278 1206 3347 44

59 3387 168 3459 roboris,
188 3398 356 3448 veteranum
378 3390 515 3466 peditem,
537 3391 824 3464 generosissimarum
846 3395 973 3468 gentium
996 3398 1108 3471 equites

62 3487 174 3550 frenatos
194 3495 427 3570 infrenatosque,
458 3511 513 3551 vos
542 3495 637 3552 socios
661 3497 843 3554 fidelissimos
865 3495 1137 3576 fortissimosque,2

61 3611 115 3666 ros,
128 3595 385 3675 Carthaginienses,
407 3619 495 3675 quum
509 3617 562 3674 pro
576 3601 681 3674 patris,
696 3611 756 3659 tum
773 3605 810 3660 ob
831 3604 903 3661 iram
919 3606 1107 3664 iustissimam

61 3711 232 3774 pugnaturos.
280 3701 436 3763 Inferimus
462 3704 568 3762 bellum
599 3705 768 3780 infestisque
797 3708 885 3782 signis
907 3707 1138 3768 descendimus3

49 3795 89 3858 'iu
107 3807 228 3881 Italiam,
250 3819 332 3866 tanto
355 3808 495 3867 audacius
516 3809 679 3886 fortiusque
710 3814 866 3886 pugnaturi
892 3832 979 3888 quam
1005 3815 1107 3886 hostis,

63 3919 157 3978 quanto
186 3915 280 3970 maior
308 3932 390 3989 spes,
423 3913 518 3971 maior
544 3924 588 3972 est
615 3915 728 3972 animus
756 3915 905 3974 inferentis
931 3917 990 3974 vim
1019 3937 1107 3992 quam

66 4015 182 4074 mentis.
227 4018 372 4075 Accendit
393 4027 534 4093 praeteree
548 4027 578 4076 et
598 4021 727 4078 stimulat
749 4023 861 4079 animos
878 4021 971 4092 dolor,
992 4021 1140 4092 iniuria,4
