2700 4426
438 157 515 208 une
527 159 627 208 xxvr.
665 160 712 223 (s.
726 156 774 210 au.
791 157 865 224 210.)
1025 214 1027 217 ,
1096 165 1131 220 tt
1205 230 1214 238 ,

110 345 257 412 rationem,
287 341 363 416 quod
387 343 422 398 ab
449 343 517 399 urle
540 345 714 417 potissimum
745 343 932 419 oppugnanda
967 344 1065 400 bellum
1096 356 1176 402 orsas

111 457 197 518 esset,
229 447 359 503 militibus
386 449 537 504 ostenderet
563 457 589 505 et
616 459 691 523 spem
714 448 856 523 potiunda
877 449 1043 506 cohortando
1057 453 1175 524 jaceret,

110 555 231 609 contime
251 552 387 609 aduocata
408 554 447 609 ita
466 553 611 609 disseruit:
654 552 725 622 „Aci
746 555 840 610 urbem
861 573 943 610 unam
964 557 1205 630 oppugnandam

110 661 136 714 si
163 661 225 732 quis
254 676 302 714 vos
331 657 466 714 adductos
495 658 597 728 credit,
629 661 763 731 ismapis
784 663 875 734 operis
895 663 980 717 vestri
1000 680 1083 734 quam
1105 681 1174 724 ema

110 764 221 820 lamenti
240 766 372 821 rationem
396 771 532 833 acuatum,
551 765 667 834 milites,
689 765 769 821 labet
778 786 789 829 ,·
811 765 1003 845 oppuqaalritis
1024 769 1093 822 enim
1113 786 1175 825 uere

108 871 206 925 maenia
234 874 316 926 unius
342 871 432 939 urbis,
465 870 515 926 secl
535 872 563 925 in
583 886 639 925 ana
660 868 727 925 urle
747 871 902 926 uniuersam
923 874 1047 944 ceperitis
1067 873 1173 948 Hispa-

109 977 191 1031 niam.
233 975 290 1031 Hic
314 985 377 1032 sunt
404 975 510 1032 absides
537 977 653 1032 omnium
681 974 810 1031 nobilium
835 993 929 1048 repam
944 979 1205 1054 populorumque‚4

110 1083 160 1155 qui
186 1081 268 1137 umal
295 1083 322 1137 in
339 1090 476 1156 potestate
498 1089 590 1137 uestra
615 1089 702 1148 erunt,
725 1081 858 1155 cntempla
880 1084 985 1149 omnia,
1023 1099 1084 1157 qua
1103 1102 1175 1141 nanc

108 1185 158 1241 sub
188 1184 459 1259 Carthaqiniensibus
498 1195 577 1255 sunt,
609 1188 637 1242 in
665 1185 795 1244 dicionem
824 1187 953 1252 tradent;
988 1188 1032 1244 tte
1054 1191 1204 1264 pecunia5

108 1293 193 1347 omnis
214 1291 344 1361 nostium,
366 1294 422 1348 sine
444 1304 500 1365 qua
521 1289 607 1365 neque
627 1291 670 1347 illi
688 1308 783 1364 perere
804 1290 903 1348 bellum
920 1303 1051 1366 possunt,
1067 1297 1175 1372 ,quippe

108 1397 158 1470 qui
185 1398 364 1454 mercenarios
396 1399 528 1454 enercitus
555 1396 646 1465 alant,
679 1405 705 1452 et
734 1415 795 1471 qua
817 1397 894 1453 nolis
914 1402 1031 1455 maaimo
1053 1403 1117 1457 usui
1135 1402 1176 1458 ad

108 1502 290 1558 copulandos
311 1504 415 1559 animos
437 1502 617 1559 barbarorum
639 1503 710 1568 erit3
742 1503 786 1559 lic
814 1512 955 1574 tormenta,
977 1522 1065 1575 artua,
1088 1504 1203 1563 omnisti

107 1615 264 1681 apparatus
299 1607 363 1662 belli
398 1616 452 1676 est,
486 1609 535 1681 qui
562 1609 644 1663 simul
669 1619 717 1664 aas
744 1611 859 1666 instruet
885 1618 911 1665 et
936 1608 1026 1666 lostes
1046 1611 1171 1672 nudabit.

106 1711 246 1767 Potiemur
264 1719 403 1785 praterea
431 1730 514 1786 qaam
529 1713 720 1786 pulcherrima
741 1715 998 1789 opulentissimaque
1018 1716 1093 1786 urle,
1116 1708 1201 1773 tarni

106 1819 344 1893 opportunissima,
354 1826 440 1891 porta
455 1819 569 1890 epmpia
591 1817 663 1877 unde
685 1827 761 1875 terra
783 1821 915 1894 marique,
941 1839 1002 1894 quae
1022 1820 1088 1876 belli
1106 1840 1171 1878 usus
1254 1850 1256 1853 ·

101 1931 228 1997 pascunt,
256 1922 482 1997 suppeditentur;
516 1941 577 1997 qua
609 1933 693 1997 qaum
714 1940 815 1997 mapna
839 1926 894 1998 ipsi
910 1924 1082 1996 latebimus,
1115 1933 1171 1981 tum

106 2029 301 2104 dempserimus
324 2028 445 2083 hostibus
466 2028 550 2083 multo
574 2031 690 2084 maiora.
724 2028 793 2085 Hac
817 2030 872 2085 illis
886 2046 948 2099 ara,
970 2029 1020 2086 lma
1034 2029 1200 2101 lto‘rreumss

106 2137 251 2204 ararium,
284 2134 540 2202 armamentarium,
567 2133 617 2190 loa
640 2135 756 2190 ominium
777 2153 869 2190 rerum
891 2135 1091 2208 receptaculum
1114 2145 1155 2192 est
1161 2155 1172 2200 ,·

106 2239 158 2295 luc
185 2245 275 2296 rectas
301 2258 335 2295 ea
364 2237 464 2312 Africa
491 2254 588 2295 cursus
615 2248 671 2305 est3
703 2238 760 2296 lac
789 2256 844 2294 uno
867 2240 938 2295 inter
965 2237 1124 2314 Ρψεηωαπι
1147 2249 1173 2296 et

109 2342 204 2401 Gades
225 2347 324 2409 statim·
346 2345 407 2400 lina
429 2346 504 2400 omni
524 2343 668 2420 Hispania
689 2345 807 2400 imminet
821 2343 930 2417 Africa.
968 2341 1026 2400 Sea
1044 2344 1202 2418 quoniam9

105 2468 154 2506 uos
185 2453 331 2506 instructos
360 2458 385 2506 et
413 2450 555 2506 ordinatos
586 2460 731 2522 cognosco,
767 2448 808 2504 ad
843 2447 1035 2522 Cartliapinem
1061 2448 1171 2506 Nouam

106 2554 318 2628 oppupnondam
345 2556 407 2610 totis
438 2555 542 2611 viribus
571 2563 597 2610 et
618 2554 684 2610 bano
706 2555 796 2610 animo
816 2556 1015 2610 transeamus“.
1068 2535 1222 2620 Quum-*10

107 2676 160 2734 que
182 2676 271 2714 omnes
291 2678 347 2715 una
368 2678 431 2716 voce
447 2661 497 2716 loc
508 2660 669 2732 faciendam
690 2660 897 2728 succlamarent,
920 2676 964 2715 eos
979 2657 1171 2732 Cartltaqinem

107 2765 194 2823 duait.
245 2761 311 2819 Tum
335 2774 409 2821 terra
429 2767 554 2838 uterique
575 2783 633 2821 eam
655 2767 811 2839 oppuqrmri
831 2764 911 2819 iubet.

200 2868 303 2926 Contra
321 2870 407 2942 Mapo
422 2869 567 2926 Pariorum
582 2871 640 2926 dua
651 2864 865 2927 **armuverat.
888 2867 984 2940 Quum
995 2877 1073 2924 terra
1083 2852 1171 2924 mari-
1224 2863 1267 2932 44

107 2993 163 3048 que
184 2974 285 3031 instrui
307 2975 551 3050 oppugnationem
574 2973 693 3045 videret,
716 2985 745 3031 et
767 2975 830 3049 ipse
850 2973 892 3029 itu
913 2973 1013 3048 copias
1035 2973 1170 3048 disponit.

106 3077 326 3154 Oppidanorum
343 3081 400 3137 duo
422 3080 512 3137 millia
528 3080 566 3136 ub
585 3098 620 3136 ea
639 3088 731 3154 parte,
754 3096 813 3151 qua
827 3079 1068 3135 custraRomunu
1080 3079 1201 3148 erunt‚2

56 3249 57 3253 Ἰ
107 3184 241 3259 opponit3
264 3184 428 3260 quingentis
452 3184 590 3243 militibus
613 3203 709 3241 arcem
731 3182 843 3252 insidit,
867 3183 1038 3258 quingentos
1059 3183 1170 3239 tumulo

106 3289 186 3346 urbis
217 3289 247 3345 in
279 3289 418 3347 orientem
451 3307 540 3347 versa
566 3290 703 3365 imponit3
737 3287 947 3346 multitudinem
976 3287 1078 3357 uliam,
1112 3306 1169 3361 quo

107 3394 226 3462 elamor,
248 3413 306 3468 quo
330 3395 426 3452 subita
444 3404 579 3452 vocasset
598 3413 655 3464 res,
678 3395 817 3450 intentum
840 3393 878 3449 ad
900 3393 998 3450 omnia
1019 3411 1170 3451 occurrere

106 3499 194 3556 iubet.
238 3498 392 3556 Patefseta
424 3500 526 3557 deinde
558 3510 644 3575 porta
675 3517 742 3568 eos,
776 3515 849 3570 quos
878 3498 907 3554 in
929 3499 978 3555 via
999 3498 1110 3556 ferente
1131 3500 1200 3557 ads

106 3615 203 3662 eastra
232 3605 358 3662 hostium
380 3605 574 3675 instruxerat,
596 3604 690 3662 mittit.
738 3601 879 3673 Romani,
915 3603 988 3659 duae
1008 3603 1072 3678 ipso
1095 3623 1169 3679 prae·

106 3712 238 3787 timente,
259 3728 415 3786 parumper
436 3728 557 3781 cessere,
581 3719 613 3766 ut
634 3709 785 3785 propiores
809 3708 944 3765 subsidiis
966 3709 995 3763 in
1014 3709 1170 3765 certamine

105 3817 169 3891 ipso
202 3816 413 3873 summittendis
446 3824 548 3872 essent.
596 3816 635 3872 Et
669 3815 764 3890 primo
795 3813 876 3869 haud
906 3813 1033 3888 impares
1065 3820 1199 3873 ssereret

107 3920 199 3990 eciem
242 3921 371 3977 subsidia
406 3921 509 3977 deinde
540 3921 696 3977 identidem
731 3918 885 3975 summisse
918 3937 934 3974 e
972 3918 1075 3974 eastris
1110 3936 1169 3974 non

937 4015 969 4068 41
