2700 4426
384 122 463 171 Liber
480 120 596 176 xxvll.
634 121 679 186 (A.
695 119 744 170 ch.
761 121 834 184 aot.)
1030 125 1095 180 ¹107

76 307 162 376 balis,
184 306 279 380 quod,
301 306 356 363 etsi
376 324 412 362 ea
435 313 535 362 aestate
555 305 742 362 transiturum
766 305 795 360 in
817 304 933 360 ltaliam
956 303 1060 361 fatrem
1083 323 1144 361 cre·

78 412 205 480 diderat,
227 411 418 481 recordando,
442 429 505 484 quse
527 409 589 484 ipse
610 410 640 466 in
661 391 785 467 transitu
806 427 882 465 nunc
897 409 1042 478 Rhodani,
1069 426 1145 466 nunc

78 496 197 590 Alpium
223 533 288 572 cum
311 513 475 582 hominibus
496 513 626 587 locisque
647 515 803 591 pugnando
822 532 874 588 per
890 514 1016 588 quinque
1032 532 1145 570 menses

38 628 49 661 -'
77 620 275 689 exhausisset,
297 620 525 693 haudquaquam
548 629 607 677 tam
630 620 745 678 facilem
768 629 971 692 maturumque
993 619 1175 675 transitum5

77 724 281 800 exspectabat3
318 743 354 782 ea
393 723 505 781 tardius
544 728 680 783 movendi
721 745 758 782 ex
793 725 920 782 bibernis
958 741 1047 779 causa
1079 722 1143 779 fuit.

78 828 214 888 Ceterum
244 829 426 887 Hasdrubali
458 839 486 885 et
518 849 572 887 sua
602 842 632 888 et
660 833 782 889 aliorum
812 848 863 904 spe
886 829 983 885 omnia
1005 828 1175 885 celeriorati

78 944 167 1009 atque
188 934 376 1010 expeditiora
395 932 484 990 fuere.
533 936 603 992 Non
625 937 700 994 cuim
721 943 892 1010 receperunt
910 933 997 990 modo
1018 932 1146 990 Arverni

78 1059 143 1098 eum
168 1041 362 1114 deincepsque
384 1038 448 1094 alias
472 1037 593 1096 Gallice
615 1049 703 1114 atque
724 1040 840 1115 Alpinae
861 1049 970 1114 gentes,
992 1039 1042 1095 sed
1059 1038 1144 1094 etiam

77 1156 184 1203 secutae
205 1155 272 1203 sunt
296 1145 334 1202 ad
356 1144 482 1213 bellum;
506 1153 534 1199 et
557 1163 644 1217 quum
666 1164 719 1220 per
741 1146 851 1202 munita
871 1144 1010 1219 pleraque
1023 1143 1175 1200 transitui

77 1251 187 1329 fratris,
210 1269 273 1325 qnae
295 1257 382 1307 antea
403 1248 483 1304 invia
504 1248 628 1319 fuerant,
651 1251 783 1321 ducebat,
806 1261 865 1306 tum
881 1249 979 1319 etiam,
994 1248 1146 1305 duodecim

80 1375 222 1414 annorum
251 1355 437 1413 assuetudine
458 1353 566 1429 perviis
592 1355 719 1430 Alpibus
741 1355 835 1426 factis,
856 1356 931 1411 inter
950 1355 1066 1410 mitiora
1087 1354 1145 1410 iam

78 1462 222 1519 transibat
250 1461 399 1518 hominum
433 1459 557 1534 ingenia.
605 1461 751 1518 Invisitati
781 1480 907 1534 namque
936 1468 1023 1516 antea
1045 1458 1177 1521 alieni-8

79 1567 160 1640 genis
193 1585 246 1622 nec
281 1567 380 1622 videre
417 1566 476 1641 ipsi
504 1565 647 1623 advenam
675 1567 705 1623 in
733 1585 788 1623 sua
814 1575 893 1622 terra
913 1564 1035 1628 assueti,
1068 1562 1146 1619 omni
1227 1612 1228 1617 ,

79 1671 177 1745 generi
200 1672 328 1728 humano
350 1671 533 1729 insociabiles
555 1682 650 1742 erant,
673 1682 701 1728 et
722 1672 816 1746 primo
837 1670 940 1746 ignari,
963 1688 1021 1743 quo
1036 1670 1145 1725 Poenus
1226 1687 1227 1692 ¹

79 1786 227 1852 pergeret,
256 1794 324 1833 suas
345 1794 432 1851 rupes
455 1795 567 1850 suaque
588 1777 708 1833 castella
730 1787 758 1832 ct
779 1793 916 1849 pecorum
938 1774 1146 1847 hominumque
1229 1824 1234 1830 .

79 1882 207 1957 praedam
229 1881 289 1956 peti
311 1881 508 1950 crediderant;
541 1880 623 1939 fama
644 1882 747 1939 deinde
768 1879 872 1938 Punici
893 1879 971 1950 belli,
993 1897 1051 1952 quo
1073 1878 1176 1934 duo-9

80 1988 222 2044 decimum
246 2005 353 2043 annum
377 1986 463 2042 Italia
484 1988 631 2057 urebatur,
654 1987 725 2042 satis
747 1986 912 2054 edocuerat,
932 1983 1010 2040 viam
1034 1991 1144 2038 tantum

79 2094 172 2169 Alpes
204 2111 282 2163 esse,
314 2092 388 2148 duas
417 2091 592 2166 praevalidas
622 2093 723 2162 urbes,
756 2108 863 2164 magno
891 2090 966 2145 inter
997 2106 1028 2143 se
1058 2087 1146 2143 maris
1199 2103 1200 2107 ’

79 2207 280 2271 terrarumque
305 2197 400 2271 spatio
429 2196 587 2264 discretae,
623 2196 659 2252 de
687 2196 808 2270 imperio
838 2204 867 2251 et
895 2194 998 2269 opibus
1027 2202 1146 2250 certare.

78 2304 134 2359 Has
175 2321 269 2360 causae
306 2312 481 2376 aperuerant
517 2300 609 2375 Alpes
637 2300 826 2358 Hasdrubali.
885 2299 1030 2369 Ceterum,
1068 2298 1196 2372 quodid

80 2407 226 2464 celeritate
247 2407 357 2464 itineris
380 2406 543 2482 profectum
566 2415 637 2475 erat,
659 2405 688 2461 id
705 2425 789 2463 mora
807 2407 844 2462 ad
863 2403 1055 2474 Placentiam,
1077 2404 1144 2458 dum
1161 2407 1193 2461 ll

78 2510 189 2567 frustra
218 2512 332 2567 obsidet
359 2513 452 2586 magis
475 2530 562 2585 quam
585 2521 752 2585 oppugnat,
789 2511 927 2584 corrupit.
975 2506 1147 2565 Crediderat
1162 2510 1196 2565 12

80 2615 249 2689 campestris
282 2615 381 2690 oppidi
412 2615 527 2672 facilem
560 2615 804 2690 expugnationem
841 2633 920 2685 esse,
954 2622 982 2669 et
1010 2612 1146 2668 nobilitas

81 2717 202 2774 coloniae
223 2719 379 2777 induxerat
391 2710 477 2790 eum,
499 2738 636 2793 magnum
657 2738 688 2775 se
708 2719 821 2775 excidio
837 2718 897 2773 eius
913 2717 992 2774 urbis
1007 2725 1146 2773 terrorem

80 2825 182 2880 ceteris
213 2832 308 2881 ratum
336 2825 517 2882 iniecturum.
566 2825 636 2880 Non
662 2825 756 2899 ipsum
784 2822 878 2878 solum
910 2839 945 2877 ea
967 2820 1145 2895 oppugnatio
1164 2823 1198 2878 13

79 2928 225 3003 impediit,
262 2929 313 2985 sed
334 2929 530 2986 Hannibalem
557 2940 625 3004 post
651 2907 923 2986 famam‘transitus
952 2926 1027 2996 eins,
1065 2934 1145 2981 tanto

80 3053 132 3109 spe
163 3052 217 3090 sua
245 3034 428 3104 celeriorem,
466 3035 525 3090 iam
556 3043 720 3091 moventem
748 3051 785 3088 ex
806 3031 933 3088 hibernis
956 3033 1146 3100 continuerat,

81 3139 189 3214 quippe
210 3148 392 3214 reputantem
414 3159 473 3196 non
495 3141 598 3210 solum,
622 3157 708 3212 quam
730 3138 807 3194 lenta
829 3137 943 3194 urbium
967 3137 1144 3213 oppugnatio
1165 3138 1199 3191 14

80 3254 172 3315 esset,
205 3245 257 3301 sed
292 3245 392 3315 etiam,
425 3265 512 3319 quam
542 3246 604 3321 ipse
626 3245 735 3302 frustra
756 3243 877 3300 candem
899 3241 978 3300 illam
1002 3241 1144 3298 coloniam

81 3350 118 3405 ab
140 3350 250 3407 Trebia
271 3350 365 3407 victor
386 3368 535 3424 regressus
557 3358 705 3408 tentasset.

164 3453 305 3513 Consules
327 3455 447 3513 diversis
471 3455 620 3513 itineribus
641 3452 765 3531 profecti
785 3455 823 3512 ab
846 3454 917 3510 urbe
934 3452 1014 3508 velut
1033 3450 1062 3505 in
1086 3449 1143 3505 duo
1197 3450 1243 3517 40

81 3559 190 3634 pariter
212 3561 289 3617 bella
311 3562 507 3619 distenderant
528 3579 612 3618 curas
636 3561 796 3627 hominum,
821 3557 907 3614 simul
922 3555 1144 3621 recordantium,

81 3684 154 3738 quas
190 3665 301 3740 primus
344 3668 485 3724 adventus
520 3666 696 3722 Hannibalis
730 3662 873 3720 intulisset
909 3661 1002 3718 Italiae
1039 3661 1146 3728 clades,

82 3769 169 3826 simul
191 3788 279 3844 quum
303 3770 354 3826 illa
377 3780 495 3845 augeret
518 3789 606 3827 cura:
629 3787 703 3843 quos
726 3778 785 3824 tam
807 3767 950 3842 propitios
972 3768 1037 3824 urbi
1059 3771 1178 3838 atquc2

82 3876 205 3951 imperio
234 3874 298 3932 iore
327 3876 413 3945 deos,
450 3883 482 3931 ut
508 3875 609 3932 eodem
632 3881 763 3947 tempore
785 3874 939 3948 utrobique
962 3870 1148 3949 respublica
