2678 4560
332 247 387 304 166
577 241 655 292 Liber
671 241 799 292 xxvm.
836 242 885 303 (Δ.
898 256 924 293 u.
937 257 959 290 c.
972 245 1043 296 549.)

284 428 479 500 venundatos,
508 426 648 498 dimissis,
678 427 729 502 qui
750 426 968 501 conquirerent,
991 445 1029 484 ex
1049 426 1188 482 servitute
1205 423 1234 479 in
1251 423 1319 480 libcr-

253 538 372 593 (itatem
394 533 588 592 restituerunt.
636 533 732 606 Quum
754 531 811 588 iam
835 549 926 606 prope
948 540 1040 601 esset,
1072 541 1103 588 ut
1123 530 1273 606 optabilem
1293 547 1321 628 exp

284 640 445 698 miserrima
483 637 599 696 fortuna
634 638 820 706 haberemus,
853 638 889 695 Ρ.
912 646 939 694 at
961 635 1015 696 Cn.
1038 636 1181 704 Cornelii,
1218 636 1318 710 impera·

284 755 362 802 tores
390 745 487 815 vestri,
510 744 667 802 luctuosius
693 743 777 800 nobis
801 739 946 820 [quoque]
971 763 1058 818 quam
1081 742 1166 800 vobis
1187 743 1318 818 periemnt

255 852 359 910 lTum
380 870 450 908 vero
473 851 511 907 ad
532 852 587 908 hoo
608 850 725 908 retracti
748 869 785 906 ex
806 849 978 908 distantibus
999 850 1071 908 locis
1095 849 1125 906 in
1147 848 1244 906 sedem
1265 847 1318 903 anti·

285 976 371 1032 quam
401 954 584 1026 videbamur,
622 965 653 1014 ut
678 956 781 1013 iterum
807 955 967 1030 periremus
994 964 1024 1013 et
1050 956 1172 1013 alterum
1199 954 1318 1011 excidium

254 1065 271 1122 8
283 1062 385 1138 patriae
410 1062 590 1134 videremus,
623 1080 676 1119 nec
703 1061 741 1117 ad
770 1060 925 1137 perniciem
956 1071 1087 1118 nostram
1110 1058 1317 1134 Carthaginiens'

284 1167 381 1242 utique
406 1177 456 1225 aut
488 1168 560 1224 duce
592 1178 643 1224 aut
671 1167 798 1226 exercitu
831 1186 903 1244 opus
936 1186 1014 1237 essa3
1049 1169 1087 1225 ab
1113 1165 1250 1224 Turdulis
1273 1182 1316 1221 nos,

274 1273 442 1334 ¹veterrimis
469 1274 616 1346 hostibus,
655 1274 703 1349 qui
734 1272 839 1349 prioris
866 1293 982 1349 quoque
1009 1273 1113 1332 excidii
1142 1290 1232 1330 causa
1255 1269 1316 1326 nobis

253 1377 416 1448 ilfuerant,
449 1380 592 1456 exstingui
614 1398 715 1456 posse3
752 1399 839 1453 quum
862 1399 899 1437 ex
919 1380 1067 1455 insperato
1087 1387 1204 1454 repent-e
1226 1375 1316 1433 misistis

284 1485 367 1542 nobis
395 1486 471 1543 huuc
500 1487 535 1543 P.
559 1485 739 1562 Scipionem,
777 1505 861 1560 quem
887 1485 1109 1544 fortunatissimi
1138 1485 1261 1542 omnium
1279 1481 1314 1540 Sa·

285 1592 468 1665 guntiuorum
507 1593 638 1649 videmur
666 1592 734 1666 quia
767 1591 912 1647 consulem
940 1591 1117 1648 declaratum
1147 1591 1273 1648 videmus
1294 1605 1315 1642 ac

284 1695 391 1754 vidisse
419 1715 472 1755 nos
503 1697 614 1754 civibus
638 1699 744 1754 nostris
765 1697 955 1754 renuntiaturi
975 1715 1091 1768 sumus,
1123 1716 1204 1772 spem
1226 1713 1312 1752 omnen

235 1799 465 1876 tosalutemque
494 1812 638 1872 nostram
671 1803 719 1878 qui
749 1821 835 1878 quum
865 1803 1005 1877 plurimas
1031 1803 1157 1860 hostium
1178 1814 1313 1859 vestrorum

283 1907 406 1983 cepisset
439 1907 468 1966 in
503 1909 648 1984 Hispania
680 1909 779 1978 nrbes,
816 1909 923 1983 ubique
958 1927 994 1964 ex
1032 1917 1182 1983 captorum
1220 1923 1313 1964 numero

236 2021 268 2075 ll
284 2023 415 2072 excretos
436 2014 612 2090 Saguntinos
631 2013 661 2070 in
675 2015 799 2089 patriani
814 2015 937 2084 remisit3
959 2023 1107 2090 postremo
1123 2014 1312 2072 Turdetaniam

284 2120 357 2176 adeo
380 2119 515 2177 infestam
541 2120 639 2189 nobis,
675 2129 707 2177 ut
732 2121 783 2178 illa
811 2132 896 2196 gente
921 2120 1058 2177 incolumi
1079 2131 1158 2178 stare
1178 2120 1310 2196 Sagunmn

283 2244 342 2283 nou
352 2236 459 2302 posset,
480 2227 521 2283 ita
536 2227 611 2284 bello
623 2225 735 2296 afflixit,
756 2236 858 2284 utnon
873 2227 960 2285 modo
972 2226 1064 2297 nobis,
1086 2228 1137 2284 sed
1153 2225 1311 2300 (absitverbt

143 2397 147 2405 Χ
219 2331 403 2422 Vllinvitlia)
435 2350 471 2388 ne
500 2332 623 2407 posteris
652 2331 767 2406 quidem
796 2332 924 2390 timenda
945 2333 1050 2390 nostris
1073 2344 1159 2392 esset.
1204 2331 1309 2390 Deletau

282 2438 383 2494 urbem
411 2436 552 2495 cernimus
581 2455 695 2508 eorum,
728 2456 849 2513 quorum
877 2439 907 2496 in
929 2440 1052 2514 gratiam
1076 2439 1234 2516 Saguntum
1254 2436 1308 2492 dele·

281 2552 364 2599 verat
384 2543 548 2612 Hannibal;
570 2542 695 2617 vectigal
718 2561 754 2600 ex
776 2562 848 2619 agro
870 2564 970 2602 eorum
991 2545 1132 2621 capimus,
1158 2545 1232 2620 quod
1250 2540 1307 2598 noti

232 2652 338 2710 13nou
360 2645 448 2727 [tam]
469 2651 563 2707 fructu
584 2647 735 2706 iucundius
756 2658 800 2706 est
822 2668 908 2723 quem
924 2652 1040 2708 ultione.
1079 2651 1127 2710 Ob
1145 2653 1213 2718 hac,
1233 2649 1307 2725 quibu

281 2757 392 2814 maiora
424 2775 476 2813 uec
508 2775 625 2832 sperare
661 2773 714 2811 nec
744 2763 845 2829 optare
878 2758 915 2813 ab
948 2757 992 2814 dis
1022 2758 1230 2814 immortalibus
1249 2765 1305 2831 pote

280 2881 387 2932 ramus,
409 2863 518 2938 gratias
550 2873 645 2920 actum
670 2878 723 2918 nos
751 2861 850 2918 decem
882 2861 995 2938 legatos
1018 2863 1196 2938 Saguntinus
1219 2873 1304 2920 senatu

233 2973 267 3026 14
280 2970 462 3044 populusque
483 2967 520 3023 ad
540 2985 593 3022 vos
617 2965 707 3034 misit;
733 2966 818 3024 simul
839 2969 1031 3042 gratulatum,
1054 2971 1135 3044 quod
1155 2971 1196 3027 ila
1215 2990 1253 3026 res
1268 2970 1303 3024 hos

281 3093 372 3131 annos
401 3075 430 3130 in
453 3072 597 3148 Hispania
628 3081 716 3146 atque
734 3073 821 3132 Italia
842 3073 988 3149 gessistis,
1021 3074 1062 3131 uti
1083 3074 1249 3150 Hispaniam
1264 3089 1301 3127 non

279 3181 390 3238 Hibero
414 3198 498 3237 amne
519 3188 617 3249 tenua,
650 3179 701 3235 sed
730 3188 951 3252 quaternarum
973 3179 1089 3236 ultimas
1110 3180 1173 3237 finit
1194 3179 1300 3238 Oceanus

278 3287 416 3344 domitam
433 3285 520 3343 armis
535 3285 676 3356 habeatis,
697 3284 799 3355 Italiae,
823 3286 878 3342 nisi
894 3295 1034 3361 quatenus
1050 3286 1159 3344 vallum
1178 3295 1299 3344 castrorum

231 3395 265 3449 15
279 3393 375 3469 cingit,
396 3393 467 3451 nihil
488 3391 659 3465 reliqueritis
680 3393 784 3450 Poene.
833 3392 899 3449 Iovi
921 3391 1030 3468 optimo
1053 3391 1199 3463 maximo,
1218 3385 1298 3466 prasidi

258 3497 450 3575 -Capitolinm
471 3498 555 3569 arcis,
577 3517 635 3555 nou
657 3505 754 3574 grates
776 3507 887 3556 tantum
904 3500 941 3556 ob
963 3500 1024 3556 haec
1046 3517 1134 3573 agere
1147 3499 1296 3555 iussisuoua

277 3604 330 3660 sed
350 3605 456 3662 donum
479 3605 535 3661 hoc
557 3603 659 3676 etiam,
687 3604 712 3662 si
733 3621 786 3660 vos
808 3604 1030 3679 permitteretis,
1056 3623 1194 3662 eoronam
1213 3617 1294 3660 aurem

229 3707 306 3765 ltin
330 3707 505 3784 Capitolium
526 3710 653 3767 victoria
682 3729 751 3785 ergo
779 3708 864 3767 ferre.
913 3711 948 3767 Id
976 3711 1018 3768 uti
1045 3711 1222 3786 permittatis,
1246 3724 1293 3782 quc

277 3830 389 3885 sumus,
419 3816 536 3890 utique,
568 3818 593 3874 si
614 3817 698 3875 vobis
725 3817 766 3874 ita
786 3816 914 3886 videtur,
947 3835 1012 3890 qum
1038 3817 1122 3874 nobis
1146 3817 1292 3892 imperatore

277 3920 365 3976 vestri
386 3922 540 3978 commoda
561 3923 729 3992 tribuerunt,
752 3941 787 3978 ea
808 3932 874 3980 rata
896 3932 983 3998 atque
1002 3919 1145 3999 perpetua
1163 3920 1291 3980 auctoritate

228 4026 261 4078 17
276 4012 374 4081 vestra
404 4023 546 4088 faciatis.“
601 4027 725 4096 Senatus
758 4028 861 4104 legatis
902 4029 1069 4105 Saguntinis
1102 4027 1249 4104 respondit,
1276 4035 1289 4076 t
