2812 4556
312 236 351 294 42
589 234 668 286 Liber
684 235 759 288 XXI.
798 236 845 300 (Δ.
860 251 885 290 ιι,
900 252 924 291 o.
939 237 1011 302 tae.)

271 417 325 479 mis
348 417 443 476 aureis
465 418 692 494 quadringentis,
721 419 816 478 Dasio
841 421 1017 479 Brundisino
1045 421 1184 497 prefecto
1214 422 1362 499 praesidii

271 531 423 597 corrupto,
454 523 580 582 traditur
613 522 775 582 Hannibali
807 524 989 584 Clastidium.
1047 528 1083 586 Id
1114 530 1257 586 horreum
1298 528 1362 586 fnit

222 626 257 680 lb
271 625 370 684 Poenis
391 625 556 686 sedentibus
579 630 617 686 ad
639 629 787 688 Trebiam.
837 633 872 690 ln
902 633 1035 708 captivos
1066 651 1103 692 ex
1127 634 1238 692 tradito
1271 652 1360 710 pree·

270 730 354 800 sidio,
374 739 407 788 ut
426 729 509 790 fama
527 732 685 792 clementiae
710 736 740 793 in
762 736 905 812 principio
927 757 1023 796 rerum
1046 739 1248 814 colligeretur,
1273 740 1360 797 nihss

270 835 401 892 saevitum
423 846 476 896 est.

175 933 218 1003 49
354 941 451 1014 Quum
475 944 514 1000 ad
537 945 675 1003 Trebiam
705 955 840 1006 terrestre
862 948 1037 1007 constitisset
1067 948 1190 1019 bellum,
1225 949 1356 1007 interim

271 1045 348 1102 circa
376 1046 503 1105 Siciliam
533 1050 700 1126 insulasque
726 1053 820 1110 Italiae
848 1055 1030 1112 imminentes
1057 1064 1087 1110 et
1115 1072 1132 1110 a
1164 1054 1357 1130 Sempronio

241 1151 389 1209 lconsule
411 1161 529 1212 etanta
553 1157 709 1214 adventum
731 1158 793 1214 eius
815 1168 893 1216 terre
915 1159 1047 1234 marique
1068 1177 1116 1216 res
1137 1167 1238 1233 gestae.
1294 1161 1355 1216 Vi-

270 1256 343 1330 ginti
364 1257 587 1332 quinqueremes
609 1279 674 1319 cum
694 1261 772 1318 mille
795 1264 916 1320 armatis
939 1265 977 1322 ad
998 1265 1236 1341 depopulandam
1259 1284 1353 1322 oram

270 1361 363 1418 Italiae
378 1381 397 1419 a
412 1361 700 1440 Carthaginiensibus
716 1369 824 1438 missae3
847 1389 951 1428 novem
968 1372 1102 1447 Liparas,
1122 1381 1189 1428 octo
1205 1372 1247 1428 ad
1262 1372 1352 1428 insu-

240 1466 329 1524 31em
351 1467 478 1526 Vulcani
498 1481 661 1544 tenuerunt,
683 1482 740 1530 tres
762 1474 792 1531 in
812 1473 917 1533 fretum
945 1477 1051 1535 avertit
1073 1485 1169 1534 astus.
1215 1477 1271 1534 Ad
1296 1495 1352 1536 eas

158 1655 166 1660 α
271 1582 441 1647 conspectas
465 1577 637 1636 uMessana
658 1579 810 1636 duodecim
833 1599 924 1638 naves
947 1583 984 1639 ab
1006 1581 1136 1641 Hierone
1157 1599 1227 1657 rege
1252 1581 1351 1657 Syra·

271 1694 445 1736 ousanorum
467 1681 570 1752 missae,
596 1683 645 1757 qui
674 1694 735 1742 tum
757 1684 833 1743 forte
855 1687 999 1746 Messana
1021 1697 1084 1745 erat
1105 1687 1256 1744 consulem
1281 1687 1349 1744 Ro·

271 1801 389 1842 manum
411 1787 573 1863 opperiens,
595 1789 674 1847 nullo
695 1800 875 1867 repugnante
897 1802 999 1869 captas
1012 1811 1102 1852 naves
1118 1792 1293 1850 Messanam
1318 1792 1348 1848 in

239 1893 255 1948 4
269 1900 385 1964 portum
402 1892 591 1955 deduxerunt.
631 1894 787 1972 Cognitum
802 1917 840 1954 ex
855 1899 987 1974 captivis,
1000 1905 1106 1973 praeter
1119 1897 1223 1973 viginti
1239 1914 1347 1964 naves,

271 1993 351 2052 ouius
367 1996 422 2072 ipsi
433 2000 533 2058 classis
545 2010 650 2071 essent,
662 2002 691 2058 in
702 2003 819 2060 Italiam
831 2003 945 2073 missas,
957 2003 1085 2079 quinque
1095 2011 1124 2059 et
1134 2001 1257 2076 triginta
1271 2001 1348 2058 alias

272 2099 492 2175 quinqueremes
518 2107 646 2170 Siciliam
669 2117 769 2183 petere
799 2108 838 2164 ad
865 2109 1063 2167 sollicitandos
1091 2117 1203 2188 veteres
1228 2106 1346 2174 socios3

241 2205 393 2281 5Li1ybaei
430 2213 591 2287 occupandi
621 2212 798 2288 praecipuam
830 2231 929 2271 euram
963 2233 1038 2284 esse3
1075 2211 1201 2278 credere,
1235 2211 1344 2267 eadem

272 2317 458 2388 tempestate,
486 2337 546 2392 qua
572 2319 629 2393 ipsi
658 2317 769 2374 disiecti
790 2317 900 2388 forent,
931 2338 995 2376 eam
1019 2337 1135 2393 quoque
1155 2316 1283 2374 classem
1309 2317 1345 2373 ad

184 2436 186 2440 ·
241 2416 396 2491 GAEgates
418 2422 526 2480 insulas
556 2423 707 2480 deiectam.
758 2423 840 2491 Haec,
873 2423 947 2483 sicut
969 2425 1069 2482 auditu
1090 2431 1188 2493 erant,
1220 2441 1277 2480 rex
1301 2424 1342 2479 M.

271 2523 394 2583 AEmilio
409 2530 535 2602 praetori,
558 2531 638 2588 cuius
662 2527 762 2586 Sicilia
782 2530 934 2604 provincie
948 2538 1019 2599 eret,
1041 2527 1202 2603 perscribit,
1225 2540 1343 2586 monet-

242 2632 342 2705 7que,
373 2643 404 2690 ut
435 2632 596 2709 Lilybaeum
628 2637 712 2693 firmo
744 2644 855 2694 teneret
884 2635 1029 2712 presidio.
1071 2633 1229 2709 Extemplo
1261 2646 1293 2692 et
1327 2654 1343 2691 a

271 2747 394 2811 praetore
423 2739 501 2796 circa
531 2740 664 2797 'civitates
695 2741 776 2798 missi
796 2741 884 2816 legati
911 2739 1093 2812 tribunique,
1124 2741 1174 2812 qui
1199 2757 1272 2796 suos
1306 2741 1343 2798 ad

241 2840 369 2901 8curam
401 2844 539 2901 custodies
567 2845 762 2918 intenderent,
793 2856 819 2903 et
845 2855 912 2902 ante
939 2845 1038 2901 omnia
1058 2843 1217 2919 Lilybaeum
1247 2846 1341 2902 teneri

272 2959 416 3024 apparatu
431 2949 509 3019 belli,
531 2949 624 3007 edicto
643 2952 804 3026 proposito,
825 2960 858 3009 ut
873 2951 944 3008 socii
965 2949 1086 3006 navales
1104 2931 1203 3006 decem
1226 2949 1341 3007 dierum

271 3063 355 3112 cocta
378 3055 488 3113 cibaria
510 3055 548 3111 ad
568 3073 658 3112 naves
679 3053 833 3126 deferrent,
857 3066 897 3126 ut,
920 3056 971 3114 ubi
992 3055 1105 3130 signum
1128 3054 1230 3112 datum
1253 3065 1342 3125 esset,

271 3180 307 3217 ne
341 3162 410 3234 quid
433 3177 546 3217 moram
569 3161 778 3220 conscendendi
805 3161 928 3232 faceret,
955 3179 1065 3236 perque
1096 3178 1211 3218 omnem
1246 3179 1340 3229 oram,

271 3266 320 3340 qui
357 3284 394 3322 ex
420 3263 545 3339 speculis
576 3263 776 3342 prospicerent
805 3267 1010 3323 adventantem
1045 3265 1172 3322 hostium
1206 3264 1339 3336 classem,

240 3370 374 3429 9missis.
423 3369 538 3442 Itaque,
557 3387 723 3444 quanquam
740 3371 776 3428 de
797 3370 939 3428 industria
954 3371 1060 3428 morati
1080 3388 1196 3426 cursum
1218 3370 1337 3428 navium

270 3485 353 3532 erant
381 3473 653 3548 Carthaginienses,
691 3483 723 3532 ut
752 3485 820 3532 ante
845 3476 938 3532 lucem
968 3476 1139 3534 accederent
1165 3473 1337 3550 Lilybaeum‚

266 3599 445 3656 prasensum
470 3588 566 3638 tamen
596 3589 654 3650 est,
690 3583 759 3653 quia
793 3590 821 3638 et
843 3582 913 3638 luna
939 3599 1052 3656 pernox
1081 3588 1145 3643 erat
1165 3588 1195 3636 et
1216 3580 1337 3637 sublatis

222 3690 257 3744 l0
271 3686 457 3743 armamentis
486 3685 651 3744 veniebant.
711 3687 868 3763 Extemplo
897 3689 1004 3760 signum
1036 3686 1136 3743 datum
1169 3705 1185 3742 e
1213 3686 1337 3761 speculis

271 3800 300 3848 et
321 3792 350 3848 in
373 3791 482 3867 oppido
505 3793 544 3850 ad
566 3811 649 3849 arma
671 3793 882 3850 conclamatum
910 3801 954 3850 est
979 3800 1009 3849 et
1035 3791 1066 3849 in
1087 3808 1177 3848 naves
1199 3809 1335 3850 conscen-

271 3916 348 3968 sum3
371 3917 440 3973 pars
465 3898 587 3956 militum
609 3897 639 3953 in
665 3897 755 3954 muris
776 3905 985 3973 portarumque
1005 3898 1035 3954 in
1057 3895 1245 3967 stationibus,
1268 3915 1335 3972 pers
1388 3953 1389 3964 ἶ

222 4004 253 4058 ll
269 4003 299 4060 in
320 4003 443 4061 navibus
475 4011 565 4060 erant.
620 4003 660 4060 Et
682 4001 947 4078 Carthaginienses,
976 4002 1045 4076 quia
1073 4020 1134 4059 rem
1161 4000 1226 4060 fore
1257 4003 1334 4060 haud
