2678 4560
305 247 343 305 80
567 242 647 293 niter
663 241 777 294 xxvii.
820 244 865 307 (Δ.
879 256 903 292 n
919 259 942 294 e.
957 241 1032 306 ete.)

263 437 418 505 postqum
440 429 539 503 quieta
560 427 658 485 omnia
681 427 760 485 circa
781 445 813 484 se
834 427 916 496 vidit,
939 426 1013 484 elias
1036 433 1145 501 partes
1167 444 1206 482 eo
1221 427 1330 486 tumultu

213 536 250 593 16
262 551 430 610 personare,
452 541 485 590 ut
508 539 601 608 cepte)
623 531 703 590 urbis
717 533 861 590 interdum
881 531 1061 590 excitaretur
1075 531 1206 603 clamor,
1227 533 1331 602 veritur,

262 658 298 698 ne
325 639 400 697 inter
428 637 640 696 cunctationem
670 655 754 696 suam
784 638 885 696 consul
915 637 1047 711 aliquam
1074 637 1141 694 vim
1172 637 1332 699 faceretne

262 747 347 822 signa
374 743 508 814 inferret,
538 743 705 818 presidium
736 741 774 799 ad
800 760 914 812 arcem,
948 743 1025 800 unde
1048 744 1189 801 maxime
1211 745 1330 804 turibii

215 855 248 911 17
263 851 414 910 accidebat
450 866 558 919 sonus,
591 849 727 906 traducit.
782 846 893 904 Fabius
927 867 1017 922 quum
1055 859 1085 906 et
1126 867 1168 908 ex
1206 851 1337 925 temporit

263 957 359 1033 spatio
389 966 418 1013 et
445 972 484 1012 ex
513 954 627 1012 silentio
654 953 738 1029 ipso,
761 953 850 1029 quod,
878 953 928 1010 ubi
956 954 1047 1030 paule
1075 962 1151 1012 ante
1174 957 1337 1030 strepetm

263 1062 423 1120 excitantes
451 1068 649 1134 vocantesque
678 1060 717 1116 ad
747 1077 845 1128 arma,
877 1059 945 1116 inde
971 1059 1053 1117 nulla
1079 1060 1245 1118 accidebat
1272 1079 1330 1133 vua.

262 1169 401 1226 deductas
423 1167 570 1224 custodiae
591 1165 737 1235 sensisset,
757 1164 828 1222 ferri
849 1165 944 1222 scalas
965 1163 1004 1220 ad
1020 1173 1092 1222 'eam
1116 1177 1240 1238 partem
1259 1166 1329 1238 murt,

263 1291 322 1347 qua
342 1273 523 1332 Bruttiorum
552 1273 700 1330 cohortem
729 1269 893 1344 presidium
923 1269 1035 1344 agitare
1067 1270 1253 1343 proditionis
1272 1291 1330 1331 ceu

213 1385 248 1443 18
262 1380 376 1438 ciliatcr
406 1379 604 1449 nuntiaverat,
638 1377 727 1436 iubet.
777 1376 825 1434 Ea
854 1374 979 1451 primum
1016 1385 1124 1449 eaptus
1160 1387 1210 1436 eet
1236 1393 1328 1447 murae

263 1483 468 1541 adiuvantibus
489 1483 751 1558 recipientibusque
773 1482 904 1550 Bruttiis,
927 1489 955 1536 et
970 1488 1177 1540 transcensum
1193 1484 1228 1540 in
1241 1485 1326 1543 urben

262 1597 318 1658 est3
337 1587 405 1644 inde
426 1597 455 1645 et
475 1588 612 1664 proxima
632 1585 759 1644 refracta
779 1597 875 1662 porte,
897 1593 929 1644 ut
952 1584 1099 1659 frequenti
1115 1589 1242 1662 agmine
1257 1591 1334 1664 signa·

211 1701 247 1756 19
260 1693 445 1752 inferrentur.
494 1695 571 1750 Tum
604 1692 732 1750 clamore
765 1691 880 1748 sublato
913 1691 967 1747 sub
1001 1701 1099 1749 ortum
1132 1693 1233 1752 ferme
1258 1693 1335 1763 luds..

260 1800 339 1857 nullo
362 1799 450 1858 obvio
470 1808 601 1869 armato,
627 1799 657 1855 in
678 1798 773 1856 forum
795 1781 980 1873 perveniunt,
1011 1815 1179 1874 omnesque
1200 1800 1323 1874 nudique,

261 1906 311 1982 qui
343 1906 383 1963 nd
424 1923 520 1962 urcem
555 1913 729 1980 portumque
768 1904 952 1978 pugnabant,
987 1904 1017 1962 in
1049 1922 1083 1962 aa
1114 1915 1321 1964 converterunt

165 2011 206 2079 16
260 2010 400 2069 Proelium
434 2010 464 2066 in
495 2009 576 2066 aditu
611 2007 669 2068 fori
704 2009 817 2067 maiore
847 2007 955 2083 impetu
991 2027 1081 2084 quam
1111 2009 1321 2084 persevera&

260 2117 446 2174 commissum
468 2124 520 2176 est.
563 2115 634 2173 Non
655 2115 768 2184 animo,
791 2132 850 2171 non
872 2115 976 2184 ermis,
998 2134 1057 2172 non
1080 2125 1148 2173 arte
1170 2117 1255 2186 belli,
1273 2131 1319 2172 noa

258 2223 361 2297 vigore
393 2239 428 2278 ac
459 2223 569 2279 viribus
606 2220 736 2295 corporis
772 2238 827 2296 par
861 2221 997 2278 Romano
1034 2221 1220 2280 Tarentinus
1255 2229 1316 2281 erat:

228 2327 348 2402 tigitur
375 2326 443 2401 pilis
471 2335 583 2385 tautum
615 2325 771 2396 coniectis,
793 2327 874 2401 prius
904 2345 996 2402 paene,
1024 2345 1116 2401 quam
1148 2331 1317 2384 conseret&

260 2449 377 2502 manus,
409 2441 494 2506 terga
517 2431 677 2500 dederunt,
714 2429 877 2506 dilapsique
905 2439 1050 2506 pernota
1071 2431 1155 2489 urbis
1176 2429 1316 2490 itinerair

228 2543 327 2599 ssues
350 2537 567 2610 amicorumque
588 2537 702 2596 domos.
748 2535 818 2592 Duo
841 2554 878 2593 ex
899 2536 1036 2607 ducibus,
1064 2538 1144 2596 Nico
1171 2547 1200 2594 et
1222 2539 1315 2594 Demo

259 2650 375 2714 crates,
407 2642 521 2700 fortiter
548 2650 711 2718 pugnantes
740 2640 878 2701 cecidere.
924 2642 1130 2714 Philemenus,
1158 2644 1208 2719 qui
1228 2640 1336 2719 prudi-¹

259 2747 345 2806 tionis
376 2748 414 2805 ad
442 2748 637 2806 Hannibalem
669 2756 772 2804 auctor
799 2745 910 2817 fieret,
946 2766 1035 2822 quum
1071 2749 1164 2806 citato
1190 2765 1263 2822 equo
1285 2761 1312 2800 ex

228 2852 361 2930 ‹tproelio
384 2862 503 2911 avectus
533 2861 626 2923 esset,
661 2871 773 2911 vacuus
809 2853 898 2928 paulo
928 2860 997 2928 post
1023 2871 1119 2928 equus
1150 2873 1248 2912 errans
1271 2869 1311 2928 pu
1337 2920 1338 2925 η

258 2959 358 3015 urbem
382 2959 523 3033 cognitus,
545 2975 651 3033 corpus
675 2975 819 3030 nusquam
838 2957 987 3014 inventum
1003 2967 1060 3028 eet3
1084 2960 1225 3018 creditum
1238 2958 1310 3031 vulgo

229 3073 311 3134 best,
332 3063 362 3120 iu
390 3073 509 3139 puteum
538 3072 669 3141 apertum
700 3081 736 3120 ex
763 3081 839 3139 equo
866 3063 1071 3138 praecipitasse.
1119 3064 1309 3124 Carthalonem
1336 3103 1337 3140 3

258 3177 373 3239 autem,
419 3167 586 3244 prefectum
629 3169 733 3226 Punici
767 3169 909 3244 praesidii,
947 3187 1014 3226 cum
1046 3169 1308 3228 commemoratione

257 3275 372 3350 paterni
393 3275 520 3351 hospitii,
557 3275 659 3350 positis
687 3275 785 3346 armis,
815 3275 977 3332 venientem
993 3273 1031 3331 ad
1064 3276 1211 3334 consulem
1241 3271 1307 3332 ntes
1336 3283 1337 3348 ᾖ

227 3381 362 3446 (sobrius
398 3382 561 3439 obtruncat
620 3381 683 3438 Alii
726 3380 800 3438 alios
836 3379 946 3456 passim
981 3379 1043 3437 sine
1078 3380 1240 3440 discrimine
1267 3397 1305 3436 ar·
1336 3363 1337 3420 Ᾰ

257 3495 362 3556 matos,
396 3485 521 3544 inermes
550 3485 678 3555 caedunt,
720 3484 976 3561 Carthaginienses
1010 3485 1243 3562 Tarentinosque
1263 3500 1303 3558 pa·

256 3589 335 3647 riter.
385 3590 492 3648 Bruttii
522 3609 639 3667 quoque
661 3591 743 3648 multi
764 3590 923 3662 interfecti,
956 3609 1009 3648 seu
1030 3609 1085 3666 per
1106 3611 1247 3662 errorem,
1264 3604 1302 3646 mu

256 3702 354 3752 vetere
383 3696 413 3752 in
442 3713 492 3752 ecs
520 3695 607 3753 insito
631 3696 718 3766 odio,
737 3703 803 3754 'seu
825 3697 863 3754 ad
886 3695 1059 3771 proditionis
1081 3696 1208 3766 famam,
1239 3691 1300 3754 utri

257 3799 354 3876 potius
378 3809 467 3876 atquc
489 3801 577 3858 armis
591 3810 707 3875 captum
723 3802 884 3859 Tarentum
895 3802 1051 3872 videretur,
1074 3803 1299 3878 exstinguendam
1337 3868 1338 3877 χ

228 3907 334 3965 7Tum
364 3924 383 3963 a
412 3906 491 3963 ccede
519 3906 558 3963 ad
590 3905 781 3982 diripiendam
810 3907 912 3979 urbem
936 3907 1109 3966 discursum.
1156 3907 1246 3966 Milfia
1263 3901 1299 3960 tn'-

225 4069 229 4076 ,
257 4010 338 4084 ginta
369 4009 515 4066 servilium
543 4011 671 4085 capitum
699 4011 833 4070 dicuntur
854 4021 957 4088 cepta,
992 4012 1107 4088 argenti
1143 4012 1187 4069 vis
1219 4011 1298 4084 ingens
1337 3988 1338 4049 ἶ
