2812 4556
580 279 616 322 1x

56 459 214 514 ouanuurn
229 469 325 532 repon
347 459 426 533 apud
439 457 556 517 Sallust.
577 457 657 516 Catil.
681 460 700 514 4
716 461 804 516 oratio
817 461 857 516 sic
873 461 1006 517 coloret:
1030 479 1131 534 agrum

56 540 179 597 colendo
203 551 259 598 aut
279 543 414 598 venando
436 543 526 599 vitam
549 560 650 616 agere,
677 541 831 598 servilibus
853 542 1018 599 ministeriis
1039 544 1132 600 inten-

56 633 125 690 tum,
148 633 183 679 ut
198 626 341 682 abortivus
355 625 412 696 sit.)
435 621 586 699 3(singuli
600 624 684 682 vobis
706 624 843 696 Forcltlt.)
867 625 1044 698 tequitibus
1067 643 1132 683 cum
1159 641 1164 652 ·

55 706 189 780 Magone
214 711 312 764 aconi.
337 706 375 766 A.
390 708 479 766 Parii.
503 704 575 782 (Sed
591 726 644 763 non
666 706 849 764 dimittuntur
869 709 977 776 militas,
1002 710 1051 781 qui
1072 726 1132 764 cum

55 789 123 844 duce
147 790 251 864 aliquo
273 793 433 858 mittuntur,
460 799 486 846 ct
504 791 597 864 potius
618 790 653 846 de
674 791 796 863 Maponi
816 793 920 862 aqitur.
970 790 1132 861 Videndum,

55 888 86 926 na
106 871 217 928 Liuius
232 875 391 948 scripserit:
412 873 455 928 ite
477 891 541 928 cum
566 872 644 932 mille
666 891 710 946 eq.
726 873 864 946 Magone,
887 873 964 930 mille
985 872 1132 947 peditibus

54 953 197 1034 dimisso,
230 975 325 1012 errore
351 965 441 1012 autern
460 957 638 1030 participium
670 955 712 1010 od
731 955 876 1029 peditibus
897 956 1133 1012 accommodatum

53 1033 110 1111 rit.)
148 1040 168 1094 6
195 1037 235 1094 ad
272 1039 448 1096 destinatum
483 1038 543 1093 iam
584 1038 659 1110 (Mp.
682 1037 747 1093 uun.
770 1036 844 1113 226)
889 1038 1076 1113 lpaludium
1114 1040 1132 1094 9

54 1127 156 1188 tenus,
198 1130 287 1178 aucta
308 1119 429 1196 (Interp.
452 1120 530 1192 mut.)
557 1119 710 1194 lpotentia
732 1129 807 1176 osset
830 1119 923 1196 (codd.
946 1121 1022 1195 quid.
1046 1139 1133 1185 recc.‚·
1184 1177 1204 1196 Ἣ
1358 1121 1360 1129 ’

54 1201 119 1260 ulna.
159 1203 249 1278 226.)
291 1203 363 1272 LV,
403 1205 420 1258 2
458 1202 610 1276 lovemque
646 1221 660 1258 c
694 1205 761 1263 coni.
798 1195 863 1275 uqi
894 1201 982 1278 (quod
1011 1205 1134 1278 positum
1176 1207 1201 1280 'j'
1331 1269 1333 1276 Ι

55 1289 197 1356 oportuit.
214 1297 265 1342 aut
292 1305 354 1341 oum
378 1283 458 1344 Glar.
482 1304 517 1342 ac
545 1284 662 1357 levem.)
704 1287 721 1341 3
745 1281 848 1357 (effuse
869 1295 1023 1359 sequentes
1045 1285 1068 1346 I.
1091 1286 1130 1345 A.
1333 1305 1335 1312 ’
1362 1301 1398 1352 „¹3

53 1365 218 1428 Huestius.
241 1367 564 1442 Peffusoessequentis,
586 1367 678 1423 Dralc.
702 1366 810 1424 effusos
834 1366 1009 1443 sequentes.)
1039 1373 1055 1424 5
1080 1368 1131 1423 do·
1217 1369 1288 1432 ''r'gt

56 1448 167 1510 ductae.
181 1493 213 1510 ..
242 1450 323 1508 leves
346 1459 501 1507 armatura
522 1459 588 1506 sunt
610 1451 683 1523 (Μ).
699 1451 764 1507 Em.
782 1451 844 1506 226
850 1471 861 1514 ,·
883 1450 1007 1506 diducta
1027 1449 1132 1519 Druia,

55 1529 129 1587 levis
155 1533 191 1588 P.
214 1533 278 1603 IV,
307 1535 341 1602 8,
362 1533 382 1589 3
403 1535 432 1588 in
450 1534 485 1588 M
500 1533 628 1589 scribitur
647 1531 759 1589 initium
782 1541 849 1589 sunt
871 1533 912 1589 rei
930 1551 986 1607 pro
1009 1533 1057 1606 st.)
1097 1536 1131 1589 10
1239 1565 1242 1574 =

57 1613 150 1684 (Part.
176 1617 328 1673 tolluidum
348 1617 378 1672 in
399 1624 462 1672 ante
478 1624 530 1671 tot.
553 1615 617 1671 um.
642 1616 713 1687 125)
737 1615 818 1684 LVI,
847 1616 1131 1690 lTrepidantesque

57 1714 152 1771 prope
177 1697 315 1781 [Raetias.
331 1698 452 1754 Foroiult.
467 1699 669 1771 Trepidantos,
693 1698 762 1771 quin
782 1698 886 1772 prope)
905 1694 911 1776 )
930 1707 1131 1756 consternatos

57 1780 157 1836 media
181 1780 296 1857 (Gran.)
327 1785 331 1850 Ι
360 1779 530 1854 (Hannibal.
551 1781 598 1836 Ibi
626 1780 722 1839 Weiss.
745 1781 774 1835 P
792 1781 952 1838 Hannibali
975 1781 1132 1855 extemplo.

58 1859 152 1918 Drak.
178 1864 338 1920 Hannibal.
362 1861 443 1938 Ext.)
471 1865 476 1938 Ι
502 1862 602 1936 lugam
631 1880 725 1935 eoquo
747 1881 845 1922 novus
880 1864 953 1936 (Mo.
975 1864 1004 1918 P
1031 1863 1132 1937 lugam

40 1961 181 2019 ⁸quoque
202 1965 307 2017 novus,
330 1946 423 2002 Dralr.
451 1943 563 2020 fugam.
598 1945 712 2001 additus
740 1964 856 2019 quoque
886 1945 992 2016 novus)
1026 1948 1133 2008 2,cum

61 2026 130 2084 alibi
167 2029 249 2102 (Ata.
271 2029 301 2084 P
318 2047 382 2086 cum
404 2025 465 2102 alii)
485 2025 490 2102 Ι
510 2045 574 2101 quse
596 2026 718 2086 Gallicis
744 2025 819 2102 (My.
841 2027 907 2086 Em.
926 2029 997 2100 227)
1027 2029 1044 2084 8
1067 2027 1133 2084 reli-

62 2127 126 2166 curn
151 2131 189 2168 ex
211 2131 263 2170 orn.
287 2111 451 2168 sauciorum
475 2109 598 2184 (llaerw.
622 2109 754 2184 Alioquin
780 2129 816 2166 ex
846 2127 955 2184 magna
976 2119 1060 2184 parte
1081 2129 1134 2165 non

62 2191 152 2263 itabat,
175 2214 230 2269 quo
244 2193 408 2267 reseratur.)
426 2193 525 2261 LVII,
550 2199 563 2248 l
583 2211 640 2266 quo
662 2191 754 2266 portis
777 2193 899 2264 (Hecura.
915 2193 944 2248 P
955 2211 1013 2267 qua
1028 2189 1131 2268 portis)

63 2275 79 2328 2
96 2275 208 2337 altero.
223 2320 252 2335 ..
273 2287 411 2334 revocato
433 2276 507 2348 (My.
525 2275 590 2331 Ern.
607 2273 679 2350 228)
704 2277 721 2332 3
738 2284 763 2330 et
777 2278 796 2334 4
812 2276 938 2332 advenit.
960 2276 1084 2350 ingenti.
1097 2317 1125 2334 ..

62 2366 278 2433 transgressus,
315 2360 344 2416 id
377 2358 456 2432 qnod
491 2358 702 2438 (Rarissimam
724 2359 773 2414 illa
795 2360 974 2431 interpunctio
1006 2360 1132 2415 coniunc-

63 2442 158 2497 tionem
191 2444 282 2516 esficit.
340 2443 375 2498 Id
398 2439 475 2514 quod
499 2459 558 2496 curn
581 2442 635 2496 Irni
653 2440 817 2496 anacolutlto
839 2443 914 2498 initio
931 2445 1056 2514 ponitur,
1079 2459 1131 2496 nou

62 2534 196 2596 aequante,
220 2544 274 2598 quo
298 2523 330 2579 id
350 2524 582 2587 accommodatum
614 2525 667 2595 cfr.
690 2542 713 2582 c.
743 2525 788 2592 10,
808 2523 851 2599 9.)
890 2528 907 2580 4
932 2524 1130 2597 (Probabiliter

65 2603 145 2663 Glan
169 2606 204 2664 C.
221 2605 382 2663 Flaminius
397 2604 514 2681 iterum)
542 2607 625 2678 tiet,
647 2614 678 2661 ut
694 2623 815 2679 quaeque
829 2607 927 2665 Fabri.
951 2607 977 2662 P
1000 2615 1029 2662 et
1051 2624 1128 2679 quae-

65 2705 127 2758 que.
150 2689 245 2746 Dralc.
269 2698 312 2758 et,
337 2690 407 2762 qua)
453 2692 488 2743 tc
522 2687 618 2744 iuerat
641 2689 795 2757 munitum;
829 2689 897 2745 inde
924 2689 1041 2762 (Intarp.
1064 2689 1130 2744 Em.

63 2770 121 2827 228
135 2772 176 2843 n.)
199 2771 316 2842 LVIII,
347 2777 356 2828 l
377 2771 468 2844 (longi
490 2770 557 2826 inde
579 2771 717 2844 temporis
741 2769 827 2830 Gran.
842 2772 907 2827 Pet
920 2771 1011 2830 Drak.
1036 2771 1130 2846 longis

65 2851 128 2910 inde
158 2854 353 2928 temporibus)
380 2855 471 2921 LIX,
508 2859 679 2927 ispectare
702 2854 775 2926 (My.
798 2854 863 2910 Ena.
885 2852 957 2929 229)
996 2859 1011 2910 7
1037 2853 1130 2927 tnagis

65 2935 121 2992 nlla
150 2955 231 2993 saeva
259 2947 288 2992 et
309 2937 459 3010 utriusque
489 2936 527 3006 (Ρ
551 2935 646 2992 ullane
668 2936 877 3009 aututrinsque.
932 2935 1000 3001 Qua
1027 2939 1129 2990 coniac-

67 3026 126 3074 tura
148 3019 215 3074 Em.
238 3020 299 3074 229
314 3023 460 3093 proposita
492 3028 545 3088 ast,
577 3037 630 3074 non
659 3021 811 3092 satisfuit,-
840 3037 905 3073 narn
933 3017 1018 3074 dubia
1032 3036 1130 3091 puquo

59 3101 131 3170 Jiu't,·
163 3105 190 3158 oi
220 3103 325 3174 loupior
338 3105 457 3173 suisset,
490 3102 531 3157 ad
547 3087 661 3157 ”coitum
686 3111 737 3157 aut
765 3119 825 3157 cunr
854 3101 969 3160 ulterius
999 3109 1049 3156 aut
1069 3119 1130 3156 curn

66 3187 318 3258 utriusquepartis
337 3185 456 3258 pernicia
472 3185 595 3240 adducta
617 3193 692 3242 esset.
726 3183 786 3240 Nec
807 3184 871 3240 aliis
892 3186 1021 3240 successit
1043 3201 1129 3239 eman-

66 3267 151 3322 daudi
171 3276 293 3324 curatus.
326 3266 415 3328 Sorib.
437 3268 562 3322 uidetur:
586 3267 680 3340 magis
708 3267 768 3323 ulla
789 3284 868 3322 saeva
890 3274 919 3320 et
941 3277 992 3322 aut
1013 3266 1130 3323 alterius

67 3358 113 3405 aut
141 3349 295 3422 utriusque
322 3349 436 3424 partis.)
469 3349 542 3416 LX,
582 3351 764 3419 Isacilitatis
791 3349 1006 3422 clementiaeque
1032 3349 1129 3421 (codd.

66 3433 129 3505 aliq.
152 3450 223 3488 racc.
240 3429 507 3506 Polementiaeque)
527 3429 532 3506 Ι
551 3440 657 3506 parata
678 3431 744 3504 (duo
766 3432 846 3488 codd.
868 3449 949 3498 roca,
971 3430 1009 3487 A.
1023 3431 1129 3503 Paria.)

69 3518 80 3570 l
99 3513 204 3588 (Cissis
220 3514 318 3570 Alsclu
336 3514 399 3570 Pet
408 3514 501 3570 Drolr.
526 3513 639 3582 Scissis,
662 3515 713 3570 sed
731 3534 754 3573 c.
772 3516 820 3582 61,
834 3516 852 3568 1
865 3514 895 3568 P
906 3512 1023 3588 Cissim)
1047 3513 1131 3582 LXI,

69 3596 233 3653 thibernis
262 3597 375 3653 hostico
407 3597 447 3653 cis
482 3615 496 3651 a
525 3598 593 3657 roni,
623 3595 720 3653 Alsoh.
750 3597 842 3669 (codd.
864 3614 931 3652 racc.
954 3596 983 3650 P
1002 3595 1130 3653 hibernis

68 3679 196 3736 stoicosis
208 3679 351 3736 Hiberum
366 3697 466 3736 rursus
482 3679 564 3736 caedit
578 3697 675 3752 agros.
720 3680 795 3736 Mire
808 3681 858 3736 ltoc
872 3697 924 3734 uno
940 3680 996 3734 loco
1011 3680 1130 3734 horicus

70 3763 257 3835 appeluzretur
276 3771 344 3833 aper
357 3761 557 3836 Hispanorum,
579 3780 633 3835 quo
648 3763 682 3817 dr
695 3780 766 3818 nunc
787 3765 877 3837 ipsum
897 3763 967 3816 inter
984 3760 1129 3831 Cautaqu-

71 3847 167 3900 uiaues
190 3853 216 3899 et
236 3844 377 3900 Romanos
398 3845 558 3900 certabatur
578 3853 605 3900 et
633 3847 684 3918 qui
702 3864 789 3920 nuper
810 3847 838 3900 in
861 3843 1129 3914 Cartiapinicnsiuru

27 3988 34 4001 ,
69 3936 197 3998 potestate
210 3929 318 4000 suerat.
369 3927 458 3983 Unum
480 3929 628 4000 quaritur,
660 3936 765 4001 quanta
785 3927 930 4000 IIispania
946 3934 1031 3998 parte
1051 3925 1130 3980 Has·

72 4008 167 4064 druiai
187 4013 329 4065 cesserit*
351 4009 446 4066 Furor
459 4019 536 4065 ortus
551 4018 592 4065 est
613 4029 645 4065 ac
667 4012 802 4082 perninato
817 4010 854 4080 s.)
876 4007 978 4078 LXII,
1002 4009 1018 4065 3
1039 4005 1130 4083 (Part.

72 4091 145 4152 scut.
175 4111 237 4148 cum
265 4091 371 4148 duobus
405 4092 485 4151 codd.
513 4110 582 4150 racc.
608 4093 639 4148 in
665 4091 731 4148 loro
760 4092 876 4163 boario)
922 4096 940 4149 4
964 4091 1128 4165 pulvinario

74 4173 149 4243 (Lau.
159 4174 189 4244 3,
206 4175 267 4247 Mq.
279 4174 344 4235 Em.
354 4175 426 4247 229)
450 4174 575 4248 7(Fort.
588 4175 668 4231 scrib.
701 4175 780 4232 Nam
795 4175 930 4248 primum.
963 4174 1130 4246 Euplicatur
