2704 4552
307 234 345 291 68
405 273 414 290 .
583 231 662 282 Liber
679 231 768 285 XXII.
804 231 852 295 (Δ.
866 246 890 282 ιι.
906 246 929 285 c.
943 231 1015 294 tet.)

264 423 342 485 tuta,
373 433 410 473 ex
432 415 510 492 agris
532 433 648 491 quoque
674 415 870 492 demigrarent
893 433 993 473 omnes
1014 416 1144 490 regionis
1167 416 1251 486 eius,
1280 436 1306 490 qr

236 521 356 580 diturus
377 523 527 580 Hannibal
555 530 644 592 esset,
673 521 755 578 tectis
777 521 857 597 prius
885 521 1009 580 incensis
1038 539 1073 579 ac
1102 520 1244 596 frugibus
1274 539 1303 577 co

263 629 371 703 ruptis,
399 647 436 685 ne
458 628 538 686 cuius
562 628 605 684 rei
626 627 712 702 copia
734 637 823 697 esset,
852 628 914 702 ipse
935 626 985 684 via
1007 626 1155 683 Flaminia
1183 626 1316 702 profect

264 733 382 792 obviam
404 733 514 792 consuli
536 732 732 808 exercituque,
769 749 857 806 quum
889 730 928 787 ad
950 731 1082 788 Tiberim
1108 731 1188 788 circa
1213 731 1326 790 Ocricu-

264 835 323 894 lum
357 838 555 914 prospexisset
586 855 690 912 agmen
723 837 929 911 consulemque
956 853 1020 893 cum
1049 836 1197 910 equitibus
1234 838 1274 894 ad
1301 857 1325 896 se

263 943 510 1018 progredientem,
537 943 678 1000 viatorem
701 940 793 1010 misit,
823 941 872 1016 qui
896 940 1010 998 consuli
1032 941 1194 1012 nuntiaret,
1219 951 1255 999 nt
1275 943 1325 1000 sina

236 1047 413 1106 dilatoribus
435 1049 473 1106 ad
496 1048 667 1106 dictatorem
690 1045 812 1104 veniret.
860 1045 917 1118 Qui
947 1063 1036 1120 quum
1067 1046 1146 1104 dieto
1177 1049 1321 1122 paruisset

266 1171 495 1229 congressusque
517 1171 616 1210 eonrm
643 1151 787 1226 ingentem
809 1152 935 1227 speciem
964 1151 1116 1208 dictatura
1145 1154 1230 1228 apud
1258 1153 1322 1209 cives

265 1257 418 1333 sociosque
453 1266 597 1315 vetustate
626 1256 684 1313 iam
712 1274 804 1332 prope
835 1256 940 1314 oblitos
972 1257 1033 1312 eius
1065 1257 1181 1331 imperii
1207 1257 1319 1326 fecisset,

265 1364 367 1422 litteren
387 1366 426 1421 ab
451 1364 523 1421 urbe
545 1363 640 1420 allatas
661 1370 742 1432 sunt,
768 1380 859 1418 naves
889 1361 1038 1418 onerarias
1068 1373 1269 1422 commeatum
1294 1365 1320 1419 ab
1345 1422 1346 1425 ,

266 1467 351 1527 Ostia
371 1469 401 1526 in
423 1469 596 1543 Hispaniam
620 1469 657 1525 ad
679 1467 836 1524 exercitum
864 1474 1014 1542 portantes
1046 1485 1064 1523 a
1093 1467 1190 1525 classe
1221 1470 1320 1526 Punice

236 1573 342 1630 lcirca
363 1582 479 1648 portum
502 1572 649 1631 Cosanum
672 1580 773 1647 captas
802 1588 874 1628 esse.
923 1573 1027 1646 ltaque
1058 1574 1208 1649 externplo
1233 1571 1320 1630 consul

265 1677 379 1736 Ostiam
402 1678 544 1753 proficisci
558 1679 663 1748 iussus,
684 1677 873 1751 navibusque,
895 1695 960 1751 quae
981 1677 1018 1734 ad
1040 1680 1142 1737 urbem
1165 1683 1318 1740 Romanam
1346 1740 1347 1753 ἶ

265 1791 315 1840 aut
330 1781 421 1840 Ostiae
444 1793 548 1854 essent,
570 1783 719 1858 completis
743 1782 832 1840 milite
853 1802 888 1840 ec
909 1783 1062 1840 navalibus
1083 1785 1181 1856 sociis,
1198 1786 1320 1862 persequi

235 1889 390 1949 Shostium
412 1889 534 1947 classem
558 1906 592 1947 ac
617 1888 703 1945 litora
727 1887 820 1944 Italiae
849 1887 945 1946 tutari.
988 1890 1100 1964 Magna
1121 1891 1166 1947 vis
1182 1893 1317 1948 hominnm

265 1995 429 2071 conscripta
451 1996 552 2052 Romae
574 2002 651 2063 erat3
674 1991 798 2069 libertipi
822 1991 926 2063 etiarn,
949 1994 1053 2067 quibus
1074 1993 1159 2051 liberi
1187 2005 1283 2052 essent
1300 2008 1318 2050 a

235 2105 335 2158 ilaetas
357 2101 549 2170 militariam
570 2100 661 2156 verba
681 2098 858 2155 iuraverant.
902 2099 952 2156 Ex
971 2100 1026 2156 hoe
1048 2100 1161 2156 urbano
1195 2101 1318 2158 exercitu.

265 2206 314 2280 qni
335 2205 461 2261 minores
494 2203 621 2278 quinque
649 2213 678 2259 et
706 2201 825 2277 triginta
857 2202 939 2258 annis
972 2211 1068 2270 erant,
1100 2203 1131 2260 in
1159 2223 1251 2263 naves
1277 2207 1316 2262 im·

265 2310 360 2386 positi,
387 2309 446 2380 alii,
468 2317 499 2364 ut
520 2309 584 2365 urbi
605 2307 801 2384 praesiderent,
822 2305 922 2363 relicti.

172 2412 209 2478 12
348 2413 492 2483 Dictator,
515 2413 642 2470 exercitu
662 2410 787 2468 consulis
807 2419 927 2486 accepto
940 2429 959 2468 a
973 2410 1078 2468 Fulvio
1094 2411 1204 2471 Flacco
1227 2416 1316 2489 legato.

265 2536 440 2596 peragram
464 2518 604 2576 Sabinum
627 2519 730 2586 Tibur,
755 2536 813 2591 quo
838 2516 913 2572 diem
937 2517 974 2574 ad
996 2518 1228 2577 conveniendum
1251 2517 1316 2576 edix-

234 2628 327 2683 ierat
361 2623 444 2680 novis
476 2623 628 2692 militibus,
658 2623 746 2683 venit.
800 2623 873 2678 inde
902 2623 1050 2681 Praeneste
1082 2643 1117 2682 ac
1155 2623 1315 2683 transversis

263 2729 401 2787 limitibus
422 2729 451 2787 in
474 2729 550 2785 viam
568 2730 701 2785 Latinam
724 2738 768 2785 est
783 2745 923 2803 egressus,
946 2729 1031 2795 unde,
1052 2729 1203 2786 itineribus
1218 2747 1316 2788 sumna

265 2851 330 2892 cum
352 2853 423 2892 cura
444 2835 612 2909 exploratis,
632 2835 671 2891 ad
691 2836 804 2892 hostem
831 2831 925 2902 ducit,
947 2832 1026 2892 nullo
1048 2833 1129 2902 loco,
1156 2835 1213 2893 nisi
1240 2853 1315 2911 quan·

236 2943 325 2998 ‚itum
348 2939 504 2998 necessitas
521 2949 646 3014 cogeret,
668 2938 791 2995 fortunae
813 2954 844 2993 se
860 2938 1074 3000 commissurus.
1122 2939 1190 3014 Quo
1204 2942 1315 3016 primum
1348 2997 1350 3042 l

265 3046 311 3104 dia
325 3045 404 3104 haud
419 3045 521 3122 procul
534 3045 625 3120 Arpis
639 3044 669 3100 in
691 3051 847 3117 conspeetu
861 3041 987 3100 hostium
1003 3043 1100 3119 posuit
1121 3054 1230 3116 cestra,
1252 3044 1316 3102 nulla
1349 3043 1350 3060 ¹

265 3169 348 3208 mora
361 3149 450 3220 facta,
472 3151 541 3225 quin
556 3150 665 3207 Poenus
680 3149 815 3205 educeret
835 3148 865 3204 in
881 3147 971 3206 aciem
987 3149 1160 3224 copiamque
1181 3147 1315 3226 pugnandi

234 3254 382 3314 lfeceret.
429 3253 488 3312 Sed
516 3254 566 3311 ubi
589 3253 686 3329 quieta
709 3253 807 3310 omnia
833 3253 911 3329 apud
932 3255 1030 3311 hostes
1059 3273 1113 3312 nec
1142 3265 1241 3314 cast-re
1268 3255 1314 3312 nlla

264 3359 387 3417 tumultu
409 3367 489 3416 mota
509 3359 605 3429 videt,
636 3359 788 3434 increpans
811 3359 936 3434 quidem,
968 3359 1061 3417 victos
1083 3361 1202 3418 tandem
1225 3355 1314 3439 [quos]

265 3463 389 3521 Martios
412 3463 524 3520 animos
545 3465 696 3535 Romanis,
718 3464 950 3538 debellatumque
979 3471 1008 3520 et
1029 3483 1198 3522 concessum
1220 3483 1314 3543 propa-

237 3569 323 3626 blam
346 3569 382 3625 de
406 3566 510 3624 virtute
532 3584 567 3623 ac
589 3566 684 3642 gloria
703 3587 776 3639 esse,
797 3570 826 3626 in
849 3577 945 3626 castra
966 3567 1065 3638 rediit-3
1091 3578 1218 3627 ceterum
1240 3569 1313 3627 tacita

266 3691 336 3730 cura
358 3672 484 3729 animum
506 3672 636 3742 incessit,
659 3675 737 3749 quod
759 3692 824 3732 cum
846 3674 918 3732 duce
938 3675 1166 3750 haudquaquam
1192 3671 1313 3734 Flaminii

266 3778 486 3854 Semproniique
507 3778 592 3836 simili
613 3778 712 3836 littura
735 3779 790 3836 sibi
803 3797 850 3836 res
865 3787 942 3837 esset
963 3798 998 3837 ae
1019 3789 1080 3836 tum
1096 3779 1211 3839 demum
1234 3778 1311 3838 edocti

236 3883 349 3942 bmalis
377 3883 504 3942 Romani
529 3901 630 3958 parem
652 3885 812 3942 Hannibali
836 3885 938 3943 ducem
969 3885 1147 3960 quaesissent.
1192 3887 1231 3944 Et
1258 3902 1311 3962 pru·

266 3989 392 4046 dentiam
418 3987 532 4061 quidem
554 3989 624 4044 novi
645 3988 794 4047 dictatoris
821 3989 967 4064 extemplo
998 3991 1106 4058 timuit;
1134 3990 1310 4048 constantiam
