2812 4556
311 243 349 300 ts
592 240 672 290 ussa
689 239 767 295 uxr.¹
798 240 1007 307 (sauses.)

269 423 518 482 contionabundus
559 441 656 498 agere.
716 423 893 483 Stimulabat
928 433 957 483 et
988 433 1105 500 ternpus
1140 423 1350 500 propinquum

270 529 463 599 comitiorum,
482 547 520 586 ne
538 529 567 585 iu
589 545 683 587 novos
709 525 842 588 consules
856 531 963 588 bellum
978 527 1155 600 differretur,
1177 539 1207 588 et
1221 529 1350 588 occasio

240 628 299 692 7in
320 653 351 694 se
372 651 460 692 unum
482 634 628 692 vertenda
650 634 760 709 gloriae,
781 633 850 692 dum
872 655 950 711 regar
970 635 1084 711 collega
1106 643 1178 693 erat.
1223 636 1349 708 Itaque,

269 739 462 815 nequicquam
485 737 670 797 dissentiente
692 739 840 813 Cornelio,
866 742 965 818 parari
990 742 1028 800 ad
1051 742 1255 818 propinquum
1288 757 1349 798 cer·

270 855 366 902 tsman
388 843 492 902 milites
514 843 601 902 iubet.

353 949 502 1008 Hannibal
523 967 627 1023 quum,
651 950 720 1024 quid
743 952 883 1027 optimum
906 951 983 1012 foret
996 954 1084 1026 hosti,
1108 961 1261 1023 cernuat,
1300 949 1348 1006 vix

272 1057 362 1114 ullam
384 1073 466 1131 spem
487 1055 625 1125 babebat,
651 1063 759 1113 temere
780 1065 868 1132 atqua
895 1058 1059 1134 improvide
1088 1059 1250 1134 quicquam
1276 1075 1346 1115 con·

241 1161 349 1227 saules
372 1169 505 1231 acturos3
528 1181 616 1236 quum
646 1159 765 1220 alterius
785 1161 942 1237 ingenium,
964 1163 1046 1223 fama
1064 1166 1156 1242 prius,
1182 1163 1295 1222 deinde
1317 1181 1346 1218 re

272 1267 428 1343 cognitum,
450 1266 592 1342 percitum
613 1285 649 1324 ae
669 1264 754 1324 ferox
782 1267 868 1324 sciret
896 1287 975 1341 esse,
1010 1269 1198 1346 feroniusque
1228 1269 1342 1330 iactum

270 1391 410 1449 prospero
443 1389 509 1430 oum
536 1361 747 1448 praedatoribus
779 1372 839 1430 suis
866 1375 1023 1434 certamine
1053 1375 1202 1447 erederet,
1236 1376 1344 1433 edesse

239 1477 403 1552 9gereudre
426 1476 470 1532 rei
489 1477 637 1535 fortunam
665 1477 744 1535 haud
771 1477 931 1541 diffidebat.
975 1479 1065 1539 Cuius
1093 1499 1132 1538 ne
1161 1481 1242 1556 quod
1265 1497 1342 1556 pra·

270 1583 439 1638 termitteret
453 1590 576 1657 tempus,
597 1581 736 1640 sollicitus
750 1583 935 1658 intentusque
952 1595 1024 1655 arnt,
1047 1586 1115 1642 dum
1131 1587 1190 1643 tiro
1210 1585 1341 1644 hostium

270 1687 352 1744 miles
374 1697 458 1757 esset,
480 1689 549 1746 dum
571 1689 719 1747 meliorem
742 1707 780 1745 ex
801 1689 922 1748 ducibus
943 1691 1072 1748 inutilem
1091 1691 1197 1748 vulnus
1217 1692 1339 1755 faceret,

221 1802 256 1856 to
270 1794 338 1852 dum
361 1793 516 1852 Gallorum
539 1795 627 1852 animi
649 1794 788 1870 vigerent,
812 1813 934 1868 quorum
957 1797 1103 1871 ingentem
1126 1797 1338 1854 multitudinem

271 1899 381 1958 sciebat
401 1900 518 1976 segnius
539 1907 714 1970 secuturam,
739 1909 848 1975 quanto
871 1901 985 1977 longius
1015 1903 1053 1960 ab
1075 1901 1165 1959 domo
1187 1903 1336 1960 traheren-

222 2012 253 2066 Η
271 2015 327 2064 tur.
375 2005 471 2079 Quium
499 2008 538 2064 ob
566 2007 628 2064 haec
649 2006 779 2080 taliaque
810 2016 942 2080 speraret
968 2008 1164 2082 propinquum
1191 2015 1335 2066 conamen

271 2120 300 2167 et
321 2110 427 2181 fucare,
452 2112 477 2168 si
500 2120 671 2180 cessaretur,
694 2121 827 2186 cuperet,
852 2111 1108 2186 speculatoresque
1129 2111 1221 2182 Galli,
1243 2111 1283 2168 ad
1305 2126 1336 2165 ea

29 2194 60 2227 r-

24 2232 34 2314 't'
56 2217 184 2260 '’r-2«-
271 2216 461 2291 exploranda,
484 2235 548 2290 quas
568 2215 664 2287 vellet,
678 2215 810 2287 tutiores,
834 2215 903 2291 quia
924 2216 952 2272 iu
967 2217 1098 2292 utrisque
1112 2216 1217 2276 eastris
1232 2216 1333 2274 militu-

272 2320 352 2391 bant,
370 2329 491 2395 paratos
513 2338 618 2396 pugnas
640 2337 703 2378 esse
724 2321 876 2380 Romanos
898 2321 1079 2392 retulissent,
1107 2321 1205 2380 locum
1226 2319 1333 2378 insidiis

177 2424 221 2494 54
271 2425 512 2501 circumspectare
539 2425 647 2482 Poenus
675 2424 771 2499 coepit.
815 2426 890 2484 Erat
918 2427 948 2483 in
969 2410 1068 2484 madio
1097 2427 1179 2484 rivus
1211 2425 1333 2503 praealtis

271 2531 406 2605 utrinque
428 2531 542 2588 clausus
564 2531 634 2605 ripis
667 2538 696 2586 et
724 2529 801 2587 cirea
829 2531 940 2589 obsitus
968 2532 1148 2607 palustribus
1175 2534 1274 2592 herbis
1301 2538 1333 2598 et,

272 2635 375 2709 quibus
396 2636 504 2694 inculta
530 2635 621 2693 ferme
641 2635 812 2706 vestiuntur,
837 2637 969 2712 virgultis
995 2637 1203 2712 vepribusque.
1244 2637 1332 2711 Quem

271 2739 321 2796 ubi
343 2741 454 2814 equites
476 2759 593 2816 quoque
613 2742 738 2814 tegendo
759 2741 830 2798 satis
851 2741 1028 2800 latebrosum
1050 2742 1147 2800 locum
1162 2743 1333 2801 circumvee

241 2849 318 2906 2tus
338 2845 402 2920 ipse
425 2847 517 2905 oculis
530 2847 726 2922 perlustravit
751 2847 828 2917 ,Hic
842 2847 896 2904 erit
915 2847 1017 2905 locus“
1039 2849 1163 2924 Magoni
1184 2849 1268 2908 fratri
1290 2846 1332 2914 sit,

275 2969 380 3025 „quem
397 2961 507 3010 teneas.
556 2952 662 3027 Delige
690 2960 826 3010 centenos
856 2951 935 3009 vires
962 2971 1000 3009 ex
1028 2954 1108 3010 omni
1131 2954 1230 3030 pedite
1251 2961 1332 3026 atque

272 3058 377 3133 equite,
399 3075 464 3116 cum
487 3058 591 3133 quibus
611 3059 649 3115 ad
671 3077 718 3115 me
739 3057 840 3133 vigilia
860 3057 956 3133 prima
977 3058 1091 3128 venias3
1115 3077 1195 3116 nunc
1216 3073 1332 3134 corporo

242 3165 375 3220 3curare
395 3172 509 3238 tempus
531 3167 605 3222 est.“
642 3164 690 3220 Ita
704 3163 870 3238 praetorium
891 3165 1022 3224 missurn.
1070 3165 1144 3222 Mox
1164 3183 1231 3222 oum
1245 3163 1330 3221 delae·

273 3268 309 3324 tis
334 3268 424 3341 Mago
446 3267 556 3324 aderat.
612 3269 752 3338 „Robora
777 3268 906 3344 virorum
931 3273 1035 3327 cerno“
1058 3248 1154 3344 inquit
1175 3265 1331 3331 flammis

275 3373 345 3443 „sed
366 3371 408 3429 uti
438 3389 558 3430 numero
591 3372 693 3443 etiam,
726 3391 785 3432 uon
807 3374 911 3431 animis
939 3375 1027 3431 modo
1048 3375 1187 3447 veleatis,
1220 3371 1329 3449 singulis

273 3477 357 3534 vobis
389 3495 518 3535 novenos
549 3495 587 3534 ex
612 3477 715 3534 turmis
745 3479 958 3556 manipulisque
989 3481 1079 3540 vestri
1103 3479 1212 3540 similes
1235 3479 1328 3554 eligite.

253 3581 365 3657 'Mago
387 3581 482 3640 lecum
506 3582 697 3653 monstrabit,
727 3602 812 3658 quern
840 3585 1007 3654 insidentis,
1036 3585 1149 3643 hostem
1172 3604 1280 3644 cacum
1298 3579 1329 3640 ad

244 3689 330 3745 lhos
351 3687 419 3744 belli
444 3696 521 3744 artes
549 3688 690 3746 habetis-‘⁴
735 3690 784 3747 Ita
805 3689 883 3748 mille
907 3690 1081 3765 equitibus†
1104 3689 1242 3766 Magoni,
1264 3688 1329 3749 mille

278 3793 422 3869 peditibus
437 3792 572 3864 dimissis,
594 3793 744 3850 Hannibal
765 3794 860 3868 prima
873 3795 938 3854 luca
952 3795 1096 3854 Numidas
1111 3795 1226 3872 equitas
1246 3807 1329 3854 trans·

278 3917 393 3974 grassem
415 3898 554 3956 Trebiam
576 3899 682 3956 flumen
706 3900 877 3974 obequitare
896 3902 977 3960 iubet
998 3902 1123 3960 hostium
1139 3902 1243 3977 portis,
1263 3902 1329 3959 iam·

276 4004 424 4079 tendoque
446 4006 474 4060 iu
488 4003 626 4061 stationes
649 4004 751 4062 elicere
774 4004 813 4060 ad
833 4021 960 4080 pugnam
975 4007 1099 4077 hostem,
1119 4005 1227 4063 iniecto
1241 4003 1329 4064 dende
