2704 4552
254 199 312 255 120
525 195 603 244 Liber
620 194 723 247 xxm.
761 193 807 258 (A.
818 209 843 246 u.
855 209 878 249 e.
890 194 961 255 5³8.)

209 381 312 436 domos
334 377 523 453 singulorum,
545 395 618 452 quas
633 377 774 451 presidiis
797 376 941 434 clientium
962 395 1184 452 servorumque
1212 386 1299 432 ruz«¹

209 492 264 554 tur,
286 501 350 542 cum
372 501 486 542 summo
507 489 606 540 vestro
625 482 764 558 periculo,
786 483 837 540 sod
851 488 943 540 tutam
958 481 1074 540 habetis
1095 499 1131 538 ac

179 589 324 648 dclausos
346 605 446 644 ornnes
475 588 505 643 iu
535 587 615 645 ouria
635 587 772 662 aecipite,
802 586 895 657 solos,
923 587 1059 645 inermos.
1105 587 1175 643 Nec
1206 584 1282 658 qu'

210 711 297 768 quam
320 691 426 766 raptim
449 701 500 748 aut
530 691 606 750 forts
629 701 738 750 temere
760 692 889 766 egeritis3
921 693 957 748 de
978 691 1163 766 singulorum
1190 690 1304 764 capito

210 797 293 854 vobis
314 797 359 853 ius
379 797 527 853 sententia
549 796 677 854 dicenda
699 796 822 865 faciam,
850 803 890 866 ut,
913 813 986 869 quas
1012 796 1140 870 quisque
1163 794 1303 852 merita

179 909 262 974 test,
295 917 395 976 poenas
427 901 552 974 pendat3
585 901 636 958 sed
668 911 735 959 ante
759 903 857 959 omnia
885 902 927 958 ita
960 919 1014 958 vos
1045 901 1097 958 irae
1131 900 1303 974 indulgere

210 1014 340 1081 oportet,
375 1013 407 1060 ut
438 1004 583 1080 potiorem
612 1006 658 1062 ira
688 1006 812 1063 salutem
847 1015 934 1080 atque
963 1007 1121 1064 utilitatem
1152 999 1299 1062 vestram

208 1111 351 1170 habeatis.
399 1109 516 1167 Etenim
537 1111 600 1181 hos,
623 1119 654 1167 ut
676 1111 789 1186 opinor,
812 1112 913 1169 odistis
925 1119 1089 1179 senatores,
1112 1128 1176 1166 non
1200 1126 1314 1171 sena-2

180 1223 269 1274 5tum
294 1214 411 1271 omnino
432 1215 541 1271 habere
561 1233 621 1272 non
644 1215 746 1284 vultis3
771 1215 878 1291 quippe
901 1223 951 1272 aut
971 1233 1033 1284 rex,
1058 1213 1142 1288 quod
1170 1212 1296 1270 abomi-

209 1321 347 1388 nandum,
370 1327 429 1389 aut,
452 1319 530 1392 quod
552 1338 640 1376 unum
655 1320 753 1376 liberae
768 1319 892 1376 civitatis
911 1320 1061 1377 consilium
1085 1327 1142 1388 est,
1164 1329 1298 1374 senatus

210 1424 359 1483 habendus
382 1431 433 1480 est.
478 1423 583 1497 Itaque
612 1424 676 1480 duae
697 1442 744 1480 res
766 1424 851 1482 simul
883 1424 1003 1500 agendae
1024 1423 1111 1480 vobis
1141 1431 1226 1489 sunt,
1263 1431 1293 1476 ut

180 1534 239 1589 liet
259 1537 386 1585 vet-erem
414 1535 544 1583 senatum
573 1527 681 1584 tollatis
711 1538 740 1584 et
760 1547 868 1586 novum
901 1529 1055 1605 coaptetis.
1100 1527 1199 1586 Citari
1228 1527 1293 1582 sin·

209 1633 293 1707 gulos
329 1638 478 1688 senatores
508 1632 614 1688 iubebo
647 1633 741 1706 deque
770 1651 868 1690 eorum
901 1635 996 1710 capite
1024 1652 1080 1690 vos
1113 1631 1291 1693 consulam:

211 1738 289 1811 quod
322 1736 358 1792 de
388 1751 505 1808 quoque
534 1737 719 1808 censueritis,
750 1739 814 1806 tiet3
845 1740 897 1795 sed
925 1740 1007 1814 prius
1035 1737 1066 1794 in
1095 1736 1160 1794 eius
1187 1736 1288 1792 locum

209 1843 303 1899 virum
318 1841 423 1898 fortem
447 1857 482 1896 ac
503 1848 650 1897 strenuum
665 1859 774 1897 novum
796 1851 958 1899 sanatorem
982 1840 1172 1918 cooptabitis,
1196 1857 1289 1914 quam

180 1945 246 2004 'lde
265 1945 354 2002 noxio
377 1944 549 2019 supplicium
575 1949 735 2002 sumatur.“
787 1946 858 2002 Inde
881 1947 1012 2006 consedit
1042 1955 1085 2016 et,
1116 1946 1289 2002 nominibus

209 2049 241 2108 ἰή
261 2070 362 2108 urnam
387 2050 532 2118 coniectiS,
562 2050 654 2119 citari,
678 2050 756 2123 qnod
783 2050 907 2124 primum
929 2059 1007 2108 sorte
1034 2069 1143 2109 nomen
1168 2049 1287 2114 excidit,
1350 2104 1351 2107 ,

180 2151 363 2231 8ipsumque
392 2175 408 2211 e
438 2152 519 2209 curia
545 2154 668 2226 produci
700 2154 792 2210 iussit.
846 2155 906 2213 Ubi
935 2155 1065 2212 auditum
1096 2163 1142 2211 est
1168 2172 1287 2219 nomen,

210 2259 318 2316 malum
341 2268 369 2315 et
390 2258 555 2332 improbum
578 2277 632 2332 pro
655 2276 687 2316 se
709 2259 831 2333 quisque
851 2259 978 2318 clamare
1000 2269 1029 2316 at
1049 2258 1197 2334 supplicio
1222 2258 1285 2332 dig·

180 2364 288 2421 tinum.
337 2365 414 2420 Tum
444 2363 607 2419 Pacuvius:
640 2363 770 2434 „videa
802 2382 867 2437 quaa
899 2366 936 2422 de
967 2367 1023 2422 hoc
1056 2365 1203 2421 sententia
1235 2363 1285 2427 sit;

211 2470 278 2526 date
309 2467 397 2542 igitur
432 2484 485 2541 pro
519 2467 597 2524 malo
633 2475 720 2542 atque
745 2467 880 2542 improbo
914 2471 1022 2526 bonum
1052 2477 1223 2526 senatorem
1258 2479 1285 2524 et

163 2575 197 2627 10
210 2575 346 2631 iustum.“
402 2572 502 2628 Primo
532 2572 675 2629 silentium
706 2583 770 2629 erat
798 2573 898 2648 inopia
931 2573 1053 2648 potioris
1085 2573 1285 2633 subiiciundi:

210 2678 314 2734 deinde
335 2694 423 2750 quum
448 2671 552 2752 aliquis
575 2679 684 2734 omissa
708 2679 883 2735 verecundia
902 2680 1068 2754 quempiam
1090 2680 1284 2736 nominasset.

120 2855 122 2859 Ι
161 2781 300 2838 tinnitu
325 2782 419 2838 maior
448 2783 593 2857 externplo
625 2782 735 2840 clamor
764 2783 925 2853 oriebatur,
956 2801 1044 2856 quum
1067 2784 1118 2840 alii
1139 2797 1285 2860 negarent

210 2906 304 2957 nosse,
328 2887 377 2944 alii
390 2905 466 2944 nunc
479 2888 597 2961 probra,
619 2905 694 2944 nuuc
715 2886 905 2944 humilitatem
927 2881 1137 2962 sordidamque
1151 2889 1283 2964 inopiam

162 2992 196 3046 12
211 3000 240 3049 et
260 2992 402 3066 pudendae
424 2991 494 3047 artis
521 2999 571 3047 aut
600 2999 725 3064 quaestus
754 3008 845 3064 genus
867 2990 1032 3047 obiicerent
1087 2993 1156 3050 Hoc
1191 2994 1283 3050 multo
1348 3038 1351 3047 ,

211 3097 304 3170 magis
337 3097 366 3152 in
396 3096 523 3152 secundo
557 3113 592 3152 ac
619 3095 704 3152 tertio
736 3091 824 3151 citato
846 3103 981 3152 senatore
1013 3105 1057 3152 est
1088 3095 1219 3166 facturn,
1253 3107 1284 3152 ut
1350 3148 1351 3175 ,

210 3199 300 3274 ipsius
322 3199 459 3274 paenitere
486 3201 618 3256 homines
640 3212 804 3274 appareret,
828 3219 913 3273 quem
935 3209 1033 3257 autam
1060 3200 1090 3256 in
1119 3202 1181 3257 eius
1215 3203 1283 3258 sub·
1348 3178 1352 3257 l

163 3304 197 3358 13
211 3303 361 3360 stituerent
381 3303 493 3373 locum,
518 3303 634 3374 deesse,
658 3304 726 3378 quia
747 3321 800 3360 nec
822 3306 938 3362 eosdem
961 3305 1107 3362 nominari
1129 3306 1282 3367 attinebat,
1350 3286 1351 3291 ἵ

211 3407 282 3464 nihil
315 3407 393 3463 eliud
419 3425 508 3480 quam
541 3411 579 3465 ad
607 3409 753 3466 audienda
781 3411 891 3483 probra
919 3412 1100 3480 nominatos,
1133 3420 1163 3467 et
1189 3412 1281 3468 multo

117 3553 120 3560 .
210 3511 378 3568 humiliores
400 3513 642 3587 obscurioresque
664 3514 752 3571 ceteri
775 3523 857 3570 erant
881 3515 932 3587 eis,
955 3515 1004 3590 qui
1024 3514 1111 3592 primi
1134 3517 1281 3574 memoria
1350 3582 1351 3587 ἵ

163 3618 196 3671 14
212 3619 410 3677 occurrebant.
457 3618 505 3674 Ita
527 3617 616 3675 dilabi
637 3619 779 3688 homines,
803 3619 985 3676 notissimum
1011 3621 1147 3694 quodque
1170 3620 1278 3676 malurn
1350 3620 1351 3691 l

212 3722 336 3778 maxime
358 3723 509 3781 tolerabile
538 3724 665 3784 dieentes
691 3741 771 3792 esse,
793 3723 982 3797 iubentesque
1011 3733 1145 3782 senatum
1171 3741 1207 3779 ex
1229 3741 1278 3779 cu·
1350 3700 1351 3711 ³

211 3827 305 3884 stodia
327 3827 445 3884 dimitti.

116 3923 138 3991 4
293 3934 361 3989 Hoc
392 3932 480 3990 modo
502 3932 649 3989 Pacuvius
675 3950 763 4005 quum
796 3932 954 3989 obnoxium
977 3932 1044 3990 vitre
1065 3932 1204 3990 beneficio
1232 3949 1275 3988 se-
