2678 4560
326 267 380 325 128
570 265 648 316 Liber
664 263 792 315 XXVIII.
828 265 877 328 (Δ.
889 281 916 317 u.
929 281 951 315 e.
963 267 1036 324 647.)

276 452 430 512 continenti
465 454 601 529 iungatur
639 463 774 527 terraque
814 453 922 510 aditum
954 451 1116 510 faciliorem
1143 473 1224 528 quem
1252 456 1310 511 mari

246 561 391 626 3habeat
436 560 530 635 Igitur
558 559 709 634 Philippus
737 577 756 615 a
784 557 971 616 Demetriade
1000 557 1182 630 Scotussam,
1207 560 1269 616 inde
1285 560 1310 616 de

275 666 361 724 tertia
392 665 493 741 vigilia
524 662 689 740 profectus,
732 663 841 722 deiecto
882 664 1015 740 prasidio
1053 662 1183 738 fusisque
1214 663 1312 730 AEtolia

277 774 326 848 qui
347 772 452 830 saltum
474 772 736 847 Thermopylarum
757 771 935 841 insidebant,
968 790 1058 846 quum
1085 771 1211 846 trepidos
1235 773 1332 828 hostat

276 879 448 938 Heracleam
470 877 669 953 compulisset,
701 878 763 953 ipse
786 896 844 935 uuo
867 877 914 935 die
935 877 1074 935 Phocidis
1096 878 1222 936 Elatiam
1245 877 1332 934 nilliu'

247 985 399 1061 lampiius
437 985 589 1060 sexaginte
630 983 784 1044 contendit.
833 983 945 1042 Eodem
977 983 1070 1040 ferme
1100 983 1148 1040 die
1174 985 1211 1040 ab
1233 983 1313 1040 Attalo

276 1108 344 1166 rege
365 1090 560 1165 Opuntiorum
599 1091 667 1147 urbs
697 1099 784 1165 capta
811 1089 1007 1165 diripiebatur.
1058 1086 1250 1147 Concesserat
1268 1107 1331 1187 euni

276 1197 337 1272 regi
358 1197 486 1272 praedam
509 1195 668 1271 Sulpicius,
690 1195 758 1271 quia
780 1194 888 1254 Oreum
909 1211 1019 1271 paucos
1041 1203 1110 1251 aute
1130 1193 1195 1252 dies
1217 1196 1252 1252 ab
1272 1194 1331 1255 uel

247 1307 362 1360 hmano
385 1301 484 1371 milite,
505 1301 671 1378 expertibus
690 1301 785 1376 regis,
801 1302 943 1377 direptum
962 1299 1066 1371 fuerat,
1089 1320 1181 1375 quum
1205 1278 1330 1360 Romami

276 1407 375 1466 classis
402 1426 436 1463 eo
464 1425 496 1463 se
523 1407 686 1482 recepisset.
733 1407 861 1478 Attalus,
888 1407 1006 1482 ignarus
1034 1407 1180 1464 adventus
1202 1400 1330 1493 Philippi}

245 1513 403 1589 bpeouniis
441 1533 460 1570 a
496 1513 673 1588 principibus
709 1513 856 1588 exigendis
890 1514 1003 1570 terebat
1033 1524 1170 1588 lempna,
1208 1504 1329 1585 adeoque'

274 1617 432 1694 improvisa
453 1637 500 1676 res
521 1618 584 1689 fuit,
605 1628 645 1689 ut,
667 1617 722 1675 uisi
737 1617 915 1676 Cretensium
938 1619 1055 1692 quidam
1071 1619 1149 1676 forte
1167 1619 1312 1695 pabulatur

275 1725 313 1782 ab
334 1727 404 1782 urbe
422 1725 536 1800 longius
557 1725 703 1800 progressi
725 1743 828 1800 agmen
847 1725 972 1781 hostium
992 1726 1094 1800 procul
1109 1727 1309 1801 conspexissem

246 1831 399 1907 iopprimi
429 1831 564 1906 potuerit.
613 1830 731 1888 Attalus
761 1829 991 1906 inermis'utque
1018 1831 1234 1907 incompositus
1255 1847 1311 1888 cura

273 1935 364 1996 effuso
396 1957 477 1996 mare
504 1956 539 1994 ac
564 1955 654 1994 naves
684 1935 775 2012 petit,
807 1947 836 1994 et
863 1937 1046 1996 molientibus
1075 1939 1113 1994 ab
1141 1945 1225 1995 terra
1249 1951 1313 1993 nare

272 2043 423 2120 Philippus
460 2045 625 2119 supervenit
665 2044 876 2119 tumultumque
911 2043 999 2102 etiam
1038 2063 1075 2100 ex
1106 2055 1191 2100 terra
1217 2039 1336 2100 nautio‘t

245 2149 401 2225 8praebuit.
448 2148 522 2206 Inde
549 2148 694 2224 Opuntem
730 2149 823 2220 rediit,
857 2149 926 2207 deos
959 2150 1150 2224 hominesque
1188 2136 1332 2230 accusant*¹

275 2253 354 2328 quod
383 2262 470 2310 tantm
495 2255 538 2312 rei
567 2253 713 2312 somenam
743 2273 780 2312 ex
807 2256 897 2313 oculis
924 2275 1016 2332 prope
1041 2267 1160 2332 raptam
1183 2252 1333 2313 amisisset'

244 2358 394 2433 OOpuntii
420 2377 535 2434 quoque
563 2361 601 2417 ab
633 2362 733 2418 eadem
754 2361 799 2418 ira
820 2362 967 2436 increpiti,
1005 2361 1093 2436 quod,
1116 2381 1209 2437 quum
1224 2361 1313 2418 trahere

275 2464 452 2522 obsidionem
481 2467 510 2522 iu
541 2467 696 2523 adventum
730 2485 813 2524 sunm
835 2469 1011 2542 potuissent,
1044 2469 1109 2524 viso
1132 2466 1232 2523 statim
1252 2465 1312 2520 hoste

226 2577 364 2646 loprope
393 2571 423 2627 in
457 2572 650 2630 voluntariam
686 2572 858 2630 deditionem
894 2573 1110 2632 concessissent.
1157 2564 1312 2644 Composita

273 2676 349 2732 circa
370 2676 515 2752 Opuntem
549 2678 645 2748 rebus,
674 2678 835 2735 Thronium
868 2687 910 2735 est
942 2678 1098 2759 profectus.
1146 2678 1188 2734 Et
1218 2673 1311 2734 Attalus

273 2782 366 2857 primo
389 2781 514 2852 Oreum,
535 2783 611 2852 inde,
633 2801 720 2857 quum
745 2782 826 2840 fama
846 2784 1010 2855 accidisset,
1031 2784 1167 2854 Prusian,
1190 2777 1310 2855 Bithynis

273 2908 381 2965 regem,
410 2890 440 2947 in
468 2891 539 2946 fines
567 2890 649 2964 regni
677 2889 721 2946 sui
741 2899 964 2964 transgressum,
999 2891 1113 2948 omissis
1134 2891 1224 2947 rebus
1246 2897 1310 2958 atque

226 3001 259 3054 ll
274 2996 403 3054 AEtolico
444 2993 519 3052 bello
560 2993 591 3049 iu
626 2994 728 3052 Asiam
765 2997 885 3054 traiecit.
942 2998 982 3054 Et
1014 2997 1158 3072 Sulpicius
1190 2995 1309 3069 AEginssffi

274 3101 394 3158 classem
413 3102 530 3177 recepit,
552 3101 628 3158 unde
642 3101 722 3159 initio
741 3102 816 3160 veris
831 3102 976 3177 profectus
993 3111 1065 3160 erat.
1112 3100 1204 3158 Haud
1223 3098 1308 3156 maiore
1332 3145 1333 3154 ,

274 3207 446 3276 certamine,
479 3226 565 3281 quam
592 3206 735 3282 Opuntem
758 3207 875 3264 Attalus
896 3215 1026 3282 ceperat,
1059 3207 1214 3282 Philippus
1236 3205 1308 3262 Tne

225 3315 259 3370 12
273 3312 351 3369 nium
388 3313 472 3387 cepit.
540 3311 709 3369 Incolebant
746 3313 845 3370 urbem
885 3331 948 3370 eam
986 3311 1104 3388 profugi
1138 3312 1176 3368 ab
1221 3303 1307 3368 Thebis

272 3417 456 3488 Phthioticis3
493 3417 563 3474 urbe
594 3435 647 3474 sua
669 3426 755 3494 cepta
776 3436 794 3474 a
814 3418 950 3494 Philippo
969 3437 1057 3494 quum
1082 3417 1218 3476 infidam
1240 3415 1306 3472 AEto

272 3524 365 3581 lorum
403 3523 615 3599 perfugissent,
650 3523 746 3580 sedem
781 3524 816 3581 iis
847 3524 941 3582 AEtoli
979 3543 1042 3581 eam
1081 3524 1218 3581 dederant
1247 3515 1305 3575 mhi-²

224 3633 392 3687 l3vastatae
423 3648 458 3686 ac
486 3630 605 3686 desertae
633 3629 730 3704 priore
757 3629 882 3688 eiusdem
909 3630 1038 3706 Philippi
1059 3631 1144 3688 bello.
1192 3621 1304 3686 '1me

272 3733 418 3805 Thronio,
463 3735 537 3792 sicut
573 3743 640 3792 ante
676 3736 783 3793 dictum
827 3745 885 3805 est,
929 3745 1047 3812 recepta
1084 3735 1229 3812 proiectus
1267 3727 1303 3787 Ti

271 3837 395 3894 thronon
429 3848 458 3895 et
486 3840 638 3915 Drymiea,
673 3841 791 3898 Doridis
820 3859 912 3916 parve
939 3851 1027 3917 atque
1047 3843 1187 3918 ignobilia
1208 3836 1301 3914 oppida

273 3944 356 4018 cepit.
402 3945 474 4000 lude
496 3945 638 4016 Elatiam,
662 3947 746 4004 iussis
767 3946 809 4003 ibi
826 3964 859 4002 se
880 3947 1006 4022 opperiri
1027 3949 1178 4006 Ptolemaei
1197 3941 1301 4004 Rhodio·

225 4055 258 4107 lt
272 4067 392 4124 rumque
413 4049 529 4124 legatis,
563 4051 650 4112 venit.
705 4051 765 4112 Ubi
787 4071 874 4127 quum
897 4054 934 4108 de
953 4053 1079 4112 finiendo
1101 4053 1225 4111 AEtolioo
1245 4045 1300 4105 bello
