2700 4426
434 221 513 270 einer
529 221 618 271 xxv.
655 219 762 285 (aen.
777 220 849 283 212.)
1067 220 1125 277 247
1167 203 1172 210 ’

106 423 174 479 qne.
224 403 382 463 Casilinum
405 403 580 462 frumentum
608 388 794 474 convectum
823 403 861 460 ad
888 401 1026 459 Vulturni
1055 402 1200 472 ostium,2

106 510 156 567 nbi
177 529 254 566 nune
276 512 344 568 urbs
367 519 418 578 est,
443 511 592 567 castellum
616 510 838 579 communitum,
862 510 932 564 siout
952 507 1080 562 Puteolos
1103 513 1169 561 ante

105 615 218 673 Fabius
239 615 387 672 Maximus
409 616 567 684 munierat,
589 626 615 672 et
637 616 801 690 praesidium
823 613 1006 688 impositum,
1036 619 1068 666 nt
1088 628 1170 666 mare

106 722 270 796 proximum
295 730 323 777 et
348 721 454 777 flumen
475 720 506 783 in
527 730 670 795 potestate
692 730 786 781 essent.
829 720 864 776 In
887 737 923 775 ea
944 718 1002 773 duo
1026 715 1199 772 maritima3

106 828 227 884 castella
258 825 449 895 frumentum,
486 827 564 899 qnod
595 845 632 883 ex
665 825 801 884 Sardinia
831 842 923 898 nuper
954 821 1073 877 missum
1106 825 1169 875 erat

107 932 244 1006 qnodque
275 931 316 991 M.
340 931 439 988 Iunius
473 942 581 1005 praetor
612 951 649 988 ex
673 929 791 988 Etruria
822 934 984 996 coemerat,
1020 926 1057 980 ab
1085 922 1169 981 Ostia

106 1045 277 1094 convectum
292 1046 351 1106 est,
373 1046 404 1093 ut
419 1037 557 1094 exercit-ui
581 1057 633 1112 per
653 1037 775 1094 hiemem
799 1035 883 1108 copia
905 1041 988 1089 esset,
1033 1028 1197 1090 Ceteruml

105 1159 280 1216 supeream
308 1143 430 1211 cladem,
461 1159 525 1215 qnae
551 1142 580 1198 in
612 1141 737 1198 Lucanis
765 1148 884 1218 accepta
918 1147 995 1204 erat,
1029 1136 1166 1191 volonum

106 1265 224 1321 queque
256 1247 413 1316 exercitus,
447 1246 496 1320 qui
527 1248 595 1303 vivo
628 1247 765 1305 Graccho
798 1263 911 1301 summa
940 1244 996 1299 fide
1024 1240 1168 1315 stipendia

105 1351 225 1423 fecerat,
246 1352 327 1408 velut
346 1361 552 1409 exauctoratus
571 1362 664 1408 morte
686 1351 767 1407 decis
784 1353 822 1408 ab
844 1350 932 1424 signis
954 1347 1093 1405 discessit.

192 1458 340 1515 Hannibal
368 1476 427 1513 non
459 1456 590 1532 Capuam
621 1458 781 1532 neglectam
816 1474 911 1529 neque
943 1455 972 1509 in
999 1461 1080 1508 tanto
1108 1451 1199 1512 dis-5

106 1562 226 1619 crimine
255 1564 384 1620 desertos
411 1563 530 1619 volebat
558 1561 666 1631 socios;
694 1562 745 1618 sed
774 1578 915 1636 prospero
944 1577 981 1615 ex
1009 1557 1171 1614 temeritate

104 1666 191 1724 nnius
223 1668 349 1725 Romani
381 1668 461 1724 ducis
492 1663 626 1724 successu
659 1667 687 1722 in
721 1667 839 1723 alterius
868 1665 948 1722 ducis
970 1662 1170 1735 exercitusque

107 1770 289 1844 opprimendi
321 1773 513 1829 occasionem·
535 1771 713 1832 imminebat.
767 1771 821 1830 Cn.
852 1771 987 1828 Fulvium
1017 1775 1200 1843 praetoremss

105 1874 199 1948 Apuli
220 1875 307 1949 legati
329 1877 500 1933 nuntiabant
522 1876 626 1951 primo,
646 1877 713 1932 dum
736 1878 822 1932 urbes
837 1876 978 1949 quasdam
995 1873 1170 1948 Apulorum,

107 1997 173 2053 quae
200 1980 238 2036 ad
260 1981 456 2039 Hannibalem
486 1981 689 2050 descivissent,
721 1991 918 2056 oppugnaret,
945 1979 1082 2035 intentius
1108 1995 1169 2033 rem

106 2084 216 2158 egisset
237 2094 340 2158 postea
359 2087 447 2143 nimio
470 2105 602 2144 successu
626 2096 654 2142 et
681 2087 775 2161 ipsum
806 2095 834 2142 et
864 2085 967 2141 milites
996 2084 1096 2158 praeda
1114 2083 1170 2138 im-

106 2188 202 2264 pletos
231 2189 264 2247 in
296 2200 405 2247 tantam
438 2191 583 2247 licentiam
599 2258 602 2263 ῃ
618 2193 840 2265 socordiamque
872 2188 995 2260 effusos,
1029 2184 1060 2245 ut
1091 2187 1171 2244 nulla

107 2293 260 2368 disciplina
282 2296 389 2353 militiae
410 2307 495 2352 esset.
544 2297 640 2369 Quum
659 2315 736 2370 saepe
757 2296 839 2364 alias,
861 2305 921 2350 tum
943 2295 1044 2368 paucis
1069 2294 1199 2350 diebus?

108 2413 176 2456 ante
197 2411 342 2475 expertus,
364 2401 458 2476 qualis
480 2403 533 2458 sub
555 2402 644 2458 inscio
667 2403 739 2458 duce
761 2401 905 2458 exereitus
927 2410 1011 2470 esset,
1032 2400 1061 2455 in
1086 2400 1170 2471 Apu·

107 2504 176 2561 liam
207 2517 305 2562 castra
335 2507 434 2564 movit.
484 2506 569 2565 Circa
597 2507 784 2563 Herdoneam
814 2509 954 2564 Romanae
981 2506 1109 2580 legiones
1143 2512 1171 2558 et
1224 2503 1264 2570 21

106 2619 216 2685 praetor
236 2611 357 2668 Fulvius
380 2623 450 2669 erat.
495 2614 561 2685 Quo
584 2613 632 2669 ubi
654 2613 773 2669 allatum
796 2624 854 2681 est,
883 2613 982 2668 hostes
1004 2612 1172 2677 adventare,

106 2734 200 2791 prope
223 2728 266 2773 est
287 2715 407 2784 factum,
428 2725 461 2771 ut
474 2717 583 2772 iniussu
605 2717 736 2791 praetoris
758 2717 847 2791 signis
870 2716 1014 2773 convulsis
1028 2716 1057 2772 in
1080 2715 1171 2772 aciem

107 2820 234 2888 exirent3
257 2838 309 2876 nec
330 2840 376 2876 res
392 2821 485 2895 magis
510 2822 569 2877 ulla
590 2822 681 2878 tenuit
702 2834 788 2896 qnam
811 2840 877 2896 spes
898 2822 977 2878 haud
998 2822 1096 2904 debiat,
1118 2838 1171 2875 suo

106 2923 138 2980 id
160 2925 291 2994 arbit-rio,
313 2927 361 2983 ubi
383 2927 498 2996 vellent,
522 2928 660 2985 facturos.
704 2929 799 2984 Nocte
830 2926 991 3001 insequenti
1014 2925 1201 2992 Hannibal,2

108 3047 197 3102 quum
221 3030 425 3087 tumultuat-um
453 3032 482 3087 in
511 3032 613 3087 castris
643 3039 670 3088 et
698 3033 853 3107 plerosque
880 3031 1029 3098 ferociter,
1058 3031 1170 3105 signum

108 3143 141 3189 ut
155 3134 247 3202 daret,
260 3135 406 3192 institisse
427 3137 493 3193 duci
508 3136 552 3192 'ad
575 3156 656 3193 arma
678 3149 816 3195 vocantes
840 3136 935 3206 sciret,
957 3137 1035 3192 haud
1059 3137 1201 3206 dubius,3

107 3257 256 3314 prosperae
291 3259 396 3315 pugnae
429 3242 610 3298 occasionem
647 3242 726 3312 dari,
761 3243 816 3300 tria
848 3242 937 3298 millia
971 3242 1170 3317 expeditorum

107 3344 229 3400 militum
254 3344 284 3400 in
305 3345 381 3401 villis
404 3345 479 3401 circa
493 3348 689 3421 vepribusque
711 3357 739 3404 et
760 3349 840 3405 silvis
858 3347 994 3422 disponit,
1017 3347 1065 3420 qui
1088 3347 1170 3421 signo

108 3448 178 3504 dato
202 3449 288 3505 simul
310 3468 410 3506 omnes
439 3451 594 3509 elatebris
616 3453 801 3523 exsisterent,
829 3463 857 3511 et
878 3455 1034 3528 Magonem
1057 3470 1091 3508 aa
1113 3452 1200 3514 duat

106 3551 199 3610 ferme
220 3554 310 3610 millia
329 3555 466 3629 equitum,
488 3575 547 3631 qua
561 3557 660 3632 fugam
683 3558 882 3615 inclinaturam
905 3558 1050 3626 credebat,
1073 3556 1170 3613 omnin

105 3656 212 3713 itinera
233 3657 357 3715 insidere
387 3661 476 3720 iubet.
523 3663 579 3718 His
606 3673 691 3720 nocte
720 3663 901 3738 praeparatis,
929 3661 1023 3735 prima
1049 3661 1113 3718 luce
1141 3661 1170 3717 in

107 3762 199 3818 aciem
223 3763 323 3837 copias
345 3765 455 3834 educit;
476 3785 529 3822 nee
552 3768 673 3824 Fulvius
696 3778 739 3824 est
760 3778 926 3836 cunctatus,
954 3786 1012 3823 non
1033 3777 1093 3825 tam
1116 3779 1201 3832 sua5

107 3867 168 3923 ulla
188 3886 242 3943 spe
263 3886 351 3942 quam
372 3871 494 3927 militum
516 3872 623 3948 impetu
645 3871 765 3929 fortuito
780 3882 898 3930 tractus.
940 3872 1045 3946 Itaque
1067 3876 1170 3932 eadem

107 3973 285 4045 temeritate,
310 3992 368 4048 qua
389 3994 555 4049 processum
577 3978 606 4033 in
629 3979 720 4034 aciem
743 3989 800 4048 est,
828 3979 979 4035 instruitur
998 3977 1064 4052 ipsa
1093 3979 1170 4036 acies
