2700 4426
370 157 449 207 Liber
465 159 581 214 xxvn.
617 159 661 221 (A.
676 159 723 212 Oh.
737 161 810 225 209.)
1050 171 1086 226 81

65 337 135 395 iacti
164 339 341 416 signatique,
373 341 436 399 auri
458 342 605 417 octogiuta
631 343 687 400 tria
714 344 804 401 millia
833 347 948 420 pondo,
981 347 1065 422 sigua
1097 364 1132 406 ao

14 430 16 435 ’
65 443 185 514 tabulae,
223 463 315 519 prope
346 453 378 502 ut
409 445 619 521 Syracusarum
649 458 820 506 ornamenta
841 451 1028 524 aequaverint.
1072 452 1163 512 Sed8

65 549 175 606 maiore
198 550 295 606 animo
317 551 431 626 generis
454 551 515 609 eius
536 554 636 628 praeda
657 553 795 610 abstinuit
815 554 925 612 Fabius
947 573 1034 629 quam
1050 557 1131 614 Mar-

65 654 167 723 cellus3
198 654 247 728 qui
271 655 461 730 interroganti
483 656 594 728 scriba,
623 659 691 732 quid
713 659 775 715 fieri
794 659 883 733 signis
904 661 989 717 vellet
1008 661 1131 735 ingentis

64 759 269 833 magnitudinis
291 760 334 835 (di
356 770 437 831 sunt,
465 778 518 817 suo
541 763 662 837 quisque
687 764 788 822 habitu
810 766 840 821 in
861 767 977 821 modum
999 743 1130 840 pugnan-

64 863 134 920 tium
162 863 311 940 formati),
344 865 414 920 deos
443 866 535 923 iratos
556 869 866 943 Tarentinis'relinqui
887 870 979 926 iussit.
1028 867 1161 926 iturust

63 968 148 1038 inde,
179 969 228 1042 qui
249 971 350 1026 urbem
374 972 411 1027 ab
435 989 502 1028 arce
524 972 694 1044 dirimebat,
722 975 833 1031 dirutus
863 985 907 1030 est
928 994 963 1030 ao
984 975 1127 1032 disiectus.

152 1075 231 1130 Dum
256 1075 318 1130 haec
340 1085 481 1149 aguntur,
504 1078 661 1150 Hannibal,
683 1078 727 1149 iis,
750 1078 800 1152 qui
822 1077 994 1137 Cauloniam
1016 1081 1129 1137 obside-

62 1181 149 1248 bant,
186 1180 216 1234 in
243 1179 416 1236 deditionem
440 1183 583 1257 acceptis,
620 1185 719 1240 audita
749 1184 966 1257 oppugnatione
998 1186 1129 1255 Tarenti,
1146 1180 1180 1233 ¹0

63 1285 123 1342 dies
152 1293 309 1357 noctesque
337 1285 442 1342 cursim
467 1287 582 1361 agmine
604 1296 684 1357 acto,
707 1265 958 1362 quum'festiuans
983 1291 1021 1346 ad
1043 1309 1127 1365 opem

61 1389 210 1446 ferendam
233 1399 348 1464 captam
373 1390 472 1446 urbem
495 1391 639 1462 audisset,
672 1393 730 1460 „Et
756 1393 882 1450 Romani
909 1411 991 1451 suum
1015 1396 1128 1452 Hauni-

61 1495 175 1551 balem“
191 1495 284 1568 inquit
307 1496 448 1564 „habent3
470 1495 580 1566 eadem,
603 1515 661 1569 qua
682 1515 860 1571 ceperamus,
882 1506 944 1555 arte
968 1500 1128 1556 Tarentum
1210 1510 1213 1515 '

61 1599 237 1655 amisimus.‘⁴
277 1600 324 1656 Ne
339 1607 435 1655 tamen
451 1598 587 1674 fugientis
612 1601 698 1657 modo
721 1603 897 1659 convertisse
920 1621 1023 1677 agmen
1048 1604 1127 1660 vide·
1143 1602 1176 1656 ll

60 1716 157 1775 retur,
190 1723 247 1777 quo
282 1703 450 1760 constiterat
485 1703 570 1774 loco,
607 1706 734 1779 quinque
769 1708 860 1764 millia
883 1707 974 1763 ferme
996 1710 1033 1764 ab
1057 1709 1127 1765 urbe

60 1810 158 1884 posuit
191 1818 303 1877 castra3
341 1808 381 1864 ibi
414 1824 524 1882 paucos
561 1817 691 1877 moratus
727 1810 787 1866 dies
824 1811 1027 1884 Metapontum
1064 1829 1128 1869 sese

60 1914 176 1988 recepit.
222 1914 295 1970 Inde
322 1913 395 1969 duos
418 1912 633 1986 Metapontinos
663 1930 727 1969 cum
758 1915 860 1972 litteris
882 1914 1042 1989 principum
1066 1916 1127 1972 eius
1145 1913 1179 1969 12

60 2017 184 2074 civitatis
207 2017 244 2072 ad
267 2018 390 2075 Fabium
411 2020 571 2075 Tarentum
596 2017 692 2087 mittit,
713 2020 799 2076 fidem
823 2022 860 2076 ab
884 2020 1001 2076 consule
1025 2039 1126 2094 accep-

60 2130 150 2191 turos,
171 2122 314 2196 impunita
335 2123 370 2180 iis
391 2122 490 2198 priora
511 2122 584 2191 fore,
616 2123 640 2179 si
665 2124 866 2198 Metapontum
901 2142 967 2179 cum
991 2124 1126 2197 praesidio

57 2226 169 2282 Punico
191 2227 394 2300 prodidissent.
443 2228 553 2284 Fabius
577 2246 664 2297 vera,
688 2247 751 2301 quae
776 2226 928 2296 afferrent,
950 2246 1013 2284 esse
1033 2235 1126 2297 ratus,
1144 2227 1178 2282 13

59 2327 151 2400 diem,
181 2349 239 2404 qua
258 2348 425 2389 accessurus
449 2340 524 2389 esset
545 2333 762 2407 Metapontum,
784 2331 932 2389 constituit
958 2332 1127 2407 litterasque

62 2436 99 2492 ad
114 2435 257 2510 principes
280 2436 367 2505 dedit,
383 2455 447 2510 quac
463 2438 499 2494 ad
515 2438 710 2494 Hannibalem
727 2436 829 2492 delatae
845 2445 919 2492 sunt.
967 2437 1125 2495 Enimvero
1144 2439 1178 2492 lt

60 2540 141 2596 laetus
174 2557 307 2596 successu
339 2540 465 2612 fraudis,
497 2542 522 2598 si
553 2561 590 2598 ne
620 2543 730 2598 Fabius
764 2539 879 2613 quidem
908 2539 976 2594 dolo
1003 2540 1127 2596 invictus

59 2643 175 2712 fuisset,
211 2645 290 2700 haud
317 2646 420 2718 procul
441 2647 613 2721 Metaponto
634 2645 754 2702 insidias
775 2643 865 2716 ponit.
909 2643 1003 2698 Fabio
1026 2644 1126 2716 auspi·
1143 2648 1178 2701 15

23 2728 25 2733 ,
60 2748 152 2817 canti,
183 2748 353 2823 priusquam
382 2750 566 2823 egrederetur
592 2752 628 2807 ab
656 2751 804 2815 Tarento,
837 2761 907 2802 aves
928 2744 1017 2800 semel
1039 2754 1127 2818 atque

59 2830 162 2909 iterum
187 2872 246 2909 non
267 2853 448 2910 addixerunt.
493 2854 600 2910 Hostia
622 2870 738 2925 quoque
768 2868 843 2907 caesa
875 2847 1035 2905 consulenti
1056 2848 1127 2906 deos

61 2958 209 3032 haruspex
241 2959 401 3018 cavendum
430 2977 449 3014 a
476 2956 580 3012 fraude
605 2955 703 3012 hostili
733 2964 762 3011 et
791 2955 827 3011 ab
850 2953 960 3010 insidiis
981 2953 1125 3027 praedixit.

60 3061 262 3136 Metapontini,
284 3071 439 3137 postquam
455 3061 493 3117 ad
508 3060 692 3117 constitutum
703 3078 762 3116 non
773 3067 894 3116 venerat
904 3058 990 3129 diem,
1004 3059 1126 3130 remissi,
1143 3066 1179 3122 16

61 3175 93 3222 ot
124 3174 305 3224 cunctantem
339 3168 539 3235 hortarentur,
582 3182 616 3222 aa
647 3173 766 3238 repente
797 3163 1012 3237 comprehensi,
1048 3174 1126 3220 metu

62 3271 204 3344 gravioris
227 3270 392 3345 quaestionis
415 3270 552 3343 detegunt
572 3268 701 3324 insidias.

151 3375 277 3432 AEstatis
301 3374 362 3430 eius
383 3372 541 3447 principio,
564 3391 623 3446 qua
645 3374 707 3429 haec
728 3371 898 3445 agebantur,
920 3372 954 3427 P.
977 3369 1075 3445 Scipio
1097 3370 1127 3427 in
1182 3377 1221 3445 17

61 3479 206 3553 Hispania
247 3497 336 3552 quum
377 3477 500 3533 hiemem
542 3485 634 3534 totam
675 3476 894 3533 reconciliandis
935 3477 1126 3533 barbarorum

63 3583 165 3639 animis
187 3582 292 3657 partim
315 3582 407 3652 donis,
429 3580 535 3655 partim
556 3581 725 3638 remissione
740 3581 872 3637 obsidum
889 3581 1127 3658 captivorumque

62 3689 286 3762 absumpsisset,
322 3687 435 3743 Edesco
466 3685 504 3742 ad
534 3705 614 3756 eum,
645 3686 741 3742 clarus
763 3685 838 3741 inter
859 3684 946 3741 duces
967 3687 1125 3762 Hispanos,

62 3793 149 3849 venit.
197 3793 290 3848 Erant
311 3793 416 3849 coniux
437 3790 578 3866 liberique
600 3790 660 3846 eius
676 3790 754 3863 apud
769 3791 935 3859 Romanos3
958 3793 1008 3848 sed
1022 3797 1157 3867 praeter2

62 3917 126 3954 eam
161 3915 279 3954 causam
306 3897 391 3954 etiam
422 3895 502 3955 velut
528 3895 647 3952 fortuita
676 3894 824 3970 inclinatio
852 3893 1030 3966 animorum,
1063 3916 1127 3971 quae

91 4016 154 4052 livius
169 4027 192 4052 ex
208 4026 248 4054 rec.
265 4015 362 4063 Madvigii.
390 4016 421 4054 tv.
912 4001 926 4044 6
