2700 4426
423 156 502 209 Liber
518 155 619 208 XXVI.
655 157 703 221 (A.
716 155 766 212 Cla
780 159 856 222 all.)
1110 160 1127 216 9
1197 109 1202 118 ⁸

106 336 263 413 Campani.
309 338 468 397 Numidam
490 348 656 415 promptum
678 341 716 398 ad
737 341 836 398 omnis
857 342 991 399 audenda
1011 341 1095 399 donis
1109 340 1170 417 pel-

90 442 180 513 >licit¹
197 451 239 512 nt,
269 441 372 508 littoris
394 444 534 520 acceptis,
555 445 652 520 specie
673 444 830 521 transfugae
853 454 950 503 castra
971 447 1106 504 Romana
1126 445 1170 502 in-

106 564 234 622 gressus,
261 546 353 604 altera
375 556 459 623 pane
480 549 556 607 clam
577 549 710 626 Capuam
731 551 882 626 pervadat.
933 551 1051 608 Litterae
1072 543 1199 608 autam7

108 660 192 710 arant
213 652 416 709 adhortatione
437 655 542 729 plenae:
577 656 785 732 profectionem
813 658 911 725 snam,
943 673 1007 730 quae
1034 656 1170 714 salutaris

106 758 163 815 illis
184 753 274 827 foret,
304 758 515 816 abstracturam
546 760 584 816 ad
610 759 819 819 defendendam
847 763 973 819 Romam
996 762 1034 817 ab
1057 779 1169 836 oppug-

108 863 207 920 nanda
228 860 331 937 Capua
352 862 439 918 duces
461 872 549 937 atque
564 865 707 922 exercitus
722 867 886 935 Romanos3
908 885 944 924 ne
959 864 1200 941 desponderent8

109 968 236 1036 animos;
274 967 426 1024 tolerando
456 986 566 1043 paucos
595 969 656 1025 dies
684 977 776 1027 lolam
804 971 950 1028 soluturos
978 970 1167 1029 obsidionem.

107 1074 181 1131 Inde
210 1090 300 1132 naves
329 1073 359 1128 in
385 1072 503 1129 flumine
533 1073 678 1131 Vulturno
709 1077 932 1149 comprehensas
955 1075 1050 1150 subigi
1071 1076 1108 1132 ad
1129 1073 1199 1147 id‚9

108 1177 187 1252 quod
207 1178 266 1235 iam
283 1184 356 1234 ante
375 1177 501 1251 praesidii
523 1195 612 1234 causa
634 1177 752 1248 fecerat,
782 1180 931 1237 castellnm
953 1179 1045 1237 iussit.
1089 1180 1168 1253 Qua·
1185 1180 1220 1234 l0

106 1301 172 1340 rum
194 1282 244 1339 ubi
268 1290 379 1339 tantam
404 1282 519 1357 copiam
541 1299 620 1352 esse,
651 1292 683 1339 ut
704 1300 763 1340 una
781 1292 866 1341 nocte
886 1284 980 1342 traiici
998 1295 1098 1361 posset
1119 1305 1169 1343 ex·

108 1388 223 1459 arcitus,
245 1386 431 1467 allelum'est,
454 1387 569 1444 cibariis
584 1389 682 1445 decem
698 1389 808 1447 dierum
825 1391 1005 1464 preparatis,
1031 1390 1169 1449 deductas
1255 1387 1259 1392 ’

107 1500 193 1550 nocte
214 1492 251 1549 ad
272 1490 392 1548 fluvium
414 1491 542 1565 legiones
565 1502 632 1550 ante
652 1493 745 1551 lucem
768 1493 889 1551 traiecia
960 1506 972 1548 .·

191 1598 228 1655 Id
248 1597 417 1673 priusquam
438 1597 529 1666 fieret,
549 1598 592 1654 ita
612 1597 739 1656 futurum
760 1607 938 1674 compertum
961 1619 999 1658 ex
1012 1601 1170 1677 transfugis
1238 1589 1261 1656 8

108 1703 231 1760 Fulvius
253 1703 377 1759 Flaccus
398 1700 512 1757 senatui
532 1704 659 1760 Romam
684 1723 772 1778 quum
791 1704 962 1778 scripsisset,
984 1705 1066 1762 varie
1081 1707 1170 1763 animi

108 1808 257 1867 hominum
285 1823 340 1882 pro
367 1805 506 1879 cuiusque
532 1805 649 1881 ingenio
678 1805 774 1868 affecti
796 1818 871 1866 sunt.
925 1809 968 1868 Ut
993 1809 1024 1865 in
1051 1829 1082 1866 re
1108 1804 1199 1866 tam2

107 1912 222 1988 trepida
242 1919 344 1968 senatu
366 1910 512 1984 extemplo
534 1920 651 1981 vocato,
672 1914 708 1969 P.
732 1911 892 1983 Cornelius,
908 1913 960 1969 -cui
981 1914 1082 1971 Asina
1101 1932 1169 1989 cog·

108 2035 214 2085 nomen
232 2025 308 2086 erat,
338 2033 438 2072 omnes
462 2015 549 2071 duces
576 2017 777 2091 exercitusque
797 2037 834 2074 ex
856 2026 918 2075 tota
939 2018 1041 2088 Italia,
1075 2037 1170 2093 neque

107 2122 217 2197 Capuae
238 2138 333 2193 neque
360 2120 444 2176 ullius
471 2119 589 2177 alterius
610 2120 652 2177 rei
678 2139 804 2194 memor,
834 2124 870 2181 ad
898 2122 978 2180 urbis
1004 2123 1169 2199 praesidium

107 2227 274 2286 revocabat.
318 2225 429 2283 Fabius
451 2225 599 2282 Maximus
627 2226 745 2284 abscedi
777 2246 796 2283 a
828 2225 932 2302 Capua
960 2228 1120 2302 temerique
1142 2223 1200 2284 et3

107 2331 267 2406 circumagi
296 2329 335 2387 ad
363 2337 449 2384 nutus
464 2329 769 2415 ⁴comminationesque
791 2331 965 2389 Hannibalis
993 2331 1169 2405 flagitiosum

106 2440 245 2496 ducebat:
283 2434 340 2509 Qui
365 2434 404 2490 ad
427 2431 544 2490 Cannas
573 2435 667 2492 viclor
692 2436 735 2492 ire
764 2446 862 2493 tamen
895 2436 1059 2492 ad-urbem
1082 2435 1199 2492 ausus4

106 2563 166 2602 non
187 2551 271 2611 esset,
296 2558 361 2597 eum
384 2558 402 2595 a
424 2537 528 2614 Capua
546 2541 692 2614 repulsum
715 2559 795 2616 spem
811 2540 958 2615 potiunda
973 2540 1053 2596 urbis
1068 2541 1170 2597 Romae

108 2646 232 2722 cepisse!
256 2646 350 2720 ,Non
376 2645 414 2700 ad
441 2646 567 2701 Romam
589 2645 794 2714 obsidendam,
825 2644 875 2700 sed
906 2644 944 2700 ad
966 2641 1075 2718 Capuae
1096 2643 1200 2700 libe-5
1249 2635 1256 2640 ’

107 2753 229 2810 rendam
260 2749 440 2808 obsidionem
461 2749 512 2805 ire.
567 2749 693 2807 Romam
722 2767 786 2805 cum
815 2767 849 2804 eo
877 2747 1021 2815 exercitu,
1053 2748 1103 2820 qui
1132 2748 1170 2803 ad

107 2857 207 2915 urbem
231 2864 320 2924 esset,
350 2855 452 2911 Iovem
479 2851 619 2909 foederum
646 2861 797 2927 ruptorum
820 2853 860 2909 ab
880 2851 1046 2909 Hannibale
1067 2858 1168 2907 testem

107 2960 236 3034 deosque
258 2960 331 3016 alios
352 2957 521 3015 defensuros
543 2974 615 3012 esse.
663 2957 727 3013 Has
751 2956 881 3013 diversas
903 2957 1059 3013 sententias
1076 2955 1201 3012 mediab

107 3063 250 3122 sententia
282 3065 318 3124 P.
344 3062 455 3140 Valerii
484 3062 584 3119 Flacci
611 3061 695 3131 vicit,
733 3063 782 3136 qui
811 3063 961 3134 uniusque
989 3061 1032 3118 rei
1060 3079 1172 3118 memor

107 3169 341 3245 imperatoribus,
363 3167 413 3241 qui
433 3167 471 3222 ad
491 3166 623 3241 Capuam
638 3175 742 3237 essent,
763 3166 946 3223 scribendum
961 3166 1080 3248 censuit,
1102 3165 1171 3238 quid

108 3272 146 3329 ad
160 3273 261 3330 urbem
276 3271 402 3346 praesidii
416 3279 505 3340 esset3
527 3280 652 3344 quantas
667 3279 763 3327 autem
775 3255 925 3327 Hannibal
939 3270 1039 3345 copias
1055 3269 1170 3325 duceret

108 3385 160 3434 ant
184 3385 293 3451 quante
315 3376 441 3433 exercitu
464 3375 503 3432 ad
525 3373 657 3452 Capuam
680 3375 868 3432 obsidendam
893 3392 967 3449 opus
986 3382 1070 3443 esset,
1090 3373 1170 3447 ipsos

106 3481 191 3540 scire.
237 3481 270 3539 si
294 3481 336 3537 ita
356 3482 481 3538 Romam
505 3480 663 3536 edacibus
685 3479 759 3535 aller
780 3487 809 3535 et
832 3479 976 3536 exercitus
999 3496 1068 3552 pars
1097 3476 1200 3533 mitrii

76 3568 80 3574 ’
107 3595 216 3660 posset,
240 3594 272 3643 ul
293 3586 331 3665 ab
352 3585 463 3659 reliquo
486 3595 514 3641 et
535 3585 608 3642 duee
630 3594 659 3641 et
680 3584 807 3642 exercitu
832 3581 936 3658 Capua
956 3590 1034 3638 recte
1056 3581 1171 3638 obside·

107 3697 197 3762 ratur,
217 3691 292 3747 inter
306 3708 337 3747 se
352 3698 556 3764 compararent
571 3688 710 3747 Claudius
724 3688 913 3761 Fulviusque,
935 3687 992 3743 utri
1012 3686 1171 3743 obsidenda
1184 3683 1202 3740 8

109 3792 222 3872 Capua,
244 3794 301 3851 utri
322 3794 359 3850 ad
382 3793 590 3869 prohibendam
623 3794 774 3851 obsidione
794 3792 920 3868 patriam
941 3793 1066 3850 Romam
1089 3790 1172 3846 veni-

108 3900 218 3956 undum
232 3907 316 3956 esset.
352 3899 419 3956 Hoc
433 3906 550 3955 senatus
565 3898 706 3956 consulto*
713 3895 845 3974 Capuam
860 3896 984 3973 perlato,
999 3896 1034 3969 Q.
1049 3894 1170 3953 Fulvius
1183 3893 1201 3950 9
