2812 4556
312 244 350 302 38
590 241 668 292 Liber
684 241 763 294 XXI.
800 241 845 297 (Δ.
861 255 887 296 u.
901 257 925 296 c.
939 241 1014 305 bat.)

268 423 434 500 indignitas.
484 425 536 482 Ad
559 423 733 500 supplicium
755 423 989 500 depoposcerunt
1010 444 1056 482 me
1077 424 1183 486 ducem
1206 427 1316 502 prim
1334 454 1356 475 s«-

269 531 372 588 deinde
395 543 449 590 vos
471 548 581 599 omnes,
612 529 661 604 qui
684 528 847 603 Saguntum
870 529 1107 606 oppugnassetie;
1136 531 1259 588 deditos
1289 529 1350 587 ut·

239 636 324 694 bruis
348 635 524 694 cruciatibus
547 631 680 692 affecturi
709 633 836 695 fuerunt.
884 632 1094 692 erudelissima
1120 654 1156 694 ac
1192 636 1364 711 superbis-

269 743 345 800 sima
364 759 436 817 gens
458 755 512 798 sua
534 738 632 796 omnia
653 738 757 813 suique
775 738 886 796 arbitrii
900 738 984 808 faeit3
1006 757 1071 796 cum
1095 740 1203 814 quibus
1225 740 1364 810 bellum,
1391 733 1394 748 ¹

270 863 335 905 cum
364 839 483 924 quibus'
498 861 602 920 pacem
636 844 813 914 habeamus,
841 861 874 900 se
900 843 1017 902 modum
1045 843 1197 919 imponere
1226 863 1359 920 aequum

270 960 375 1010 censet
419 948 636 1010 circumscribit
656 947 835 1022 includitque
856 967 909 1006 nos
931 948 1059 1006 terminis
1081 949 1225 1006 montium
1249 950 1360 1006 flumi-
1392 958 1394 973 ²

269 1073 406 1130 numque,
427 1071 499 1129 quos
520 1071 579 1110 non
601 1053 788 1124 excedamus,
812 1072 906 1128 neque
919 1072 981 1125 eos,
1003 1072 1077 1128 quos
1099 1053 1212 1124 statuit,
1244 1054 1358 1112 ter-mi·

239 1165 324 1222 (tuos
347 1160 493 1217 observat.
539 1159 588 1218 Ne
619 1157 768 1216 transieris
791 1159 951 1228 Hiberum
985 1177 1022 1214 ne
1050 1158 1120 1233 quid
1149 1160 1192 1218 rei
1223 1160 1284 1217 tibi
1319 1160 1359 1216 eit
1392 1161 1395 1166 ’

271 1283 336 1324 oum
351 1264 530 1341 Saguntinis.
572 1266 615 1322 At
628 1263 892 1322 amudHiberum
907 1273 951 1320 est
966 1263 1138 1338 Saguntum.
1183 1265 1353 1339 Nusquam
1393 1286 1396 1302 ⁴

242 1378 300 1431 lte
321 1372 444 1447 vestigio
467 1369 602 1428 moveris.
645 1370 756 1426 Parum
780 1377 838 1440 est,
869 1369 949 1442 quod
980 1369 1151 1426 veterrimas
1173 1369 1355 1444 provincias
1395 1373 1396 1408 ³

272 1495 363 1548 meas,
378 1476 507 1535 Siciliam
523 1493 558 1533 ac
572 1474 749 1546 Sardiniam,
774 1473 899 1532 adimis?
922 1474 1019 1534 Etiam
1035 1477 1063 1530 in
1077 1473 1241 1549 Hispanias
1258 1484 1304 1544 et,
1328 1477 1354 1529 si
1395 1509 1396 1514 κ

271 1580 339 1638 inde
352 1599 476 1651 cessero,
490 1582 520 1638 in
532 1580 666 1640 Africam
684 1577 892 1638 transcendes?
911 1577 1099 1634 Housoendes
1111 1577 1231 1636 autem?
1247 1581 1353 1636 Tran-
1396 1599 1397 1622 1

271 1685 417 1742 ecendisse
432 1684 508 1745 dico.
537 1687 637 1767 'Duos
659 1684 792 1743 consules
815 1683 900 1740 buius
923 1683 1007 1754 anni,
1030 1701 1117 1740 unum
1141 1683 1171 1740 in
1193 1683 1350 1754 Africam,
1396 1721 1397 1726 κ

273 1789 394 1848 alterum
413 1789 443 1846 in
457 1789 632 1865 Hispaniam
654 1791 803 1848 miserunt.
849 1788 932 1846 Nihil
953 1807 1076 1863 usquam
1099 1789 1184 1846 nobie
1207 1791 1348 1848 relictum
1394 1797 1397 1832 ³

241 1901 326 1967 Soet,
348 1895 404 1954 nisi
420 1895 498 1970 quod
513 1897 601 1954 armis
617 1895 831 1955 vindicarimus.
873 1894 936 1952 Illis
958 1894 1066 1951 timidis
1088 1903 1117 1952 et
1137 1895 1257 1970 ignavis
1281 1913 1347 1954 esee

271 2001 348 2073 licet,
378 2002 427 2077 qui
453 2013 615 2077 respectum
639 2003 764 2071 habent,
793 2017 867 2073 quos
898 2016 952 2056 sua
978 2009 1071 2070 terra,
1101 2019 1171 2056 suus
1194 2018 1271 2076 ager
1294 2021 1347 2077 per
1395 2009 1398 2032 ⁸

272 2115 335 2165 tuta
361 2125 396 2164 ac
423 2117 530 2182 pacata
555 2107 659 2164 itinera
688 2105 831 2180 fugientes
864 2103 1021 2179 accipient;
1048 2103 1133 2162 vobis
1155 2124 1280 2164 necesse
1302 2117 1346 2164 est

272 2211 397 2269 fortibus
418 2211 488 2268 viris
510 2229 574 2268 esee
595 2221 633 2282 ct,
656 2211 790 2268 omnibus
811 2209 886 2266 iuter
900 2208 1052 2265 victoriam
1075 2219 1238 2268 mortemve
1264 2223 1343 2268 certa

273 2316 475 2392 desperatione
491 2317 630 2391 abmptis,
654 2327 704 2374 aut
726 2315 841 2372 vincere
865 2323 925 2382 aut,
947 2315 972 2370 si
993 2313 1111 2372 fortuna
1133 2316 1293 2388 dubitabit,
1314 2318 1342 2372 in
1398 2329 1399 2362 l

240 2420 375 2496 9proelio
397 2421 493 2495 potius
516 2438 603 2495 quam
632 2422 661 2479 in
687 2420 759 2496 fuga
786 2427 910 2478 mortem
933 2428 1081 2493 oppetere.
1125 2421 1158 2480 Si
1187 2423 1245 2479 hoc
1269 2425 1342 2480 bene
1398 2437 1399 2470 l

273 2526 363 2584 fixum
386 2525 519 2582 omnibus
550 2521 754 2601 [destinatum]
779 2524 809 2581 in
831 2524 929 2582 animo
952 2533 1010 2594 est,
1036 2524 1140 2584 iterum
1163 2527 1278 2598 dicam,
1300 2528 1342 2584 vi·
1398 2543 1399 2568 ³

272 2630 365 2700 cistis3
387 2629 497 2686 nullum
520 2639 686 2706 contemptu
706 2631 803 2686 mortis
826 2629 907 2684 telum
923 2628 960 2685 ad
981 2629 1155 2689 vincendum
1169 2631 1284 2688 homini
1306 2633 1342 2688 ab

271 2736 315 2793 dis
337 2735 548 2792 immortalibus
570 2737 665 2794 acrius
687 2736 787 2792 datum
810 2737 882 2794 est-.“

173 2836 216 2905 45
353 2841 410 2898 His
432 2841 683 2900 adhortationibus
707 2858 796 2914 quum
817 2838 952 2912 utrinque
979 2838 1016 2895 ad
1045 2849 1193 2898 certamen
1227 2841 1341 2898 accensi

271 2944 393 3002 militum
408 2945 498 3004 animi
512 2956 616 3015 esseut,
631 2944 757 3004 Romani
772 2953 861 3019 ponta
872 2943 1006 3000 Ticinum
1021 2944 1153 3019 iungunt,
1168 2948 1342 3023 tutandique

238 3051 369 3128 2pontis
401 3069 492 3109 causa
525 3052 674 3109 castellum
707 3050 826 3124 insuper
854 3049 1020 3124 imponunt;
1052 3051 1177 3122 Poenus,
1206 3053 1340 3110 hostibus

273 3173 362 3230 opera
386 3156 544 3230 occupatis,
567 3155 771 3213 Maharbalem
800 3173 864 3212 oum
888 3153 936 3211 ala
956 3155 1168 3227 Numidarum,
1195 3158 1340 3232 equitibus

272 3258 454 3334 quingentis,
479 3261 517 3316 ad
542 3260 762 3335 depopulandos
790 3260 934 3317 sociorum
962 3261 1064 3335 populi
1094 3263 1223 3320 Romani
1253 3280 1340 3337 agros

240 3365 375 3434 3mittit3
397 3365 493 3424 Gallis
517 3367 599 3441 parci
621 3384 708 3440 quam
731 3366 858 3422 maxime
878 3365 967 3435 iubet,
990 3364 1211 3440 principumque
1227 3368 1339 3424 animos

272 3461 311 3528 ad
332 3469 522 3528 defectionem
544 3469 702 3528 sollicitari.
747 3472 843 3528 Ponte
864 3470 993 3546 perfecto
1016 3471 1165 3528 traductus
1186 3474 1339 3530 Romanus

272 3575 415 3632 exercitus
447 3575 476 3632 in
509 3593 611 3650 agrum
643 3577 809 3634 Insubrium
844 3576 972 3651 quinque
1005 3576 1095 3634 millia
1126 3595 1268 3652 passuum
1302 3581 1338 3636 ab

239 3680 424 3742 lIctumulis
445 3680 584 3740 consedit.
629 3683 676 3740 lbi
689 3681 839 3739 Hannibal
860 3691 958 3738 castra
978 3681 1118 3750 habebam
1140 3693 1340 3759 revocatoque

271 3805 396 3863 propere
426 3787 598 3844 Maharbale
626 3796 714 3863 atque
743 3789 904 3863 equitibus,
939 3805 1027 3862 quum
1055 3787 1165 3845 instare
1192 3797 1337 3848 certamen

272 3902 411 3966 cerneret,
432 3892 503 3950 nihil
524 3910 652 3966 uuquam
675 3893 747 3950 sat-is
768 3893 875 3950 dictum
898 3892 1157 3968 praemonitumque
1177 3895 1216 3951 ad
1234 3897 1338 3954 cohor·

272 3997 377 4055 tandcs
400 3998 504 4056 milites
525 4007 616 4069 ratus,
647 3999 759 4055 vocetis
780 3997 819 4056 ad
841 3999 1004 4056 contionem
1026 4006 1107 4058 certe
1127 3999 1249 4073 premia
1270 4018 1338 4074 pro·
