2674 4542
307 235 367 292 212
572 229 650 282 nno
666 229 771 280 mv.
809 229 895 288 (aa
910 245 931 283 ο.
946 229 1021 294 seo.)

264 424 357 485 retro,
390 415 466 472 unde
495 423 629 484 venerat,
665 414 703 471 ad
732 422 859 472 ceteram
892 414 1014 472 classem
1048 412 1199 478 remissie,
1230 430 1252 466 m
1267 434 1269 457 ·

265 519 366 598 procul
395 539 414 578 a
434 519 551 578 flumine
571 537 624 594 per
651 519 729 576 viam
749 518 867 576 minime
896 520 933 576 ab
957 519 1046 594 regiis
1077 517 1291 574 obsessam

265 635 294 682 et
314 631 414 692 nocte,
435 622 478 680 ita
498 633 530 682 ut
552 642 637 682 nemo
658 623 786 681 hostium
808 622 941 694 sentiret,
969 623 1073 680 urbem
1104 633 1154 680 est
1182 641 1225 689 m2

216 739 251 791 10
265 729 351 788 Diem
373 729 571 802 insequentem
592 728 743 802 quievere,
763 727 831 784 dum
853 726 1005 805 praefectus
1036 727 1222 784 iuventutem
1242 729 1287 783 Ao
1326 791 1328 794 ¹

265 834 416 894 loniatium
449 850 590 908 armaque
618 842 647 889 et
679 833 758 892 urbis
786 833 863 890 vires
894 832 1058 907 inspiceret.
1116 832 1183 892 Ubi
1210 850 1242 888 ea
1272 858 1275 863 ¹
1328 869 1329 872 =

265 941 453 1015 inspectaque
481 938 551 994 satie
580 937 742 1006 animorum
772 935 881 1009 fecere,
913 938 1058 1011 simulque
1079 939 1120 996 ab
1146 937 1261 1012 explora
1276 938 1300 987 t?
1328 995 1330 1008 ι

265 1044 319 1102 bus
352 1045 509 1118 comperit,
542 1051 652 1118 quanta
689 1043 825 1100 socordia
857 1061 892 1099 ac
920 1042 1098 1118 negligentia
1127 1042 1210 1119 apud
1238 1043 1277 1098 br·
1327 1091 1330 1112 ¹,

217 1156 250 1209 11
265 1158 356 1220 esset,
398 1147 512 1206 silentio
548 1147 641 1206 noctis
679 1147 718 1204 ab
753 1147 825 1204 urbe
867 1146 929 1204 sine
963 1147 1021 1204 ullo
1066 1148 1198 1204 tumultu
1243 1172 1290 1214 ·;«
1328 1209 1330 1220 Α

266 1273 315 1312 ens
358 1263 455 1312 cestre
490 1253 615 1311 hostium
651 1253 725 1310 odeo
762 1252 893 1327 neglecta
929 1260 1017 1326 atque
1060 1263 1171 1326 aperta
1212 1247 1295 1308 intro'
1329 1291 1330 1324 ,

266 1369 299 1417 ut
334 1360 405 1418 satis
441 1367 602 1428 constaret,
638 1358 718 1432 prius
755 1357 832 1414 mille
867 1357 1016 1414 hominum
1053 1357 1171 1414 vallum
1207 1357 1246 1413 int
1262 1378 1288 1403 :³2

240 1489 241 1494 ¹
267 1484 354 1539 quam
387 1464 540 1538 quisquam
573 1462 700 1530 sentiret,
733 1481 778 1532 ec,
810 1463 835 1518 si
867 1462 944 1519 ooede
978 1462 1206 1530 abstinuissent,
1235 1477 1293 1534 pen

220 1569 328 1631 12nire
363 1567 401 1623 ed
442 1566 661 1625 tabernaculum
697 1567 808 1642 regium
846 1567 984 1642 potuisse.
1045 1565 1153 1624 Caedes
1191 1565 1295 1643 proxim
1326 1605 1330 1640 ,

266 1691 330 1730 rum
359 1680 451 1746 portte
483 1671 620 1730 excitavit
652 1673 759 1729 hostes.
814 1672 887 1728 Inde
922 1681 1019 1729 tentus
1057 1681 1157 1730 terror
1189 1690 1258 1748 pavo
1274 1694 1290 1719 ιι
1328 1713 1330 1747 ,

268 1795 368 1834 omnes
391 1776 554 1853 occupavit,
576 1785 687 1834 utnon
710 1776 798 1833 modo
821 1777 894 1833 alius
917 1778 1071 1851 quisquam
1104 1797 1194 1836 arma
1327 1817 1330 1848 ,¹

218 1896 253 1950 13
267 1892 318 1941 eut
341 1882 444 1940 castris
466 1882 572 1958 pellere
595 1882 707 1938 hostem
730 1890 893 1951 conaretur,
915 1883 967 1939 sed
989 1882 1075 1940 etiam
1098 1884 1167 1958 ipse
1181 1901 1240 1950 rex,
1256 1898 1292 1936 er·-
1327 1933 1330 1956 ,

187 2055 193 2062 Ι
266 2007 369 2046 somno
392 1988 503 2046 excitus
525 1997 602 2056 erat,
633 2005 724 2062 prope
746 1987 913 2044 seminudus
941 1987 1071 2063 fugiens,
1101 1989 1190 2046 militi
1213 2001 1306 2060 quoq

265 2095 371 2152 nedum
403 2094 466 2168 regi
496 2092 547 2150 vix
577 2091 683 2148 decoro
709 2092 827 2160 habitu,
859 2091 896 2148 ad
924 2093 1030 2149 flumen
1061 2084 1330 2172 1191111811111111111·1

219 2211 251 2264 11
266 2199 349 2271 gerit.
396 2197 509 2256 Eodem
533 2205 561 2254 et
591 2197 649 2254 elia
681 2197 767 2254 turba
799 2195 892 2254 effusa
917 2205 971 2253 est.
1024 2197 1121 2254 Paulo
1154 2198 1246 2254 minus
1269 2189 1296 2246 tu‘

267 2302 357 2360 millia
385 2301 507 2364 militum
534 2301 689 2360 incastris
716 2310 766 2358 aut
798 2310 885 2376 capta
914 2310 965 2358 eut
994 2303 1105 2372 occise3
1142 2304 1211 2377 plue
1236 2308 1303 2354 tenu
1329 2351 1330 2382 ,

220 2422 253 2474 15
267 2407 416 2465 hominum
438 2407 587 2480 aliquanto
609 2414 725 2481 captum
749 2424 836 2481 quam
859 2423 963 2462 casum
979 2415 1030 2466 eet.
1075 2405 1194 2466 Castris
1209 2398 1302 2476 dirupit
1328 2455 1329 2458 ,

267 2510 464 2586 Apolloniatae
507 2511 685 2585 catapultas,
730 2509 862 2567 ballistas
905 2519 1109 2585 tormentaque
1154 2513 1227 2584 alie,
1262 2519 1330 2592 qut,

268 2615 470 2690 oppugnanda
507 2615 571 2672 urbi
604 2623 774 2690 comparata
806 2625 897 2687 erent,
933 2616 971 2672 ad
1003 2617 1112 2674 tuenda
1147 2615 1262 2680 moenia,
1286 2605 1301 2662 tl

268 2715 386 2794 quando
407 2719 507 2777 similis
528 2719 647 2776 fortuna
667 2720 807 2790 venisset,
840 2721 1029 2795 Apolloniam
1051 2721 1213 2792 devexere3
1237 2727 1302 2775 catut

219 2831 255 2886 16
268 2824 361 2882 omnis
384 2825 484 2900 praeda
516 2833 676 2882 castrorum
698 2825 839 2882 Romanis
868 2843 1006 2883 concessa
1034 2837 1086 2884 est.
1136 2828 1213 2885 Haec
1242 2835 1300 2897 quum

268 2929 386 2988 Oricum
417 2938 511 2987 essent
542 2929 689 2999 nuntiata,
726 2931 765 2988 M.
797 2931 932 2986 Valerius
962 2931 1085 2987 classem
1116 2921 1301 3008 extemploni

267 3036 372 3092 ostium
393 3036 518 3092 fluminis
541 3035 632 3103 duxit,
654 3053 689 3091 ne
710 3035 843 3092 navibus·
855 3053 1007 3110 capessere
1027 3033 1129 3109 iugem
1151 3056 1208 3094 rex
1227 3041 1300 3111 posset

220 3145 253 3199 17
267 3140 371 3212 ltaque
393 3138 557 3214 Philippus,
578 3158 672 3212 neque
693 3140 820 3196 terrestri
841 3159 934 3214 neque
959 3137 1057 3195 navali
1084 3142 1237 3200 certamini
1256 3133 1301 3194 satit

266 3240 330 3298 fore
350 3260 450 3316 parem
474 3261 506 3300 ee
528 3245 634 3314 fidens,
664 3244 812 3302 subductis
839 3243 962 3301 navibus
983 3250 1072 3316 atque
1099 3243 1234 3316 incensis,
1250 3254 1300 3300 tout

267 3345 471 3402 Macedoniam
498 3349 595 3422 petiit,
623 3367 730 3424 magna
751 3368 788 3406 ex
810 3359 892 3424 parte
913 3349 1015 3404 inermi
1040 3350 1169 3406 exercitu
1192 3349 1300 3426 spolino·

268 3468 334 3523 qne.
382 3451 516 3507 Romana
538 3451 638 3508 classis
659 3471 724 3514 cum
748 3455 789 3511 M.
812 3453 932 3510 Valerio
955 3452 1035 3511 Orici
1057 3454 1233 3518 hibernavit.

105 3577 106 3580 ¹
173 3548 211 3616 41
350 3553 463 3611 Eodem
489 3574 565 3611 anno
590 3555 621 3613 in
642 3557 786 3632 Hispania
807 3559 888 3615 varie
915 3576 962 3615 res
985 3567 1083 3632 gestae.
1128 3561 1209 3618 Nam
1237 3559 1299 3636 print

268 3675 355 3730 quam
389 3660 516 3717 Romani
548 3679 662 3717 amnem
695 3661 836 3720 Hiberum
871 3663 1035 3735 transirent,
1068 3665 1199 3739 ingentes
1231 3661 1299 3738 cepits

237 3761 467 3836 2Hispanorum
495 3767 585 3840 Mago
611 3775 646 3834 ¹et
671 3764 844 3823 Hasdrubal
872 3766 1022 3838 fuderunt3
1054 3769 1258 3846 defecissetque
1276 3763 1298 3820 tl

267 3867 408 3924 Romanis
436 3868 555 3926 ulterior
576 3870 734 3946 Hispania,
765 3871 794 3927 ni
822 3873 856 3928 P.
880 3871 1040 3943 Cornelius,
1069 3875 1176 3950 raptim
1197 3875 1298 3932 saducto

167 3999 169 4004 π
268 3956 394 4028 exercitu
417 3973 574 4043 Hiberum,
608 3974 702 4030 dubiis
728 3975 871 4032 sociorum
900 3977 1003 4034 animis
1024 3978 1054 4034 in
1083 3989 1214 4055 tempore
1239 3978 1296 4037 edve-
