2812 4556
741 207 823 251 xxiv

251 405 304 443 non
318 386 469 463 eripimur.)
494 392 530 446 10
547 407 582 446 en
605 388 698 447 minor
722 406 769 445 res
790 397 842 445 est.
863 388 910 446 hic
925 387 1049 463 experiri
1073 386 1147 461 (My.
1162 385 1228 446 Em.
1246 385 1340 443 269.

252 476 280 527 P
302 468 375 526 enim
399 471 492 528 minor
513 490 558 528 res
582 481 626 530 est
646 472 693 529 hie
714 469 794 544 exp.)
816 472 936 538 XLVI,
961 474 977 527 6
1001 469 1042 547 (et
1065 470 1189 545 Hispani
1219 469 1337 527 Wm'ss.

251 553 344 612 Drab.
367 553 561 631 Hispanique)
587 555 658 612 9ad
681 554 816 610 tuendum
840 553 912 629 (Mq.
934 553 999 613 Em.
1020 554 1080 610 270
1102 573 1115 610 e
1137 559 1182 610 P:
1206 553 1245 608 ad
1268 571 1337 627 pe·

252 634 383 712 tendum)
414 639 449 694 ta
472 638 560 696 Hunc
581 639 699 696 Taurea
720 635 858 712 (Walcb.)
881 637 1012 706 XLVII,
1046 639 1111 694 3et
1144 635 1338 710 trepleve-

252 729 327 778 runt.
372 717 444 776 Cum
466 719 539 780 iam.
552 764 581 782 ..
609 720 816 790 nobilitassent,
837 718 949 777 infestis
971 719 1166 797 (repleverant
1185 720 1229 776 ed.
1246 719 1335 780 Bas.

254 804 342 862 1554.
366 802 610 878 Inter-punctionem
631 806 801 861 mutavimus.
858 801 938 860 Niln'l
958 804 1092 860 aortiunoti
1122 801 1233 858 videtur
1263 819 1337 858 esse

253 888 323 942 inter
349 903 405 942 rem
429 888 484 942 iam
512 896 589 957 ante,
621 886 671 942 boc
691 894 745 955 ast,
773 905 826 943 noa
851 904 922 942 nanc
944 887 1065 955 demum,
1095 885 1271 940 nobilitatam
1297 893 1335 940 et

252 987 337 1043 aquas
371 971 525 1030 conmtatos.
583 971 715 1026 Homines
746 978 956 1040 concurrerant,
990 969 1065 1043 qaod
1089 969 1234 1024 nobilitata
1260 977 1336 1024 erat

253 1052 389 1108 amatorio
407 1051 520 1110 Taureoe
540 1062 577 1112 et.
588 1051 699 1130 Arelli.)
722 1057 739 1110 4
756 1053 947 1109 extrahebant
966 1050 1066 1127 (Gran.
1089 1070 1102 1107 e
1119 1057 1164 1108 P:
1182 1051 1331 1107 extrahe-

254 1135 369 1206 rebant)
406 1139 421 1190 7
448 1133 497 1210 (aa
523 1135 573 1192 via
594 1155 649 1210 pro
676 1155 712 1192 ex
741 1135 791 1191 via
818 1136 853 1192 A.
885 1137 984 1198 Paria⁴
1002 1133 1060 1190 Sed
1089 1140 1116 1190 P
1144 1152 1209 1190 cum
1243 1152 1331 1189 exua

254 1217 340 1292 longe
354 1218 563 1292 perequitasset
578 1219 646 1293 quia
666 1219 755 1289 nullo,
778 1237 811 1274 aa
832 1237 884 1292 quo
906 1219 976 1292 affici
996 1218 1120 1274 uidetur.-
1142 1235 1231 1291 quum
1246 1234 1331 1273 cava

254 1300 340 1375 Iunge
362 1301 572 1376 perequitasset
586 1303 644 1373 via,
666 1302 744 1358 nullo
766 1301 828 1374 cet.)
853 1303 868 1358 8
886 1299 968 1376 (vera
990 1300 1028 1356 sit
1045 1299 1130 1357 Gran.
1151 1304 1180 1355 Ρ
1201 1301 1326 1356 vetatis.

254 1383 347 1444 Drab.
381 1383 451 1440 satis
473 1384 593 1460 certam)
624 1386 627 1454 l
653 1385 812 1442 communis
835 1385 936 1456 [certe]
959 1384 1041 1440 exist.
1070 1380 1183 1459 (Gran.)
1203 1379 1208 1460 Ι
1228 1392 1329 1457 portae

256 1465 330 1541 (My.
353 1465 418 1522 Em.
439 1466 510 1541 270)
548 1468 702 1534 XLVIII,
740 1467 808 1524 3in
830 1467 941 1542 Apulia
963 1465 1040 1542 (Em.
1063 1464 1135 1541 257)
1174 1463 1326 1540 5(teneri

255 1549 326 1604 Lov.
349 1552 378 1606 5.
401 1553 430 1604 Ρ
452 1549 569 1608 atanasi.
592 1549 684 1606 Drab.
706 1548 835 1626 retineri)
874 1549 1105 1624 8suppeditarI;
1127 1558 1187 1605 tum
1223 1548 1324 1623 ipsum

257 1630 373 1708 (ΜρμΡ
394 1649 458 1688 eum
480 1632 590 1705 ipsnm3
613 1636 740 1707 temporis
761 1634 921 1706 siqnificatio
936 1635 1025 1690 aliona
1047 1641 1095 1688 ost.
1112 1631 1204 1688 Dralc.
1228 1649 1323 1705 quum

255 1714 405 1790 ipsum...
434 1714 625 1786 imminutum,
646 1726 717 1786 tum,
740 1714 812 1790 qui.)
835 1719 852 1773 9
876 1724 974 1786 staret,
996 1715 1202 1790 rempublicam
1226 1714 1325 1786 (codd.

257 1798 334 1877 qaid.
356 1795 438 1874 racc.)
465 1799 499 1855 12
525 1799 615 1856 edixit
640 1818 752 1874 qunque
773 1800 817 1855 die
838 1799 1018 1869 vestimenta,
1039 1797 1213 1855 frumentum
1237 1797 1325 1873 (lla.)

256 1881 379 1950 XLIX,
413 1883 429 1938 3
452 1881 482 1937 bi
497 1900 592 1938 mores
626 1887 643 1939 4
668 1880 824 1957 (Lacunam
846 1883 962 1956 cupierit
990 1881 1104 1949 Weiss,
1125 1883 1179 1937 nisi
1199 1881 1277 1956 qnod
1298 1883 1326 1936 is

257 1982 354 2032 secus,
377 1983 426 2020 nos
448 1962 575 2041 parcius)
599 1967 616 2021 9
639 1965 717 2022 circa
739 1965 877 2022 Romanis
901 1964 1029 2037 (Weiss.)
1068 1969 1096 2021 ll
1125 1963 1234 2038 (signa,
1257 1964 1325 2021 VII

258 2048 425 2121 elephantos
443 2045 527 2104 Gran.
543 2067 556 2104 e
570 2054 615 2105 P:
636 2047 761 2123 signavit
777 2047 944 2122 elephantis.
959 2047 1051 2104 Drak.
1068 2047 1160 2121 signa,
1182 2046 1323 2122 elephan-

258 2128 306 2206 tis)
333 2132 367 2185 12
391 2130 517 2186 omnium
541 2131 607 2188 belli
630 2131 726 2201 avida,
749 2131 835 2187 modo
859 2129 1038 2204 (Interpuaat.
1067 2119 1128 2188 Vici.
1152 2129 1217 2190 Em.
1239 2129 1324 2202 403.)

344 2213 400 2273 bib.
423 2212 507 2274 lxlv.
530 2211 601 2289 Cap.
624 2215 648 2286 I,
674 2218 689 2269 5
716 2231 803 2288 agros
827 2215 925 2269 urbem
948 2213 1039 2285 (codd.
1056 2219 1147 2270 rece?
1162 2213 1225 2274 odd.
1240 2213 1322 2282 vett.)

197 2304 199 2310 '
262 2291 265 2375 i
288 2295 381 2370 possit
401 2293 515 2370 (Gran.)
539 2298 556 2352 8
581 2315 667 2370 quam
690 2297 842 2371 probatam
866 2296 990 2367 (Walcb.
1015 2301 1042 2352 Ρ
1057 2296 1213 2370 prolatam)
1236 2296 1279 2364 II,
1303 2299 1319 2350 7

259 2379 396 2434 volebant
419 2421 468 2440 ...
508 2379 665 2452 sperabant
697 2377 789 2453 (codd.
824 2379 898 2452 quid.
931 2396 998 2435 reoc.
1032 2383 1060 2434 P
1090 2379 1227 2436 volebant

138 2523 147 2534 ,
259 2459 409 2537 sperabat)
447 2459 612 2530 8iaveret,
643 2469 672 2517 et
703 2461 784 2536 plebs
814 2459 914 2536 (editor
935 2463 1036 2536 aliquis
1059 2458 1122 2536 vet.)
1159 2463 1176 2517 9
1205 2461 1323 2533 lateque

260 2543 419 2616 [omnibus]
441 2543 565 2600 disiectis
599 2543 739 2601 maenibus
773 2546 840 2618 (atq.
861 2544 925 2601 Em.
952 2545 1029 2609 271;
1055 2545 1090 2600 de
1112 2544 1205 2600 ordine
1226 2543 1321 2599 uerbo·

260 2645 321 2684 rum
334 2627 385 2698 cfr.
407 2627 487 2682 etiam
497 2628 581 2699 proes.
603 2628 655 2683 vol.
678 2629 696 2682 1
712 2646 743 2702 p.
767 2629 788 2682 2
810 2628 849 2683 ud
862 2626 919 2696 IX,
944 2627 968 2697 7,
988 2626 1020 2703 3)
1044 2631 1075 2683 10
1090 2629 1215 2697 (omnem
1234 2624 1320 2682 (Iron.

260 2709 288 2765 P
299 2727 397 2764 omnes
409 2707 500 2766 Drab.
517 2707 597 2764 lacos
612 2712 723 2780 omnes)
739 2711 797 2777 III,
814 2712 830 2766 2
848 2719 874 2766 et
889 2712 905 2766 3
918 2711 1138 2784 praeterfluebat,
1153 2718 1182 2765 et
1196 2728 1251 2765 arx
1262 2717 1322 2764 erat

259 2790 374 2866 procul.
388 2834 395 2850 .
409 2836 416 2851 .
437 2791 650 2852 habitabantur.
667 2793 789 2849 sedecim
806 2793 884 2849 milia
899 2794 1001 2850 aberat
1015 2792 1069 2864 [in]
1084 2793 1156 2848 urbe
1169 2791 1273 2850 nobili.
1287 2836 1315 2852 ..

261 2875 332 2931 urbe
347 2875 434 2946 [erat]
449 2873 573 2931 nobilius
596 2876 661 2948 (My.
673 2875 737 2932 Em.
750 2877 817 2932 271.
861 2874 919 2931 Sed
932 2875 1046 2932 concedo
1062 2878 1125 2943 iam,
1147 2875 1197 2930 sub
1213 2892 1279 2932 aros
1294 2877 1320 2930 in

261 2963 289 3014 P
312 2959 396 3015 lutere
418 2976 485 3026 arx,
513 2966 544 3014 ut
565 2961 579 3026 ξ
601 2959 634 3028 8,
655 2968 686 3014 ut
706 2958 826 3028 XXIII,
848 2959 905 3028 30,
930 2958 945 3013 7
974 2959 1024 3014 sub
1047 2975 1122 3025 aras,
1145 2959 1320 3031 conmnm'que

256 3059 340 3115 posse
360 3041 515 3096 universam
539 3043 624 3114 spatii
643 3043 775 3098 interiecti
794 3042 1013 3115 siqnifioationcm
1035 3049 1160 3097 atcerte
1181 3058 1319 3098 mensurat.

262 3123 336 3180 Ante
367 3125 457 3179 omnia
489 3124 629 3180 terrendum
662 3133 709 3193 est,
734 3143 787 3180 non
809 3143 893 3199 posse
923 3124 1016 3180 diuelli
1038 3124 1110 3180 biae:
1141 3123 1212 3179 urbe
1233 3122 1319 3178 nobili

262 3205 399 3280 templum
421 3205 486 3279 ipsa
507 3206 579 3262 urbe
600 3206 738 3276 nobilius,
762 3225 810 3264 nec
830 3207 892 3264 toto
917 3209 1097 3264 cmiunotiom'
1114 3207 1254 3262 commatre
1275 3207 1319 3274 ab,

262 3289 319 3359 aad,
340 3288 415 3362 quod
437 3293 465 3344 Ρ
486 3289 574 3354 babet,
596 3289 635 3346 in.
685 3289 718 3345 In
744 3291 810 3346 urbe
836 3309 854 3346 a
874 3290 956 3347 Livio
979 3290 1105 3364 templum
1126 3305 1183 3344 esse
1204 3288 1267 3356 dici,
1289 3307 1319 3344 aa

263 3391 292 3428 eo
322 3374 402 3427 etiam
430 3381 562 3445 apparet,
590 3373 665 3446 quod
692 3375 749 3429 aas
781 3374 926 3448 desom'ptio
960 3372 985 3430 Ιι,
1003 3373 1021 3429 7.
1051 3373 1230 3446 interponitur
1260 3380 1319 3427 anta
1394 3371 1395 3450 )

262 3456 338 3510 arcis
362 3454 575 3528 doscnpaomm,
620 3455 679 3514 Sex
701 3455 791 3512 millia
812 3462 855 3526 P,
881 3475 930 3512 nec
952 3457 1025 3524 licet,
1056 3464 1087 3510 ut
1109 3455 1164 3511 bac
1185 3455 1320 3510 interualli
1394 3497 1395 3502 .

262 3555 390 3592 mensura
410 3537 450 3593 ad
469 3539 595 3612 templum
616 3540 651 3595 ab
672 3556 736 3595 arce
758 3541 959 3613 transferatur,
990 3539 1074 3594 aliam
1098 3554 1238 3593 numerum
1259 3536 1317 3592 sub-
1394 3551 1395 3596 t

263 3622 374 3676 stituere
395 3629 484 3676 tamen
504 3640 522 3677 a
543 3620 688 3678 Strabonis
709 3621 927 3696 discrepantem.)
951 3625 968 3677 5
986 3619 1100 3695 (greges
1122 3618 1166 3675 sui
1185 3619 1318 3694 cuiusque

263 3702 376 3777 generis
405 3703 518 3774 Weiss,
541 3707 594 3777 Mp.
618 3705 681 3760 Em.
704 3703 775 3779 273)
815 3709 829 3760 7
854 3705 1038 3778 adfinguntur
1058 3703 1227 3778 plerumque
1249 3699 1315 3777 (Iao.

266 3784 364 3858 Gran.)
393 3784 523 3862 Inullus.
537 3831 565 3847 ..
595 3795 711 3844 moveat
732 3796 833 3843 ventus
856 3784 954 3860 (Gran.
979 3805 993 3842 e
1014 3791 1059 3842 P:
1083 3784 1162 3841 nullo
1185 3802 1314 3858 umquam

264 3879 462 3928 moueuentos.
484 3869 547 3930 Em.
564 3869 631 3928 273.
674 3869 834 3926 Durissima
858 3878 946 3925 tamen
967 3877 1007 3925 est
1027 3869 1131 3941 infinita
1146 3869 1242 3939 forma
1263 3886 1315 3923 sen·

264 3953 352 4007 tentioe
383 3952 505 4008 robativoe
536 3971 588 4007 non
616 3953 821 4021 continuantium,
849 3953 899 4008 sed
927 3952 1124 4008 substantivum
1153 3950 1314 4024 doratensis.)

268 4037 300 4090 ll
326 4031 509 4093 Crotoniates
531 4031 629 4108 (codd.
653 4041 742 4093 roca!
764 4035 826 4090 edd.
849 4034 925 4107 vett.)
950 4031 955 4110 Ι
980 4033 1171 4108 frequentiam
1195 4051 1229 4090 eo
1251 4033 1314 4090 reci·
