2812 4556
317 243 353 298 18
494 288 495 296 ,
587 237 666 288 Liber
683 239 759 291 XXI.
797 239 845 300 (Δ.
858 253 884 289 u.
898 253 920 291 c.
935 240 1009 300 536.)

234 451 237 459 ·
270 423 355 480 nibus
377 420 437 478 fere
459 421 570 478 visendi
593 423 695 478 domos
727 424 827 480 oblata
849 425 924 481 ultro
952 431 1081 497 potestas
1104 434 1191 498 grata
1212 434 1297 494 erat,
1325 437 1354 483 et

270 529 328 585 iam
351 527 580 584 desiderantibus
608 545 676 584 suos
705 539 734 586 et
761 530 875 604 longius
901 530 930 585 in
959 528 1087 610 futurum
1115 531 1351 604 providentibus

242 633 454 690 8desiderium.
501 633 561 688 Per
592 641 683 689 totum
717 642 831 714 tempus
864 634 966 691 hiemis
999 634 1080 707 quies
1113 635 1188 692 inter
1218 637 1351 694 labores
1397 681 1398 706 2

271 749 322 796 arat
353 739 411 795 iam
445 739 602 794 exhaustos
630 747 679 794 aut
710 758 780 795 mcx
802 739 1013 796 exhauriendos
1035 741 1189 797 renovavit
1210 761 1350 818 corpora

272 844 443 918 animosque
478 843 515 898 ad
548 844 647 901 omnia
679 845 715 901 de
745 845 857 920 integro
890 845 1040 920 patienda;
1073 863 1142 902 vera
1169 846 1268 920 primo
1306 849 1348 904 ad

270 949 394 1006 edictum
417 966 585 1005 convenere.
1397 1019 1398 1028 ἵ

240 1051 257 1107 9
354 1051 503 1110 Hannibal
533 1071 620 1126 quum
662 1053 853 1111 recensuisset
887 1055 1014 1111 omnium
1050 1054 1179 1130 gentium
1216 1055 1345 1123 auxilia,
1397 1033 1398 1054 ¹

271 1157 371 1214 Gades
404 1155 551 1232 profectus
584 1157 704 1214 Herculi
731 1166 801 1215 vota
830 1159 968 1228 exsolvit,
1000 1159 1142 1232 novisque
1164 1177 1195 1215 se
1223 1160 1345 1234 obligat
1397 1125 1398 1162 ¹

222 1261 257 1317 10
271 1262 355 1330 votiS,
378 1261 401 1316 si
424 1269 521 1318 cetera
535 1279 677 1336 prospers
692 1264 861 1323 evenissent.
905 1264 978 1320 Iuda
991 1264 1119 1338 partiens
1142 1283 1226 1320 curas
1249 1265 1343 1320 simul
1397 1233 1398 1322 ¹

269 1370 297 1424 iu
318 1365 498 1423 inferendum
522 1373 611 1439 atquc
634 1368 789 1424 arcendum
812 1367 934 1439 bellum,
955 1387 1007 1440 ne,
1028 1369 1096 1426 dum
1120 1370 1184 1445 ipse
1205 1371 1341 1427 terrestri

270 1491 323 1547 per
344 1470 517 1546 Hispaniam
540 1469 712 1544 Galliasque
740 1471 842 1528 itinere
863 1473 979 1529 Italiam
1001 1483 1127 1548 peteret,
1149 1474 1227 1532 nuda
1248 1494 1340 1549 aper·

269 1589 358 1650 taque
372 1575 512 1634 Romanis
534 1575 639 1634 Africa
661 1577 698 1632 ab
721 1575 820 1634 Sicilia
842 1586 925 1646 esset,
946 1577 1045 1633 valido
1067 1578 1201 1652 praesidio
1216 1579 1339 1635 firmma
1397 1561 1398 1586 ¹

220 1682 251 1736 ll
270 1702 333 1740 eam
361 1681 476 1749 statuit3
504 1700 558 1756 pro
586 1700 622 1737 eo
650 1680 879 1755 supplementum
913 1681 975 1756 ipsa
1004 1701 1041 1738 ex
1055 1681 1175 1754 ,Africa
1205 1684 1338 1741 maxime
1397 1655 1398 1692 ¹

268 1787 476 1855 iaculatorum,
507 1785 613 1842 levium
636 1785 740 1856 armis,
768 1785 864 1859 petiit,
897 1795 929 1840 ut
951 1785 1017 1842 Afri
1046 1786 1076 1842 in
1098 1787 1252 1862 Hispania,
1275 1788 1337 1844 Hi·
1396 1806 1397 1823 t

269 1891 352 1966 spani
367 1891 395 1947 in
412 1889 524 1958 Africa,
549 1891 651 1946 melior
665 1890 767 1965 procul
790 1891 827 1946 ab
850 1891 936 1946 domo
959 1889 1073 1947 futurus
1096 1900 1218 1965 uterque
1241 1892 1335 1960 miles,

220 1996 347 2052 lavetur
371 1996 476 2051 mutuis
492 1987 658 2069 pigneribus
674 1995 804 2068 obligati,
826 1994 970 2068 stipendia
991 1993 1129 2056 iacerent.
1179 1995 1334 2053 Tredecim

268 2099 358 2156 millia
394 2098 575 2174 octingentos
610 2100 819 2175 qninquaginta
859 2099 969 2173 pedites
1009 2107 1142 2157 caetratos
1187 2099 1263 2155 misit
1305 2100 1334 2155 in

87 2217 89 2227 ’
171 2195 177 2204 ”
269 2204 402 2262 Africam
426 2213 454 2258 et
477 2203 639 2260 funditores
654 2204 786 2260 Baliares
807 2205 988 2278 octingentos
1004 2204 1198 2278 septuaginta,
1220 2204 1334 2278 equites

220 2311 255 2366 13
269 2310 375 2366 mixtos
398 2327 435 2365 ex
458 2308 554 2365 multis
584 2309 717 2383 gentibus
748 2307 826 2364 mille
856 2309 1005 2366 ducentos.
1054 2309 1120 2366 Has
1142 2309 1243 2384 copias
1264 2328 1333 2383 par-

268 2416 319 2471 tim
350 2412 521 2486 Carthagini
552 2412 687 2486 praesidio
717 2430 794 2481 esse,
826 2413 932 2487 partim
955 2414 1086 2472 distribui
1118 2433 1172 2490 per
1200 2413 1334 2471 Africam

268 2520 357 2576 iubet.
402 2517 494 2575 Simul
509 2517 752 2590 conquisitoribus
774 2517 804 2573 in
826 2517 957 2574 civitates
980 2519 1084 2589 missis,
1107 2527 1246 2593 quattuor
1269 2519 1334 2575 mil·

269 2624 309 2681 lia
330 2622 494 2697 conscripta
509 2621 626 2678 delectae
641 2621 806 2692 iuventutis,
827 2621 991 2698 praesidium
1014 2624 1130 2680 eosdem
1157 2632 1186 2680 et
1208 2624 1335 2694 obsides,

173 2723 217 2792 22
270 2729 335 2786 duci
350 2727 555 2802 Carthaginem
571 2727 660 2783 iubet.
703 2727 808 2801 Neque
823 2728 996 2803 Hispaniam
1019 2727 1222 2802 negligendam
1244 2739 1335 2800 ratus,

270 2843 357 2908 atque
385 2833 416 2889 id
438 2851 472 2888 eo
496 2831 604 2902 minus,
635 2832 713 2906 quod
741 2832 818 2888 haud
841 2833 958 2907 ignarus
983 2840 1059 2901 arat,
1087 2831 1267 2889 circumitam
1297 2834 1335 2888 ab

239 2937 410 2994 2Romanis
432 2955 496 2992 eam
518 2936 622 3009 legatis
642 2936 679 2992 ad
704 2936 901 2994 sollicitandos
921 2937 1082 3012 principum
1106 2935 1234 3007 animos,
1255 2937 1334 2994 Has·

271 3040 384 3098 drubali
406 3039 499 3111 fratri,
521 3041 586 3098 viro
607 3040 742 3116 impigro,
772 3059 835 3096 eam
858 3041 1036 3115 provinciam
1059 3041 1195 3110 destinat,
1224 3041 1333 3098 firmat-

270 3165 327 3219 que
348 3163 414 3232 qum
435 3144 545 3203 Africis
568 3146 695 3202 maxime
716 3144 866 3218 praesidiis,
888 3146 1016 3220 peditum
1038 3145 1179 3204 Afrorum
1202 3145 1333 3202 undecim

271 3247 394 3304 millibus
417 3250 588 3325 octingentis
623 3249 848 3325 quinquaginta,
885 3250 1041 3324 Liguribus
1069 3249 1220 3320 trecentis,
1252 3249 1332 3307 Bali·

240 3350 368 3409 3aribus
401 3357 586 3427 quinquatria„
624 3355 674 3412 Ad
707 3353 769 3408 haec
803 3353 930 3427 peditum
964 3355 1074 3412 auxilia
1105 3329 1197 3411 additi
1224 3355 1332 3428 equites

269 3457 508 3534 Libyphoenices,
543 3459 666 3516 mixtum
698 3457 840 3514 Punicum
875 3457 958 3516 Afris
990 3477 1096 3534 genus,
1132 3458 1332 3534 quadringenti

271 3565 471 3636 quinquaqinta
502 3573 532 3620 et
563 3563 699 3622 Numidas
732 3562 886 3638 Maurique
918 3563 1024 3620 accolae
1054 3562 1164 3622 Oceani
1192 3563 1231 3620 ad
1261 3563 1333 3620 mille

240 3643 243 3650 ι
271 3667 427 3741 octingenti
457 3679 486 3724 et
515 3674 609 3742 parv'a
636 3667 793 3740 Ilergetum
826 3685 929 3724 manus
961 3685 998 3724 ex
1030 3667 1189 3743 Hispania,
1221 3667 1333 3724 ducenti

272 3772 397 3845 equites,
425 3781 462 3843 et,
488 3791 525 3828 ne
547 3771 625 3846 quod
647 3771 789 3827 terrestris
811 3771 923 3828 deesset
945 3771 1045 3828 auxilii
1065 3789 1171 3848 genus,
1192 3771 1333 3847 elephanti

240 3875 373 3952 triginti
405 3895 490 3936 unus.
547 3873 656 3932 Classis
678 3883 818 3948 praterea
846 3875 916 3932 data
937 3877 974 3932 ad
1003 3876 1139 3932 tuendam
1161 3877 1332 3934 maritimam
