2678 4560
291 257 329 313 70
551 249 631 300 Liber
647 247 765 302 XXVII.
800 247 849 310 (Δ.
862 263 887 296 u.
900 262 923 297 c.
939 245 1012 310 ost.)

197 441 234 497 10
247 437 364 496 Dialem
398 453 574 510 quemquam
607 433 637 490 id
669 433 715 490 ius
748 449 914 507 usurpasse.
969 431 1094 488 Tribuni
1118 450 1186 488 rem
1220 429 1320 488 inertia

247 543 396 600 flaminum
417 541 614 599 oblitteratam
629 537 709 614 ipsis,
729 557 788 595 uon
810 537 973 595 sacerdotio
996 537 1104 594 damno
1123 536 1225 594 finisse
1240 554 1319 608 quum

248 666 362 724 aequum
385 646 576 716 censuissent,
612 663 648 701 ne
677 644 742 720 ipso
767 643 881 718 quidem
903 653 1007 700 contra
1027 642 1165 700 tendente
1190 649 1323 716 praetors,

249 771 357 828 magno
386 767 505 808 assensu
532 759 647 826 patrum
674 748 825 824 plebisque
852 747 999 804 flaminem
1023 747 1216 804 incenatum
1240 747 1323 802 iutro·

249 858 409 926 duxerunt,
438 857 573 913 omnibus
600 856 643 912 ita
670 852 919 922 existimantibus,
955 853 1050 926 magis
1079 853 1242 910 sanctitate
1262 851 1324 908 vite

250 981 338 1038 quam
361 959 517 1018 sacerdotii
537 960 600 1017 iure
622 977 686 1016 eam
709 977 769 1015 rem
791 959 937 1015 flaminem
960 957 1132 1038 obtinuisse.

200 1071 234 1126 11
340 1064 490 1135 Consules,
520 1064 688 1139 priusquam
716 1063 746 1120 in
768 1063 935 1139 provincias
960 1063 1053 1132 irent,
1091 1063 1165 1120 duas
1198 1061 1324 1118 urbanas

248 1171 395 1248 legiones,
426 1172 456 1228 iu
480 1169 726 1244 supplementum,
760 1179 900 1244 quantum
923 1185 997 1244 opus
1022 1177 1096 1239 erat,
1119 1169 1232 1226 ceteris
1247 1185 1324 1224 excr-

200 1278 353 1336 tratribus
394 1277 514 1334 militum
560 1273 746 1348 scripserunt.
808 1275 960 1334 Urbanum
993 1284 1124 1332 veterem
1164 1272 1323 1330 exercitum

250 1384 372 1442 Fulvius
402 1381 503 1439 consul
532 1377 565 1437 C.
588 1379 694 1436 Fulvio
723 1379 832 1437 Flacco
858 1379 956 1455 legato
986 1378 1094 1456 [stater
1119 1379 1169 1436 hic
1199 1377 1323 1436 consulis

250 1489 327 1564 erat)
349 1489 379 1546 iu
399 1485 549 1546 Etruriam
571 1484 650 1542 dedit
671 1484 832 1542 ducendum
855 1493 884 1541 et
903 1483 1047 1559 legiones,
1077 1503 1144 1558 quaa
1158 1484 1188 1540 in
1208 1480 1322 1540 Etruria

202 1596 342 1664 iderant,
364 1595 490 1650 Romam
513 1589 706 1647 deducendas.
758 1591 798 1647 Et
817 1590 928 1648 Fabius
949 1590 1052 1647 consul
1073 1590 1218 1664 reliquias
1243 1605 1322 1644 exer-

251 1698 324 1756 citus
353 1696 490 1754 Fulviani
524 1695 701 1770 conquisitas
731 1692 825 1770 (fuere
857 1703 952 1752 autem
989 1693 1027 1750 ad
1061 1703 1204 1769 quattuor
1238 1693 1319 1751 millis

250 1802 371 1859 trecenti
400 1800 596 1876 quadraginta
618 1793 768 1874 qufituor)
790 1799 826 1873 Q.
856 1800 1018 1857 Maximum
1049 1799 1141 1858 filium
1171 1797 1318 1859 ducerein

252 1905 380 1966 Siciliam
403 1907 442 1964 ad
462 1907 503 1964 Μ.
525 1904 675 1962 Valerium
698 1905 900 1980 proconsulem
921 1906 1014 1976 iussit,
1037 1915 1128 1980 atque
1143 1907 1236 1963 abeo
1254 1905 1317 1960 duas

96 2053 100 2064 ,
201 2017 237 2072 14
250 2012 380 2087 legiones
408 2021 438 2070 et
468 2011 586 2086 triginta
612 2011 833 2085 quinqueremes
866 2009 1005 2086 accipere.
1054 2011 1138 2069 Nihil
1170 2031 1213 2068 eae
1235 2011 1317 2067 duaa

252 2135 289 2174 ex
320 2117 416 2174 insula
450 2116 579 2191 legiones
615 2114 779 2172 minuerunt
810 2133 863 2173 nec
898 2116 1008 2174 viribus
1040 2135 1095 2173 nec
1127 2116 1228 2191 specie
1264 2113 1314 2169 eius

202 2228 239 2282 15
251 2222 409 2298 provincia
437 2222 619 2296 praesidium
651 2239 720 2277 nam
756 2239 844 2296 quum
868 2231 986 2296 praeter
1019 2220 1137 2296 egregie
1175 2218 1313 2294 suppletas

252 2328 325 2384 duas
346 2336 459 2383 veteres
481 2327 619 2403 legiones,
632 2325 849 2401 transfugarum
871 2326 958 2384 etiam
973 2326 1174 2384 Numidarum
1197 2324 1313 2398 equitum

251 2432 438 2508 peditumque
466 2452 602 2509 magnam
631 2434 689 2491 vim
720 2432 858 2501 haberet,
891 2430 1004 2489 Siculos
1039 2449 1176 2506 quoque,
1216 2429 1267 2503 qui
1290 2426 1312 2481 in

252 2537 380 2594 exercitu
410 2537 550 2613 Epicydis
579 2547 631 2594 aut
651 2538 810 2594 Poenorum
839 2536 973 2606 fuerant,
1009 2537 1080 2593 belli
1101 2536 1212 2610 peritos
1234 2534 1312 2593 viros.

202 2639 239 2696 tt
252 2641 356 2699 milites
383 2642 507 2718 scripsit.
550 2643 597 2700 aa
631 2651 751 2701 externa
780 2643 890 2700 auxilia
918 2659 1006 2715 quum
1034 2641 1155 2718 singulis
1183 2637 1311 2698 Romanis

251 2745 412 2820 legionibus
439 2747 635 2818 adiunxisset,
667 2748 791 2806 duorum
820 2747 945 2822 speciem
975 2747 1156 2804 exercituum
1182 2745 1311 2804 servavit:

251 2851 343 2910 altero
365 2853 400 2909 L.
416 2850 546 2910 Cincium
569 2863 681 2928 partem
703 2853 813 2924 insula,
836 2871 894 2928 qua
914 2871 1036 2926 regnum
1057 2853 1198 2910 Hieronis
1218 2851 1309 2914 meat

202 2962 238 3017 17
252 2957 326 3014 tueri
358 2957 457 3028 iussit;
489 2957 581 3015 altero
611 2959 674 3033 ipse
703 2968 829 3016 ceteram
860 2957 983 3014 insulam
1012 2958 1166 3030 tuebatur,
1199 2959 1308 3016 divisam

253 3063 399 3136 quondam
433 3063 559 3120 Romani
591 3064 754 3138 Punicique
784 3062 899 3139 imperii
927 3062 1048 3131 finibus,
1085 3063 1178 3121 classe
1207 3076 1307 3139 quoque

251 3168 362 3222 muium
389 3168 574 3243 septuaginta
603 3169 727 3245 partita,
758 3179 791 3226 ut
812 3168 891 3226 omni
912 3167 1022 3224 ambitu
1046 3168 1165 3226 litorum
1187 3165 1307 3244 prasidio

203 3274 239 3330 18
253 3289 311 3327 orae
333 3273 485 3329 maritimae
506 3281 609 3328 essent.
652 3273 722 3348 Ipse
745 3293 810 3332 cum
832 3272 964 3330 Muttinis
987 3272 1120 3346 equitatu
1141 3273 1305 3349 provinciam

252 3378 444 3451 peragrabat,
480 3386 512 3434 ut
543 3378 650 3435 viseret
680 3397 767 3455 agros
795 3379 931 3452 cultaque
961 3377 998 3434 ab
1019 3377 1136 3436 incultis
1157 3387 1270 3435 notaret
1285 3383 1305 3430 et

204 3485 239 3540 19
252 3482 373 3556 perinde
401 3483 534 3541 dominos
561 3484 695 3542 laudaret
718 3483 942 3558 castigaretque.
990 3484 1038 3540 Ita
1060 3491 1173 3542 tantum
1194 3502 1231 3540 ea
1251 3499 1305 3538 cum

251 3584 389 3643 frumenti
410 3587 561 3661 provenit,
594 3597 627 3646 ut
648 3598 677 3646 et
697 3570 823 3646 Romam
846 3588 973 3646 mitteret
998 3598 1028 3646 et
1055 3587 1190 3647 Catinam
1215 3606 1304 3646 conve

252 3689 352 3760 beret,
380 3691 457 3747 uude
478 3691 632 3761 exercitui,
656 3693 705 3766 qui
726 3693 764 3750 ad
787 3694 949 3751 Tarentum
971 3693 1074 3750 estiva
1096 3702 1213 3750 acturus
1234 3699 1303 3750 esset.

253 3771 354 3869 posset
373 3795 506 3869 praeberi.

177 3893 199 3962 9
345 3898 480 3958 Ceterum
508 3900 698 3974 transportati
725 3901 829 3958 milites
850 3901 880 3958 in
902 3901 1031 3962 Siciliam
1058 3903 1101 3978 (et.
1122 3912 1204 3962 erant
1225 3901 1303 3959 maior

251 4021 321 4078 pars
348 4002 447 4061 Latini
477 4003 603 4062 nominis
633 4005 849 4082 sociorumque)
877 4025 970 4083 prope
991 4008 1090 4083 magni
1113 4016 1206 4066 motus
1226 4023 1301 4064 causo
