2678 4560
343 263 558 312 ntuerxxvrn.
596 263 642 327 (1,
656 261 703 314 81.
721 265 795 327 sos.)
998 269 1053 324 135

20 457 73 502 tam
96 447 212 521 procul
239 449 280 504 ab
304 446 405 517 domo,
438 448 521 504 varia
549 446 666 505 fortuna
691 447 796 504 bellum
826 458 940 522 gereret
968 449 1094 506 exercitu

18 571 71 608 non
93 569 151 609 suo
170 553 271 623 civili,
293 553 345 609 sed
366 553 456 610 mixto
480 572 516 610 ex
537 553 698 610 colluvione
720 553 847 611 omnium
869 554 1006 629 gentium,
1029 556 1094 628 qui·

19 658 67 712 bus
91 675 156 712 non
182 657 262 728 lex,
285 675 345 714 non
367 676 450 730 mos,
482 678 540 716 non
559 659 658 736 lingua
678 661 852 732 communis,
876 659 948 718 alius
969 660 1125 729 babitus,4
1227 667 1231 676 '

16 762 71 816 alia
92 762 219 833 vestis,
258 763 317 820 alia
340 783 436 835 arma,
468 765 517 821 alii
538 765 625 834 ritus,
656 764 714 822 8118
735 785 834 837 88888,
866 768 915 825 8111
935 786 1028 843 prope
1049 765 1095 822 dei

17 877 121 939 essent,
156 869 206 926 ita
234 869 363 944 quodam
386 889 443 927 uno
465 868 579 925 vinculo
601 871 780 944 copulaverit
802 891 860 943 eos,
890 873 1022 930 utnulla
1043 889 1095 928 nec

15 975 86 1030 inter
116 975 211 1050 ipsos
244 993 299 1031 nec
327 975 465 1032 adversus
501 975 602 1032 ducem
630 976 733 1033 seditio
763 978 919 1048 exstiterit,
952 995 1039 1052 quum
1067 982 1124 1035 et5

15 1080 141 1152 pecunia
173 1097 264 1155 saepe
294 1080 324 1136 in
353 1079 526 1155 stipendium
554 1087 582 1135 81
608 1090 786 1140 commeatus
816 1084 845 1140 in
875 1081 1001 1141 hostium
1024 1099 1094 1156 agro

14 1184 146 1254 deesset,
190 1203 321 1259 quorum
353 1186 452 1260 inopia
483 1185 580 1260 priore
606 1185 718 1242 Punico
745 1187 820 1244 bello
853 1188 945 1246 multa
975 1186 1095 1244 infanda

14 1289 86 1346 inter
128 1291 232 1348 duces
268 1291 430 1365 militesque
454 1292 609 1349 commissa
636 1290 759 1352 fuerant.
801 1295 876 1352 Post
901 1291 1125 1351 Hasdrubalisti

14 1413 82 1451 vero
119 1397 295 1454 exercitum
327 1415 388 1452 8188
420 1398 508 1468 duce,
545 1397 576 1452 iu
608 1397 712 1471 quibus
744 1416 810 1472 spes
845 1399 938 1456 omnis
967 1397 1095 1472 reposita

15 1500 147 1558 victoriae
185 1503 305 1574 fuerat,
346 1503 471 1559 deletum
507 1502 691 1577 cedendoque
727 1502 756 1559 in
786 1503 922 1578 angulum
950 1503 1095 1560 Bruttium

17 1615 112 1664 cetera
141 1609 244 1666 Italia
272 1627 456 1673 concessum,
492 1607 538 1665 cui
564 1626 622 1665 nou
650 1608 783 1666 videatur
804 1608 951 1677 mirabile,
985 1607 1095 1665 nullum

18 1722 128 1770 motum
153 1716 189 1771 in
215 1714 320 1772 castris
341 1710 473 1770 factum?
515 1713 593 1770 Nam
624 1713 661 1769 ad
688 1723 784 1771 cetera
804 1715 834 1770 id
857 1732 972 1788 quoque
996 1720 1124 1773 acces-7

20 1827 103 1888 serat,
127 1830 164 1876 ut
186 1839 227 1877 ne
250 1819 344 1876 alendi
367 1819 482 1894 quidem
505 1817 647 1875 exercitus
668 1819 723 1877 nisi
745 1839 782 1877 ex
796 1821 912 1878 Bruttio
935 1838 1006 1894 agro
1028 1835 1094 1895 spes

19 1934 108 1996 esset,
146 1927 222 2000 qui,
254 1936 286 1982 ut
314 1925 407 1982 omnis
429 1924 585 1992 coleretur,
620 1924 741 1998 exiguus
763 1934 861 1982 tamen
884 1934 966 1982 tanto
989 1926 1092 1983 alendo

22 2030 164 2087 exercitui
189 2041 272 2101 erat;
308 2041 368 2089 tum
398 2047 533 2106 magnam
560 2037 671 2105 partem
698 2030 854 2088 iuventutis
876 2032 1052 2088 abstractam
1076 2041 1124 2097 a8

21 2134 95 2192 cultu
120 2155 268 2212 agrorum
290 2136 397 2200 bellum
420 2145 613 2210 occupaverat
639 2144 668 2191 et
691 2153 754 2192 mos
781 2135 850 2193 vitio
882 2135 968 2192 etiam
992 2134 1093 2191 insitus

23 2243 98 2314 genti
129 2262 189 2317 per
217 2241 372 2299 latrocinia
400 2239 530 2297 militiam
557 2241 725 2311 exercendi;
761 2260 814 2299 nec
844 2241 881 2298 ab
905 2241 992 2298 domo
1014 2240 1124 2315 quic-9

24 2365 108 2419 quam
147 2350 340 2418 mittebatur,
372 2347 410 2403 de
442 2344 586 2419 Hispania
618 2347 758 2403 retinenda
789 2348 927 2418 sollicitis,
965 2357 1094 2421 tunquam

26 2458 111 2511 omnia
129 2473 278 2532 prospera
300 2456 328 2509 iu
349 2452 435 2508 Italia
454 2459 548 2507 essent

104 2562 142 2618 Iu
180 2562 323 2635 Hispania
355 2576 401 2614 res
437 2557 564 2631 quadam
597 2576 634 2614 ex
667 2567 750 2633 parte
784 2559 904 2628 eandem
937 2557 1094 2630 fortunam,
1109 2564 1144 2618 10

29 2666 155 2735 quadam
179 2667 269 2741 longe
291 2665 436 2738 disparem
457 2662 618 2731 habebant;
646 2663 783 2733 eandem,
805 2663 883 2736 quod
903 2663 1005 2738 proelio
1027 2663 1096 2722 victi

30 2766 288 2849 Carthaginienses
311 2772 384 2827 duce
405 2769 513 2826 amisso
532 2767 561 2823 iu
584 2766 713 2824 ultimam
727 2768 878 2842 Hispania
899 2786 981 2824 oram
1003 2786 1095 2842 usque

31 2876 65 2931 ad
87 2877 243 2938 Oceanum
267 2875 409 2950 compulsi
432 2881 527 2944 erant,
553 2872 697 2947 disparem
717 2865 829 2943 autem,
852 2874 930 2948 quod
950 2873 1094 2947 Hispania
1111 2882 1143 2935 11

32 2997 86 3038 non
114 3004 206 3059 quam
236 2983 324 3041 118118
354 2981 459 3050 modo,
497 2979 551 3034 sed
574 2995 661 3052 quam
684 2977 743 3034 ulla
763 2996 831 3053 pars
853 2987 995 3036 terrarum
1017 2980 1093 3037 bello

33 3093 197 3164 reparando
225 3089 322 3165 aptior
343 3096 406 3143 erat
427 3086 556 3142 locorum
580 3085 787 3158 hominumque
810 3083 940 3159 ingeniis.
988 3084 1093 3159 Itaque
1109 3091 1142 3147 12

36 3209 99 3268 ergo
130 3198 228 3273 prima
249 3193 390 3252 Romanis
419 3189 490 3247 inita
511 3189 738 3264 provinciarum,
775 3208 839 3264 quae
865 3190 980 3264 quidem
1002 3192 1093 3250 conti-

35 3301 124 3358 nentis
146 3303 221 3372 sint,
259 3307 409 3375 postrema
430 3294 573 3364 omnium,
607 3303 708 3351 nostra
729 3295 844 3352 demum
867 3305 967 3367 881818,
1007 3297 1093 3354 ductu

38 3405 222 3480 auspicioque
250 3403 378 3479 Augusti
406 3400 528 3458 Caesaris
568 3399 731 3475 perdomita
766 3410 818 3457 est.
863 3403 909 3459 lbi
930 3411 991 3458 tum
1012 3404 1093 3460 Has·
1110 3407 1144 3462 13

37 3505 135 3568 drubal
157 3510 314 3586 Gisgonis,
346 3509 489 3567 maximus
520 3508 746 3581 clarissimusque
773 3525 808 3563 eo
840 3506 915 3564 bello
936 3510 1092 3567 secundum

40 3609 177 3677 Barcinos
201 3618 270 3687 dux,
293 3633 442 3690 regressus
465 3615 502 3670 ab
520 3612 654 3671 Gadibus
675 3611 834 3669 rebellandi
855 3630 916 3688 spe,
938 3615 1093 3673 adiuvante

41 3714 161 3794 Magone
183 3721 362 3780 Hamilcaris
393 3720 453 3777 filio
489 3717 638 3776 dilectibus
659 3737 712 3793 per
732 3717 897 3775 ulteriorem
918 3718 1092 3795 Hispaniam

42 3819 149 3900 habitis,
185 3829 224 3886 ad
252 3826 464 3903 quinquaginta
490 3824 581 3882 millia
601 3825 747 3899 peditum,
784 3836 921 3901 quattuor
947 3827 1038 3884 millia
1065 3835 1094 3883 81

44 3930 208 4009 quingentos
242 3933 353 4007 equites
389 3931 522 3990 armavit.
585 3911 643 3986 De*
668 3932 847 4005 equestribus
879 3932 969 4007 copiis
1002 3932 1144 4001 18881814

47 4030 112 4095 iuter
141 4049 278 4098 auctores
305 4037 454 4105 convenit3
484 4035 611 4111 peditum
648 4039 832 4113 septuaginta
860 4039 950 4097 millia
975 4042 1092 4116 quidam
