2700 4426
429 222 623 275 nroaxxrv.
660 223 853 288 (scurra.)
883 201 907 279 ¹.
1068 225 1126 284 221

106 384 189 484 ginta
226 408 317 466 millia
350 426 384 465 eo
419 408 522 484 proelio
558 408 706 467 hominum
743 427 818 466 oaesa
853 409 994 468 dicuntur.
1048 408 1201 485 Syphax5

105 532 173 572 oum
205 513 306 588 paucis
335 513 478 588 equitibus
511 514 541 571 in
576 515 742 572 Maurusios
775 532 813 570 ex
846 513 907 571 aoie
928 513 1073 571 Numidas
1107 515 1170 588 (ex-

105 618 190 677 tremi
230 637 323 694 prope
350 618 499 678 Oceanum
530 620 669 678 adversus
697 619 798 678 Gades
830 603 939 691 colunt)
972 618 1093 694 refugit,
1127 621 1171 677 af·
1272 619 1277 631 '

86 717 317 806 *fluentibusque
345 725 383 781 ad
411 706 521 783 famam
544 725 605 781 eius
627 724 753 799 undique
775 726 916 795 barbaris,
938 726 1068 800 ingentes
1090 725 1172 783 brevi

104 829 208 904 copias
230 829 364 901 armavit,
392 848 456 887 oum
478 831 582 904 quibus
604 831 634 887 in
655 832 830 906 Hispaniam
853 837 976 906 angusto
998 829 1203 904 diremptam6
1277 860 1280 865 ·

104 935 184 993 freto
208 935 361 992 traiiceret.
409 936 451 992 Et
473 936 630 994 Masinissa
659 955 724 994 oum
748 923 872 993 vietoro‘
885 935 1013 993 exercitu
1038 935 1170 1004 advenit;

103 1041 191 1115 isque
218 1041 346 1098 ibicum
372 1041 507 1117 Syphaoe
532 1040 641 1116 ingenti
657 1042 756 1117 ‘gloria
778 1061 830 1116 per
854 1059 899 1112 se,
926 1040 987 1096 sina
1010 1040 1075 1097 ullis
1098 1038 1170 1097 Car-

105 1146 331 1220 thaginiensium
355 1145 467 1220 opibus,
491 1147 581 1221 gessit
602 1147 721 1203 bellum.

192 1251 227 1307 In
250 1251 394 1326 Hispania
423 1251 495 1308 nihil
516 1253 704 1310 memorabile
729 1259 852 1326 gestum,
879 1259 1070 1326 praeterquam
1092 1252 1200 1325 qu0d7
1289 1238 1292 1245 ’

104 1355 284 1414 Celtiberum
314 1357 491 1414 iuventutem
521 1358 622 1414 eadem
649 1359 790 1427 mercede,
820 1375 879 1431 qua
900 1365 987 1431 pacta
1010 1374 1074 1413 oum
1097 1355 1170 1414 Car-

103 1460 337 1537 thaginiensibus
360 1461 642 1536 eratrimperatores
661 1464 787 1528 Romani
811 1464 849 1519 ad
864 1481 895 1519 se
916 1462 1121 1537 perduxerunt,
1144 1467 1203 1520 et8

104 1567 304 1624 nobilissimos
334 1567 483 1641 Hispanos
515 1585 604 1643 supra
632 1578 775 1626 trecentos
802 1567 832 1624 in
855 1567 971 1624 Italiam
1004 1568 1041 1624 ad
1064 1567 1170 1624 solliei-

104 1673 213 1729 tandos
235 1672 401 1748 populares,
431 1675 480 1746 qui
499 1672 574 1729 inter
594 1673 703 1731 auxilia
721 1673 895 1731 Hannibalis
910 1679 1001 1741 erant,
1023 1672 1171 1732 miserunt.

104 1779 144 1836 Id
177 1779 265 1835 modo
292 1778 355 1836 eius
383 1777 451 1835 anni
481 1777 511 1834 in
532 1758 694 1853 Hispania¹
712 1778 751 1834 ad
786 1779 954 1835 memoriam
983 1777 1095 1852 insigne
1116 1786 1170 1846 est,

106 1884 188 1958 quod
217 1883 425 1940 mercenarium
448 1883 567 1940 militem
588 1883 618 1939 in
642 1883 744 1939 eastris
766 1881 907 1939 neminem
932 1891 1088 1956 antequam
1110 1890 1171 1938 tum

106 1964 275 2048 Celtiberos
296 1988 424 2046 Romani
446 1982 618 2047 habuerunt.
