2680 4546
312 271 348 326 54
578 266 657 316 Liber
673 265 776 319 XXVI.
814 266 860 330 (Δ.
874 281 899 316 u,
914 280 936 319 e.
950 266 1025 330 54⁴.)

268 450 376 528 passim
392 450 430 506 ad
452 449 558 508 cadem
579 450 790 526 oppidanorum
806 450 899 520 versi3
923 449 983 524 illa,
999 469 1064 526 quta
1075 459 1192 525 portam
1206 449 1309 524 ingressa

270 564 348 626 erat,
380 556 456 622 iusta
478 555 555 612 acies
577 573 642 612 cum
663 557 801 626 ducibus,
833 574 897 613 oum
926 555 1076 614 ordinibus
1098 556 1197 614 media
1215 555 1308 612 urbeis

240 652 364 718 Storum
381 661 531 734 processit.
568 660 641 717 Inde
658 679 745 736 quum
767 661 881 718 duobus
901 661 1052 727 itineribus
1070 659 1216 736 fugientes
1227 661 1310 716 videret

269 765 385 834 hostes,
422 766 495 824 alios
520 767 557 823 ad
579 767 718 826 tumulum
741 766 771 824 in
793 765 932 824 orientem
958 784 1090 838 versum,
1116 767 1170 841 qui
1192 767 1310 822 tenebatur

271 870 493 944 quingentorum
526 872 646 929 militum
669 871 822 948 praesidio,
858 871 931 930 alios
953 874 981 927 in
1001 889 1111 942 arcam,
1152 872 1183 928 iu
1204 879 1310 945 quanet

269 976 333 1052 ipse
357 977 448 1051 Mago
471 996 536 1035 cum
557 977 690 1034 omuibus
712 977 773 1034 fere
792 977 922 1046 armatis,
946 976 996 1051 qui
1012 977 1103 1036 muris
1126 977 1204 1050 pulsi
1217 976 1311 1032 fueram

268 1077 436 1153 refugerat,
472 1082 577 1156 partim
599 1081 749 1157 copiarum
772 1083 809 1140 ad
831 1081 973 1140 tumulum
992 1082 1223 1158 expugnandum
1243 1079 1311 1148 mittit,

238 1185 374 1259 bpartim
404 1185 467 1260 ipse
497 1188 534 1243 ad
563 1207 660 1246 arcem
690 1186 777 1247 ducit.
820 1187 861 1244 Et
891 1187 1017 1246 tumulus
1047 1187 1148 1262 primo
1172 1187 1268 1262 impetu
1283 1195 1312 1240 at

269 1299 390 1364 captus,
427 1300 455 1348 et
489 1293 588 1366 Mag0,
618 1312 713 1350 arcem
751 1301 872 1349 conatus
910 1290 1082 1363 defendere,
1121 1309 1213 1366 quum
1242 1287 1311 1346 onais

268 1395 393 1452 hostium
427 1395 514 1470 plena
543 1397 655 1455 videret
680 1415 774 1472 neque
803 1415 884 1471 spem
911 1395 1000 1454 ullam
1024 1414 1102 1470 esse,
1134 1415 1169 1454 se
1190 1413 1310 1466 arcemque

220 1506 298 1560 lbet
320 1501 485 1575 praesidium
509 1501 626 1561 dedidit.
671 1501 777 1574 Quoad
802 1501 900 1558 dedita
922 1519 975 1557 arx
996 1511 1049 1570 est,
1074 1501 1173 1560 caedes
1191 1511 1248 1558 tots
1262 1500 1310 1556 urbe

269 1605 379 1679 passim
402 1603 505 1676 iactae,
527 1624 580 1662 uec
606 1605 656 1664 ulli
678 1607 838 1680 puberum,
863 1607 913 1680 qui
935 1606 1039 1664 obvius
1062 1605 1130 1677 fuit,
1154 1608 1309 1682 parcebatur:

269 1719 328 1766 tum
352 1711 436 1784 signo
458 1711 527 1768 dato
550 1711 676 1768 caedibus
697 1710 762 1766 finis
778 1709 883 1780 factus,
904 1712 1092 1787 adpraedam
1109 1713 1236 1770 victores
1249 1707 1308 1776 rusi,

269 1833 333 1889 quae
355 1815 456 1890 iugens
479 1815 572 1872 omnis
595 1815 708 1890 generis
730 1815 793 1872 fuit.

173 1917 215 1984 47
353 1921 524 1978 Liberorum
554 1920 679 1994 capitum
708 1920 791 1977 virile
817 1939 901 1978 secus
930 1921 968 1978 ad
995 1921 1096 1978 decem
1126 1921 1218 1978 millia
1237 1929 1307 1993 capit}

268 2025 335 2082 inde
359 2026 409 2099 qui
429 2026 507 2083 cives
528 2026 624 2084 Novae
648 2023 834 2100 Carthaginis
856 2036 949 2098 eraut,
976 2026 1103 2098 dimisit,
1132 2029 1276 2100 urbemque
1290 2003 1323 2078 et

238 2135 322 2191 2sua
344 2131 451 2200 omnia,
476 2149 540 2204 quae
560 2131 673 2206 reliqua
695 2131 735 2187 eis
757 2130 864 2187 bellum
886 2130 1005 2202 fecerat,
1028 2130 1167 2190 restituit.
1213 2123 1323 2206 opifica

269 2236 306 2294 ad
328 2237 386 2292 duo
409 2234 497 2291 millia
514 2234 663 2292 hominum
683 2247 782 2306 eraut3
806 2255 856 2294 eos
871 2236 1003 2312 publicos
1017 2235 1082 2292 fore
1099 2238 1204 2314 populi
1214 2229 1304 2294 Romani

268 2340 376 2408 edixit,
414 2358 478 2396 cum
508 2359 560 2415 spe
590 2342 756 2418 propinqua
782 2341 940 2412 libertatis,
976 2341 1002 2400 si
1032 2342 1070 2398 ad
1093 2343 1248 2400 ministeria
1262 2335 1305 2396 btlll

238 2444 353 2504 denixe
387 2462 506 2518 operam
539 2455 706 2506 navasseut.
770 2444 904 2503 Ceteram
936 2447 1150 2506 multitudinem
1182 2445 1304 2504 incolarum

267 2548 403 2604 iuvenum
427 2567 462 2606 ac
482 2550 646 2608 validorum
673 2569 823 2608 servorum
845 2551 875 2608 iu
897 2551 1020 2608 classem
1045 2552 1084 2608 ad
1107 2538 1324 2629 supplementum

270 2653 410 2729 remigum
447 2655 540 2723 dedit;
574 2667 602 2712 et
635 2665 758 2713 auxerat
790 2656 913 2714 navibus
949 2665 1014 2712 octo
1049 2658 1175 2731 captivis
1207 2657 1302 2714 classem.

240 2758 365 2818 4Extra
391 2761 466 2817 hano
495 2761 704 2818 multitudinem
727 2762 925 2836 Hispanorum
948 2759 1064 2816 obsides
1086 2772 1185 2834 eraut,
1215 2773 1303 2834 quomu

239 2867 399 2940 bperinde,
421 2867 502 2923 acsi
525 2866 669 2924 sociorum
691 2866 775 2924 libari
798 2873 902 2935 essent,
924 2883 994 2923 cura
1015 2866 1127 2926 habita.
1176 2867 1269 2942 Captus
1285 2869 1302 2914 et

271 2983 430 3047 apparatus
469 2972 569 3047 ingens
601 2971 685 3040 belli,
730 2971 884 3046 catapultae
914 2970 1049 3030 maxima
1085 2971 1188 3030 formae
1221 2975 1301 3026 cenum

237 3077 380 3150 dviginti,
401 3076 528 3132 minores
553 3076 683 3133 ducentae
705 3077 854 3152 octogiuta
868 3094 936 3144 una,
958 3075 1083 3134 ballistae
1100 3077 1222 3134 maiores
1231 3067 1300 3146 viginti

266 3190 340 3250 tres,
371 3181 497 3238 minores
520 3181 731 3256 quinquaginta
753 3183 832 3254 duae,
867 3180 1053 3256 scorpionum
1083 3185 1217 3242 maiorum
1239 3177 1300 3234 nino

265 3304 388 3361 rumque
399 3294 428 3341 et
446 3304 591 3342 armorum
604 3287 785 3362 telorumque
805 3287 907 3361 iugens
927 3305 1074 3358 numerus,
1096 3280 1298 3362 signantium

236 3397 252 3450 7
266 3391 451 3467 septuaginta
472 3399 618 3465 quattuor.
651 3391 692 3447 Et
707 3392 771 3448 auri
789 3392 955 3468 argentique
971 3390 1065 3450 relate
1077 3393 1117 3448 ad
1130 3393 1296 3468 imperatorur

266 3515 375 3572 magua
402 3497 462 3566 vis;
494 3506 604 3570 paterae
633 3514 729 3553 aureae
757 3497 874 3554 fuerunt
901 3497 1031 3554 duoeutae
1059 3498 1237 3574 septuaginta
1259 3507 1296 3549 ses

265 3599 346 3656 librae
374 3599 465 3658 ferme
498 3619 598 3657 omnes
619 3601 732 3676 pondo;
766 3603 879 3678 argenti
908 3601 1007 3660 infecti
1042 3603 1206 3677 signatique
1229 3600 1294 3654 decu

267 3714 296 3760 et
318 3715 383 3762 octo
406 3705 495 3763 millia
510 3716 539 3762 et
557 3715 685 3763 trecenta
707 3709 815 3783 pondo,
840 3726 977 3764 vasorum
993 3717 1197 3781 argenteorum
1211 3713 1295 3776 magus

236 3814 419 3880 Suumerus3
455 3811 517 3868 haeo
558 3812 656 3868 omnia
689 3810 722 3872 C.
746 3813 891 3875 Flaminio
919 3813 1056 3888 quaestori
1085 3831 1213 3888 appensa
1235 3822 1292 3866 sunl·

266 3923 436 3988 merataque
464 3925 547 3983 suut;
583 3915 669 3988 tritici
698 3917 911 3992 quadringenta
933 3916 1024 3974 millia
1050 3918 1196 3989 modium,
1226 3904 1293 3972 hordei

236 4017 390 4086 aduocata
417 4019 612 4092 septuaginta.
665 4022 712 4078 Ac
745 4038 835 4076 naves
870 4022 1011 4083 onerariae
1038 4023 1190 4098 sexaginta
1214 4012 1291 4080 nais
