<?xml version="1.0" encoding="UTF-8"?>
<!DOCTYPE html PUBLIC "-//W3C//DTD XHTML 1.0 Transitional//EN"
    "http://www.w3.org/TR/xhtml1/DTD/xhtml1-transitional.dtd">
<html xmlns="http://www.w3.org/1999/xhtml" xml:lang="en" lang="en">
 <head>
  <title>
</title>
<meta http-equiv="Content-Type" content="text/html;charset=utf-8" />
  <meta name='ocr-system' content='tesseract 3.04.00' />
  <meta name='ocr-capabilities' content='ocr_page ocr_carea ocr_par ocr_line ocrx_word'/>
</head>
<body>
  <div class='ocr_page' id='page_1' title='image "./titiliviihistor01ussigoog/titiliviihistor01ussigoog_0066.png"; bbox 0 0 2812 4556; ppageno 0'>
   <div class='ocr_carea' id='block_1_1' title="bbox 414 275 1181 366">
    <p class='ocr_par' dir='ltr' id='par_1_1' title="bbox 414 275 1181 366">
     <span class='ocr_line' id='line_1_1' title="bbox 414 275 1181 366; baseline 0.012 -34"><span class='ocrx_word' id='word_1_1' title='bbox 414 283 491 333; x_wconf 78' lang='lat' dir='ltr'><strong>hiber</strong></span> <span class='ocrx_word' id='word_1_2' title='bbox 509 284 583 334; x_wconf 78' lang='lat' dir='ltr'><strong>xxi.</strong></span> <span class='ocrx_word' id='word_1_3' title='bbox 621 275 667 348; x_wconf 79' lang='grc' dir='ltr'><strong>(Δζ</strong></span> <span class='ocrx_word' id='word_1_4' title='bbox 682 283 727 332; x_wconf 83' lang='lat' dir='ltr'><strong>ch.</strong></span> <span class='ocrx_word' id='word_1_5' title='bbox 742 284 816 346; x_wconf 81' lang='lat' dir='ltr'><strong>ais.)</strong></span> <span class='ocrx_word' id='word_1_6' title='bbox 1064 285 1101 340; x_wconf 81' lang='lat'><strong>25</strong></span> <span class='ocrx_word' id='word_1_7' title='bbox 1177 355 1181 366; x_wconf 21' lang='grc' dir='ltr'><em>Ι</em></span> 
     </span>
    </p>
   </div>
   <div class='ocr_carea' id='block_1_2' title="bbox 51 463 1270 4106">
    <p class='ocr_par' dir='ltr' id='par_1_2' title="bbox 51 463 1270 1487">
     <span class='ocr_line' id='line_1_2' title="bbox 51 463 1145 542; baseline 0 -23"><span class='ocrx_word' id='word_1_8' title='bbox 51 463 131 520; x_wconf 80' lang='lat' dir='ltr'>senti</span> <span class='ocrx_word' id='word_1_9' title='bbox 158 465 335 524; x_wconf 66' lang='lat' dir='ltr'><strong>conamine</strong></span> <span class='ocrx_word' id='word_1_10' title='bbox 350 465 489 523; x_wconf 82' lang='lat' dir='ltr'><strong>Boionrm</strong></span> <span class='ocrx_word' id='word_1_11' title='bbox 511 467 673 542; x_wconf 89' lang='lat' dir='ltr'><strong>legatorum</strong></span> <span class='ocrx_word' id='word_1_12' title='bbox 688 465 839 540; x_wconf 82' lang='lat' dir='ltr'><strong>regulique</strong></span> <span class='ocrx_word' id='word_1_13' title='bbox 860 465 973 540; x_wconf 86' lang='lat' dir='ltr'><strong>Magali</strong></span> <span class='ocrx_word' id='word_1_14' title='bbox 994 465 1145 532; x_wconf 87' lang='lat' dir='ltr'><strong>adventus,</strong></span> 
     </span>
     <span class='ocr_line' id='line_1_3' title="bbox 52 569 1145 648; baseline 0.006 -25"><span class='ocrx_word' id='word_1_15' title='bbox 52 569 115 640; x_wconf 91' lang='lat' dir='ltr'><strong>qui,</strong></span> <span class='ocrx_word' id='word_1_16' title='bbox 141 587 179 626; x_wconf 87' lang='lat' dir='ltr'><strong>se</strong></span> <span class='ocrx_word' id='word_1_17' title='bbox 198 571 296 629; x_wconf 87' lang='lat' dir='ltr'><strong>duees</strong></span> <span class='ocrx_word' id='word_1_18' title='bbox 318 570 462 641; x_wconf 87' lang='lat' dir='ltr'><strong>itinerum,</strong></span> <span class='ocrx_word' id='word_1_19' title='bbox 486 573 581 630; x_wconf 89' lang='lat' dir='ltr'><strong>sooios</strong></span> <span class='ocrx_word' id='word_1_20' title='bbox 597 571 717 648; x_wconf 82' lang='lat' dir='ltr'><strong>periculi</strong></span> <span class='ocrx_word' id='word_1_21' title='bbox 737 571 801 628; x_wconf 85' lang='lat' dir='ltr'><strong>fore</strong></span> <span class='ocrx_word' id='word_1_22' title='bbox 822 571 1011 643; x_wconf 85' lang='lat' dir='ltr'><strong>affirmantes,</strong></span> <span class='ocrx_word' id='word_1_23' title='bbox 1032 573 1145 648; x_wconf 86' lang='lat' dir='ltr'><strong>integro</strong></span> 
     </span>
     <span class='ocr_line' id='line_1_4' title="bbox 52 653 1146 754; baseline 0.005 -25"><span class='ocrx_word' id='word_1_24' title='bbox 52 673 149 744; x_wconf 88' lang='lat' dir='ltr'><strong>bello,</strong></span> <span class='ocrx_word' id='word_1_25' title='bbox 177 693 334 750; x_wconf 83' lang='lat' dir='ltr'><strong>nusquam</strong></span> <span class='ocrx_word' id='word_1_26' title='bbox 358 653 425 734; x_wconf 84' lang='lat' dir='ltr'><strong>ante</strong></span> <span class='ocrx_word' id='word_1_27' title='bbox 447 673 544 734; x_wconf 88' lang='lat' dir='ltr'><strong>libatis</strong></span> <span class='ocrx_word' id='word_1_28' title='bbox 567 677 676 735; x_wconf 88' lang='lat' dir='ltr'><strong>viribus</strong></span> <span class='ocrx_word' id='word_1_29' title='bbox 691 679 808 737; x_wconf 87' lang='lat' dir='ltr'><strong>Italiam</strong></span> <span class='ocrx_word' id='word_1_30' title='bbox 831 678 1058 754; x_wconf 87' lang='lat' dir='ltr'><strong>aggrediendam</strong></span> <span class='ocrx_word' id='word_1_31' title='bbox 1080 695 1146 734; x_wconf 89' lang='lat' dir='ltr'><strong>oen·</strong></span> 
     </span>
     <span class='ocr_line' id='line_1_5' title="bbox 51 773 1270 857; baseline 0.008 -23"><span class='ocrx_word' id='word_1_32' title='bbox 51 788 132 834; x_wconf 89' lang='lat' dir='ltr'><strong>sent.</strong></span> <span class='ocrx_word' id='word_1_33' title='bbox 193 781 361 839; x_wconf 87' lang='lat' dir='ltr'><strong>Multitudo</strong></span> <span class='ocrx_word' id='word_1_34' title='bbox 383 781 504 838; x_wconf 87' lang='lat' dir='ltr'><strong>timebat</strong></span> <span class='ocrx_word' id='word_1_35' title='bbox 525 784 641 857; x_wconf 88' lang='lat' dir='ltr'><strong>quidem</strong></span> <span class='ocrx_word' id='word_1_36' title='bbox 664 785 794 856; x_wconf 80' lang='lat' dir='ltr'><strong>hostem,</strong></span> <span class='ocrx_word' id='word_1_37' title='bbox 822 785 949 843; x_wconf 91' lang='lat' dir='ltr'><strong>nondum</strong></span> <span class='ocrx_word' id='word_1_38' title='bbox 981 781 1175 845; x_wconf 69' lang='lat' dir='ltr'><strong>oblitterata?</strong></span> <span class='ocrx_word' id='word_1_39' title='bbox 1267 773 1270 780; x_wconf 43' lang='lat'>¹</span> 
     </span>
     <span class='ocr_line' id='line_1_6' title="bbox 51 867 1147 969; baseline 0.01 -27"><span class='ocrx_word' id='word_1_40' title='bbox 51 887 222 944; x_wconf 87' lang='lat' dir='ltr'><strong>memoria</strong></span> <span class='ocrx_word' id='word_1_41' title='bbox 242 887 402 962; x_wconf 87' lang='lat' dir='ltr'><strong>superioris</strong></span> <span class='ocrx_word' id='word_1_42' title='bbox 424 887 505 957; x_wconf 89' lang='lat' dir='ltr'><strong>belli,</strong></span> <span class='ocrx_word' id='word_1_43' title='bbox 527 889 578 945; x_wconf 86' lang='lat' dir='ltr'><strong>sed</strong></span> <span class='ocrx_word' id='word_1_44' title='bbox 600 890 693 966; x_wconf 86' lang='lat' dir='ltr'><strong>magis</strong></span> <span class='ocrx_word' id='word_1_45' title='bbox 719 892 775 948; x_wconf 88' lang='lat' dir='ltr'><strong>iter</strong></span> <span class='ocrx_word' id='word_1_46' title='bbox 794 893 965 950; x_wconf 87' lang='lat' dir='ltr'><strong>immensum</strong></span> <span class='ocrx_word' id='word_1_47' title='bbox 988 867 1147 969; x_wconf 73' lang='lat' dir='ltr'><strong>Alpesque,</strong></span> 
     </span>
     <span class='ocr_line' id='line_1_7' title="bbox 51 982 1240 1076; baseline 0.011 -29"><span class='ocrx_word' id='word_1_48' title='bbox 51 1010 121 1048; x_wconf 89' lang='lat' dir='ltr'><strong>rem</strong></span> <span class='ocrx_word' id='word_1_49' title='bbox 160 991 258 1048; x_wconf 84' lang='lat' dir='ltr'><strong>fama</strong></span> <span class='ocrx_word' id='word_1_50' title='bbox 291 992 391 1066; x_wconf 89' lang='lat' dir='ltr'><strong>utique</strong></span> <span class='ocrx_word' id='word_1_51' title='bbox 421 992 579 1068; x_wconf 74' lang='lat' dir='ltr'><strong>inexpertis</strong></span> <span class='ocrx_word' id='word_1_52' title='bbox 607 995 799 1066; x_wconf 77' lang='lat' dir='ltr'><strong>horrendam,</strong></span> <span class='ocrx_word' id='word_1_53' title='bbox 834 999 990 1060; x_wconf 73' lang='lat' dir='ltr'><strong>metuebat.</strong></span> <span class='ocrx_word' id='word_1_54' title='bbox 1043 1001 1148 1076; x_wconf 87' lang='lat' dir='ltr'><strong>Itaque</strong></span> <span class='ocrx_word' id='word_1_55' title='bbox 1193 982 1240 1052; x_wconf 72' lang='lat'><strong>30</strong></span> 
     </span>
     <span class='ocr_line' id='line_1_8' title="bbox 52 1096 1148 1182; baseline 0.01 -28"><span class='ocrx_word' id='word_1_56' title='bbox 52 1097 245 1167; x_wconf 77' lang='lat' dir='ltr'>Hannibal,</span> <span class='ocrx_word' id='word_1_57' title='bbox 278 1107 435 1172; x_wconf 88' lang='lat' dir='ltr'><strong>postquem</strong></span> <span class='ocrx_word' id='word_1_58' title='bbox 468 1096 524 1171; x_wconf 88' lang='lat' dir='ltr'><strong>ipsi</strong></span> <span class='ocrx_word' id='word_1_59' title='bbox 556 1099 699 1156; x_wconf 88' lang='lat' dir='ltr'><strong>sententia</strong></span> <span class='ocrx_word' id='word_1_60' title='bbox 726 1102 805 1158; x_wconf 87' lang='lat' dir='ltr'><strong>stetit</strong></span> <span class='ocrx_word' id='word_1_61' title='bbox 833 1121 955 1178; x_wconf 80' lang='lat' dir='ltr'><strong>pergere</strong></span> <span class='ocrx_word' id='word_1_62' title='bbox 985 1107 1028 1164; x_wconf 89' lang='lat' dir='ltr'><strong>ire</strong></span> <span class='ocrx_word' id='word_1_63' title='bbox 1061 1114 1148 1182; x_wconf 89' lang='lat' dir='ltr'><strong>atque</strong></span> 
     </span>
     <span class='ocr_line' id='line_1_9' title="bbox 55 1203 1147 1278; baseline 0.011 -20"><span class='ocrx_word' id='word_1_64' title='bbox 55 1203 197 1259; x_wconf 88' lang='lat' dir='ltr'><strong>Italiam</strong></span> <span class='ocrx_word' id='word_1_65' title='bbox 215 1211 325 1278; x_wconf 89' lang='lat' dir='ltr'><strong>petere,</strong></span> <span class='ocrx_word' id='word_1_66' title='bbox 347 1203 493 1260; x_wconf 81' lang='lat' dir='ltr'><strong>advocata</strong></span> <span class='ocrx_word' id='word_1_67' title='bbox 507 1203 651 1275; x_wconf 79' lang='lat' dir='ltr'><strong>contione,</strong></span> <span class='ocrx_word' id='word_1_68' title='bbox 674 1206 755 1263; x_wconf 89' lang='lat' dir='ltr'><strong>varie</strong></span> <span class='ocrx_word' id='word_1_69' title='bbox 772 1207 893 1265; x_wconf 88' lang='lat' dir='ltr'><strong>militum</strong></span> <span class='ocrx_word' id='word_1_70' title='bbox 915 1220 1014 1268; x_wconf 85' lang='lat' dir='ltr'><strong>versat</strong></span> <span class='ocrx_word' id='word_1_71' title='bbox 1035 1212 1147 1270; x_wconf 86' lang='lat' dir='ltr'><strong>animos</strong></span> 
     </span>
     <span class='ocr_line' id='line_1_10' title="bbox 57 1302 1177 1391; baseline 0.01 -28"><span class='ocrx_word' id='word_1_72' title='bbox 57 1308 257 1382; x_wconf 79' lang='lat' dir='ltr'><strong>castigando</strong></span> <span class='ocrx_word' id='word_1_73' title='bbox 281 1307 537 1382; x_wconf 72' lang='lat' dir='ltr'><strong>adhortandoque:</strong></span> <span class='ocrx_word' id='word_1_74' title='bbox 570 1308 673 1367; x_wconf 87' lang='lat' dir='ltr'><strong>Mirari</strong></span> <span class='ocrx_word' id='word_1_75' title='bbox 696 1329 737 1381; x_wconf 87' lang='lat' dir='ltr'><strong>se,</strong></span> <span class='ocrx_word' id='word_1_76' title='bbox 760 1313 878 1385; x_wconf 88' lang='lat' dir='ltr'><strong>quinam</strong></span> <span class='ocrx_word' id='word_1_77' title='bbox 893 1322 1013 1388; x_wconf 80' lang='lat' dir='ltr'><strong>pectora</strong></span> <span class='ocrx_word' id='word_1_78' title='bbox 1034 1302 1177 1391; x_wconf 84' lang='lat' dir='ltr'><strong>semper2</strong></span> 
     </span>
     <span class='ocr_line' id='line_1_11' title="bbox 57 1411 1147 1487; baseline 0.01 -20"><span class='ocrx_word' id='word_1_79' title='bbox 57 1411 231 1486; x_wconf 88' lang='lat' dir='ltr'><strong>impavida</strong></span> <span class='ocrx_word' id='word_1_80' title='bbox 261 1431 366 1487; x_wconf 89' lang='lat' dir='ltr'><strong>repens</strong></span> <span class='ocrx_word' id='word_1_81' title='bbox 399 1421 494 1470; x_wconf 82' lang='lat' dir='ltr'><strong>terror</strong></span> <span class='ocrx_word' id='word_1_82' title='bbox 521 1413 670 1472; x_wconf 87' lang='lat' dir='ltr'><strong>invaserit.</strong></span> <span class='ocrx_word' id='word_1_83' title='bbox 721 1417 781 1474; x_wconf 89' lang='lat' dir='ltr'><strong>Per</strong></span> <span class='ocrx_word' id='word_1_84' title='bbox 808 1425 853 1474; x_wconf 90' lang='lat' dir='ltr'><strong>tot</strong></span> <span class='ocrx_word' id='word_1_85' title='bbox 881 1437 972 1476; x_wconf 89' lang='lat' dir='ltr'><strong>annos</strong></span> <span class='ocrx_word' id='word_1_86' title='bbox 1001 1420 1147 1478; x_wconf 77' lang='lat' dir='ltr'><strong>vincentes</strong></span> 
     </span>
    </p>

    <p class='ocr_par' dir='ltr' id='par_1_3' title="bbox 60 1516 1181 3164">
     <span class='ocr_line' id='line_1_12' title="bbox 60 1516 1148 1599; baseline 0.008 -27"><span class='ocrx_word' id='word_1_87' title='bbox 60 1535 118 1572; x_wconf 87' lang='lat' dir='ltr'><strong>eos</strong></span> <span class='ocrx_word' id='word_1_88' title='bbox 158 1517 311 1592; x_wconf 89' lang='lat' dir='ltr'><strong>stipendia</strong></span> <span class='ocrx_word' id='word_1_89' title='bbox 343 1516 440 1574; x_wconf 84' lang='lat' dir='ltr'><strong>faeere</strong></span> <span class='ocrx_word' id='word_1_90' title='bbox 469 1535 564 1592; x_wconf 92' lang='lat' dir='ltr'><strong>neque</strong></span> <span class='ocrx_word' id='word_1_91' title='bbox 594 1527 662 1576; x_wconf 88' lang='lat' dir='ltr'><strong>ante</strong></span> <span class='ocrx_word' id='word_1_92' title='bbox 684 1519 829 1595; x_wconf 82' lang='lat' dir='ltr'>Hispania</span> <span class='ocrx_word' id='word_1_93' title='bbox 858 1523 1030 1593; x_wconf 74' lang='lat' dir='ltr'><strong>excessisse,</strong></span> <span class='ocrx_word' id='word_1_94' title='bbox 1060 1542 1148 1599; x_wconf 88' lang='lat' dir='ltr'><strong>quam</strong></span> 
     </span>
     <span class='ocr_line' id='line_1_13' title="bbox 62 1627 1148 1703; baseline 0.006 -23"><span class='ocrx_word' id='word_1_95' title='bbox 62 1641 181 1680; x_wconf 88' lang='lat' dir='ltr'><strong>omnes</strong></span> <span class='ocrx_word' id='word_1_96' title='bbox 213 1631 372 1696; x_wconf 84' lang='lat' dir='ltr'><strong>gentesque</strong></span> <span class='ocrx_word' id='word_1_97' title='bbox 396 1631 425 1677; x_wconf 88' lang='lat' dir='ltr'><strong>et</strong></span> <span class='ocrx_word' id='word_1_98' title='bbox 453 1631 551 1692; x_wconf 75' lang='lat' dir='ltr'><strong>terrae,</strong></span> <span class='ocrx_word' id='word_1_99' title='bbox 584 1641 657 1698; x_wconf 90' lang='lat' dir='ltr'><strong>quas</strong></span> <span class='ocrx_word' id='word_1_100' title='bbox 688 1627 747 1683; x_wconf 90' lang='lat' dir='ltr'><strong>duo</strong></span> <span class='ocrx_word' id='word_1_101' title='bbox 771 1629 886 1686; x_wconf 86' lang='lat' dir='ltr'><strong>diversa</strong></span> <span class='ocrx_word' id='word_1_102' title='bbox 908 1629 1002 1686; x_wconf 87' lang='lat' dir='ltr'><strong>maria</strong></span> <span class='ocrx_word' id='word_1_103' title='bbox 1023 1629 1148 1703; x_wconf 83' lang='lat' dir='ltr'><strong>amplae·</strong></span> 
     </span>
     <span class='ocr_line' id='line_1_14' title="bbox 64 1721 1178 1809; baseline 0.01 -27"><span class='ocrx_word' id='word_1_104' title='bbox 64 1736 189 1796; x_wconf 88' lang='lat' dir='ltr'><strong>tantur,</strong></span> <span class='ocrx_word' id='word_1_105' title='bbox 205 1725 489 1802; x_wconf 83' lang='lat' dir='ltr'><strong>Carthaginiensium</strong></span> <span class='ocrx_word' id='word_1_106' title='bbox 505 1739 608 1790; x_wconf 85' lang='lat' dir='ltr'><strong>essent.</strong></span> <span class='ocrx_word' id='word_1_107' title='bbox 651 1730 824 1806; x_wconf 79' lang='lat' dir='ltr'><strong>indignatos</strong></span> <span class='ocrx_word' id='word_1_108' title='bbox 839 1731 952 1802; x_wconf 87' lang='lat' dir='ltr'><strong>deinde,</strong></span> <span class='ocrx_word' id='word_1_109' title='bbox 975 1735 1062 1808; x_wconf 86' lang='lat' dir='ltr'><strong>quod,</strong></span> <span class='ocrx_word' id='word_1_110' title='bbox 1086 1735 1148 1809; x_wconf 89' lang='lat' dir='ltr'><strong>qui·</strong></span> <span class='ocrx_word' id='word_1_111' title='bbox 1162 1721 1178 1776; x_wconf 87' lang='lat'><strong>3</strong></span> 
     </span>
     <span class='ocr_line' id='line_1_15' title="bbox 67 1831 1149 1914; baseline 0.008 -27"><span class='ocrx_word' id='word_1_112' title='bbox 67 1849 197 1906; x_wconf 82' lang='lat' dir='ltr'><strong>cunque</strong></span> <span class='ocrx_word' id='word_1_113' title='bbox 219 1831 381 1906; x_wconf 84' lang='lat' dir='ltr'><strong>Saguntum</strong></span> <span class='ocrx_word' id='word_1_114' title='bbox 411 1833 608 1904; x_wconf 84' lang='lat' dir='ltr'><strong>obsedissent,</strong></span> <span class='ocrx_word' id='word_1_115' title='bbox 638 1835 717 1892; x_wconf 88' lang='lat' dir='ltr'><strong>velut</strong></span> <span class='ocrx_word' id='word_1_116' title='bbox 739 1836 776 1893; x_wconf 94' lang='lat' dir='ltr'><strong>ob</strong></span> <span class='ocrx_word' id='word_1_117' title='bbox 798 1855 907 1893; x_wconf 87' lang='lat' dir='ltr'><strong>noxam</strong></span> <span class='ocrx_word' id='word_1_118' title='bbox 930 1837 985 1896; x_wconf 87' lang='lat' dir='ltr'><strong>eibi</strong></span> <span class='ocrx_word' id='word_1_119' title='bbox 1007 1839 1072 1895; x_wconf 90' lang='lat' dir='ltr'><strong>dedi</strong></span> <span class='ocrx_word' id='word_1_120' title='bbox 1093 1857 1149 1914; x_wconf 91' lang='lat' dir='ltr'><strong>po-</strong></span> 
     </span>
     <span class='ocr_line' id='line_1_16' title="bbox 68 1936 1148 2011; baseline 0.006 -19"><span class='ocrx_word' id='word_1_121' title='bbox 68 1938 205 1994; x_wconf 84' lang='lat' dir='ltr'><strong>stularet</strong></span> <span class='ocrx_word' id='word_1_122' title='bbox 235 1936 360 2011; x_wconf 88' lang='lat' dir='ltr'><strong>populus</strong></span> <span class='ocrx_word' id='word_1_123' title='bbox 390 1937 557 2008; x_wconf 90' lang='lat' dir='ltr'><strong>Romanus,</strong></span> <span class='ocrx_word' id='word_1_124' title='bbox 590 1939 732 1996; x_wconf 90' lang='lat' dir='ltr'><strong>Hiberum</strong></span> <span class='ocrx_word' id='word_1_125' title='bbox 765 1941 914 1999; x_wconf 86' lang='lat' dir='ltr'><strong>traiecisse</strong></span> <span class='ocrx_word' id='word_1_126' title='bbox 937 1942 974 1998; x_wconf 91' lang='lat' dir='ltr'><strong>ad</strong></span> <span class='ocrx_word' id='word_1_127' title='bbox 997 1942 1148 1999; x_wconf 90' lang='lat' dir='ltr'><strong>delendum</strong></span> 
     </span>
     <span class='ocr_line' id='line_1_17' title="bbox 71 2036 1180 2118; baseline 0.006 -21"><span class='ocrx_word' id='word_1_128' title='bbox 71 2061 189 2100; x_wconf 88' lang='lat' dir='ltr'><strong>nomeu</strong></span> <span class='ocrx_word' id='word_1_129' title='bbox 221 2044 422 2100; x_wconf 84' lang='lat' dir='ltr'><strong>Romanorum</strong></span> <span class='ocrx_word' id='word_1_130' title='bbox 456 2043 695 2118; x_wconf 89' lang='lat' dir='ltr'><strong>liberandumque</strong></span> <span class='ocrx_word' id='word_1_131' title='bbox 728 2045 828 2103; x_wconf 88' lang='lat' dir='ltr'><strong>orbem</strong></span> <span class='ocrx_word' id='word_1_132' title='bbox 860 2055 1012 2105; x_wconf 87' lang='lat' dir='ltr'><strong>terrarum.</strong></span> <span class='ocrx_word' id='word_1_133' title='bbox 1071 2036 1180 2104; x_wconf 81' lang='lat' dir='ltr'><strong>Tum4</strong></span> 
     </span>
     <span class='ocr_line' id='line_1_18' title="bbox 72 2147 1149 2222; baseline 0.006 -21"><span class='ocrx_word' id='word_1_134' title='bbox 72 2148 191 2204; x_wconf 88' lang='lat' dir='ltr'><strong>nemini</strong></span> <span class='ocrx_word' id='word_1_135' title='bbox 212 2147 305 2203; x_wconf 88' lang='lat' dir='ltr'><strong>visum</strong></span> <span class='ocrx_word' id='word_1_136' title='bbox 325 2149 355 2204; x_wconf 91' lang='lat' dir='ltr'><strong>id</strong></span> <span class='ocrx_word' id='word_1_137' title='bbox 376 2148 513 2222; x_wconf 89' lang='lat' dir='ltr'><strong>longum,</strong></span> <span class='ocrx_word' id='word_1_138' title='bbox 543 2165 630 2222; x_wconf 92' lang='lat' dir='ltr'><strong>quum</strong></span> <span class='ocrx_word' id='word_1_139' title='bbox 661 2148 699 2203; x_wconf 89' lang='lat' dir='ltr'><strong>ab</strong></span> <span class='ocrx_word' id='word_1_140' title='bbox 729 2165 835 2208; x_wconf 76' lang='lat' dir='ltr'><strong>occasu</strong></span> <span class='ocrx_word' id='word_1_141' title='bbox 864 2151 933 2208; x_wconf 88' lang='lat' dir='ltr'><strong>solis</strong></span> <span class='ocrx_word' id='word_1_142' title='bbox 962 2152 999 2208; x_wconf 89' lang='lat' dir='ltr'><strong>ad</strong></span> <span class='ocrx_word' id='word_1_143' title='bbox 1031 2161 1149 2209; x_wconf 90' lang='lat' dir='ltr'><strong>exortus</strong></span> 
     </span>
     <span class='ocr_line' id='line_1_19' title="bbox 75 2245 1180 2331; baseline 0.005 -24"><span class='ocrx_word' id='word_1_144' title='bbox 75 2251 264 2308; x_wconf 83' lang='lat' dir='ltr'><strong>intenderent</strong></span> <span class='ocrx_word' id='word_1_145' title='bbox 284 2251 353 2320; x_wconf 83' lang='lat' dir='ltr'><strong>iter3</strong></span> <span class='ocrx_word' id='word_1_146' title='bbox 385 2270 476 2324; x_wconf 83' lang='lat' dir='ltr'><strong>nunc,</strong></span> <span class='ocrx_word' id='word_1_147' title='bbox 508 2261 663 2327; x_wconf 89' lang='lat' dir='ltr'><strong>postquam</strong></span> <span class='ocrx_word' id='word_1_148' title='bbox 691 2253 782 2312; x_wconf 87' lang='lat' dir='ltr'><strong>multo</strong></span> <span class='ocrx_word' id='word_1_149' title='bbox 806 2257 945 2314; x_wconf 86' lang='lat' dir='ltr'><strong>maiorem</strong></span> <span class='ocrx_word' id='word_1_150' title='bbox 969 2263 1081 2331; x_wconf 86' lang='lat' dir='ltr'><strong>partem</strong></span> <span class='ocrx_word' id='word_1_151' title='bbox 1103 2245 1180 2312; x_wconf 88' lang='lat' dir='ltr'><strong>iti-5</strong></span> 
     </span>
     <span class='ocr_line' id='line_1_20' title="bbox 75 2357 1150 2431; baseline 0.004 -19"><span class='ocrx_word' id='word_1_152' title='bbox 75 2358 158 2414; x_wconf 87' lang='lat' dir='ltr'><strong>neris</strong></span> <span class='ocrx_word' id='word_1_153' title='bbox 186 2375 332 2414; x_wconf 85' lang='lat' dir='ltr'><strong>emensam</strong></span> <span class='ocrx_word' id='word_1_154' title='bbox 358 2365 492 2425; x_wconf 81' lang='lat' dir='ltr'><strong>cernant,</strong></span> <span class='ocrx_word' id='word_1_155' title='bbox 524 2357 696 2431; x_wconf 78' lang='lat' dir='ltr'><strong>Pyrenaeum</strong></span> <span class='ocrx_word' id='word_1_156' title='bbox 727 2359 832 2417; x_wconf 88' lang='lat' dir='ltr'><strong>saltum</strong></span> <span class='ocrx_word' id='word_1_157' title='bbox 860 2362 935 2418; x_wconf 88' lang='lat' dir='ltr'><strong>inter</strong></span> <span class='ocrx_word' id='word_1_158' title='bbox 956 2361 1150 2419; x_wconf 82' lang='lat' dir='ltr'><strong>ferocissimas</strong></span> 
     </span>
     <span class='ocr_line' id='line_1_21' title="bbox 78 2460 1149 2535; baseline 0.004 -18"><span class='ocrx_word' id='word_1_159' title='bbox 78 2471 185 2535; x_wconf 77' lang='lat' dir='ltr'><strong>gentes</strong></span> <span class='ocrx_word' id='word_1_160' title='bbox 214 2470 398 2535; x_wconf 88' lang='lat' dir='ltr'><strong>superatum,</strong></span> <span class='ocrx_word' id='word_1_161' title='bbox 428 2460 619 2531; x_wconf 84' lang='lat' dir='ltr'><strong>Rhodanum,</strong></span> <span class='ocrx_word' id='word_1_162' title='bbox 650 2471 760 2520; x_wconf 89' lang='lat' dir='ltr'><strong>tantum</strong></span> <span class='ocrx_word' id='word_1_163' title='bbox 792 2483 922 2534; x_wconf 88' lang='lat' dir='ltr'><strong>amnem,</strong></span> <span class='ocrx_word' id='word_1_164' title='bbox 953 2473 997 2523; x_wconf 88' lang='lat' dir='ltr'><strong>tot</strong></span> <span class='ocrx_word' id='word_1_165' title='bbox 1024 2465 1149 2522; x_wconf 90' lang='lat' dir='ltr'><strong>millibus</strong></span> 
     </span>
     <span class='ocr_line' id='line_1_22' title="bbox 79 2566 1150 2643; baseline 0.003 -20"><span class='ocrx_word' id='word_1_166' title='bbox 79 2566 239 2623; x_wconf 86' lang='lat' dir='ltr'><strong>Gallorum</strong></span> <span class='ocrx_word' id='word_1_167' title='bbox 262 2566 496 2639; x_wconf 88' lang='lat' dir='ltr'><strong>prohibentibus,</strong></span> <span class='ocrx_word' id='word_1_168' title='bbox 525 2566 636 2624; x_wconf 85' lang='lat' dir='ltr'><strong>domita</strong></span> <span class='ocrx_word' id='word_1_169' title='bbox 658 2568 743 2624; x_wconf 88' lang='lat' dir='ltr'><strong>etiam</strong></span> <span class='ocrx_word' id='word_1_170' title='bbox 766 2569 857 2643; x_wconf 90' lang='lat' dir='ltr'><strong>ipsius</strong></span> <span class='ocrx_word' id='word_1_171' title='bbox 878 2570 1003 2627; x_wconf 87' lang='lat' dir='ltr'><strong>fluminis</strong></span> <span class='ocrx_word' id='word_1_172' title='bbox 1030 2570 1068 2638; x_wconf 87' lang='lat' dir='ltr'><strong>vi,</strong></span> <span class='ocrx_word' id='word_1_173' title='bbox 1090 2577 1150 2626; x_wconf 88' lang='lat' dir='ltr'><strong>tra·</strong></span> 
     </span>
     <span class='ocr_line' id='line_1_23' title="bbox 66 2667 1151 2747; baseline 0.002 -21"><span class='ocrx_word' id='word_1_174' title='bbox 66 2667 207 2740; x_wconf 61' lang='lat' dir='ltr'><strong>iactum,</strong></span> <span class='ocrx_word' id='word_1_175' title='bbox 234 2670 264 2726; x_wconf 89' lang='lat' dir='ltr'><strong>in</strong></span> <span class='ocrx_word' id='word_1_176' title='bbox 295 2678 452 2744; x_wconf 84' lang='lat' dir='ltr'><strong>conspeetu</strong></span> <span class='ocrx_word' id='word_1_177' title='bbox 475 2671 568 2746; x_wconf 90' lang='lat' dir='ltr'><strong>Alpes</strong></span> <span class='ocrx_word' id='word_1_178' title='bbox 597 2673 740 2743; x_wconf 83' lang='lat' dir='ltr'><strong>habeant,</strong></span> <span class='ocrx_word' id='word_1_179' title='bbox 774 2691 896 2747; x_wconf 89' lang='lat' dir='ltr'><strong>quarum</strong></span> <span class='ocrx_word' id='word_1_180' title='bbox 926 2675 1047 2731; x_wconf 89' lang='lat' dir='ltr'><strong>alterum</strong></span> <span class='ocrx_word' id='word_1_181' title='bbox 1076 2673 1151 2729; x_wconf 88' lang='lat' dir='ltr'><strong>latus</strong></span> 
     </span>
     <span class='ocr_line' id='line_1_24' title="bbox 81 2771 1181 2852; baseline 0.001 -20"><span class='ocrx_word' id='word_1_182' title='bbox 81 2775 180 2832; x_wconf 83' lang='lat' dir='ltr'><strong>ltaliae</strong></span> <span class='ocrx_word' id='word_1_183' title='bbox 206 2775 256 2842; x_wconf 86' lang='lat' dir='ltr'><strong>sit,</strong></span> <span class='ocrx_word' id='word_1_184' title='bbox 290 2774 322 2830; x_wconf 94' lang='lat' dir='ltr'><strong>in</strong></span> <span class='ocrx_word' id='word_1_185' title='bbox 343 2773 415 2847; x_wconf 88' lang='lat' dir='ltr'><strong>ipsis</strong></span> <span class='ocrx_word' id='word_1_186' title='bbox 445 2775 539 2850; x_wconf 83' lang='lat' dir='ltr'><strong>portis</strong></span> <span class='ocrx_word' id='word_1_187' title='bbox 560 2777 686 2834; x_wconf 88' lang='lat' dir='ltr'><strong>hostium</strong></span> <span class='ocrx_word' id='word_1_188' title='bbox 720 2775 859 2851; x_wconf 88' lang='lat' dir='ltr'><strong>fatigatos</strong></span> <span class='ocrx_word' id='word_1_189' title='bbox 889 2779 1054 2845; x_wconf 87' lang='lat' dir='ltr'><strong>subsistere,</strong></span> <span class='ocrx_word' id='word_1_190' title='bbox 1082 2771 1181 2852; x_wconf 78' lang='lat' dir='ltr'><strong>quid6</strong></span> 
     </span>
     <span class='ocr_line' id='line_1_25' title="bbox 84 2878 1180 2955; baseline 0.002 -19"><span class='ocrx_word' id='word_1_191' title='bbox 84 2880 179 2955; x_wconf 87' lang='lat' dir='ltr'><strong>Alpes</strong></span> <span class='ocrx_word' id='word_1_192' title='bbox 201 2880 279 2936; x_wconf 89' lang='lat' dir='ltr'><strong>aliud</strong></span> <span class='ocrx_word' id='word_1_193' title='bbox 301 2897 366 2936; x_wconf 86' lang='lat' dir='ltr'><strong>esse</strong></span> <span class='ocrx_word' id='word_1_194' title='bbox 386 2879 535 2938; x_wconf 85' lang='lat' dir='ltr'><strong>eredentes</strong></span> <span class='ocrx_word' id='word_1_195' title='bbox 558 2897 645 2954; x_wconf 89' lang='lat' dir='ltr'><strong>quarn</strong></span> <span class='ocrx_word' id='word_1_196' title='bbox 670 2882 809 2938; x_wconf 89' lang='lat' dir='ltr'><strong>montium</strong></span> <span class='ocrx_word' id='word_1_197' title='bbox 833 2881 1021 2939; x_wconf 85' lang='lat' dir='ltr'><strong>altitudines?</strong></span> <span class='ocrx_word' id='word_1_198' title='bbox 1045 2878 1180 2955; x_wconf 81' lang='lat' dir='ltr'><strong>Finge-7</strong></span> 
     </span>
     <span class='ocr_line' id='line_1_26' title="bbox 84 2984 1151 3060; baseline 0.002 -20"><span class='ocrx_word' id='word_1_199' title='bbox 84 2993 150 3040; x_wconf 88' lang='lat' dir='ltr'><strong>rent</strong></span> <span class='ocrx_word' id='word_1_200' title='bbox 172 2984 288 3040; x_wconf 86' lang='lat' dir='ltr'><strong>altiores</strong></span> <span class='ocrx_word' id='word_1_201' title='bbox 310 2985 444 3058; x_wconf 77' lang='lat' dir='ltr'><strong>Pyrenaei</strong></span> <span class='ocrx_word' id='word_1_202' title='bbox 464 2984 555 3058; x_wconf 88' lang='lat' dir='ltr'><strong>iugis;</strong></span> <span class='ocrx_word' id='word_1_203' title='bbox 577 2985 671 3041; x_wconf 88' lang='lat' dir='ltr'><strong>nullas</strong></span> <span class='ocrx_word' id='word_1_204' title='bbox 692 2985 824 3060; x_wconf 79' lang='lat' dir='ltr'><strong>profesto</strong></span> <span class='ocrx_word' id='word_1_205' title='bbox 846 2996 938 3042; x_wconf 87' lang='lat' dir='ltr'><strong>terras</strong></span> <span class='ocrx_word' id='word_1_206' title='bbox 960 2985 1060 3042; x_wconf 86' lang='lat' dir='ltr'><strong>eaelum</strong></span> <span class='ocrx_word' id='word_1_207' title='bbox 1083 3003 1151 3042; x_wconf 88' lang='lat' dir='ltr'><strong>eon-</strong></span> 
     </span>
     <span class='ocr_line' id='line_1_27' title="bbox 86 3069 1152 3164; baseline -0.002 -18"><span class='ocrx_word' id='word_1_208' title='bbox 86 3091 197 3164; x_wconf 88' lang='lat' dir='ltr'><strong>tingere</strong></span> <span class='ocrx_word' id='word_1_209' title='bbox 217 3108 270 3146; x_wconf 88' lang='lat' dir='ltr'><strong>nee</strong></span> <span class='ocrx_word' id='word_1_210' title='bbox 299 3069 548 3162; x_wconf 89' lang='lat' dir='ltr'><strong>inexsuperabiles</strong></span> <span class='ocrx_word' id='word_1_211' title='bbox 570 3090 698 3146; x_wconf 89' lang='lat' dir='ltr'><strong>humano</strong></span> <span class='ocrx_word' id='word_1_212' title='bbox 728 3090 826 3163; x_wconf 82' lang='lat' dir='ltr'><strong>generi</strong></span> <span class='ocrx_word' id='word_1_213' title='bbox 849 3108 921 3149; x_wconf 86' lang='lat' dir='ltr'><strong>esee.</strong></span> <span class='ocrx_word' id='word_1_214' title='bbox 969 3090 1061 3164; x_wconf 87' lang='lat' dir='ltr'><strong>Alpes</strong></span> <span class='ocrx_word' id='word_1_215' title='bbox 1089 3089 1152 3162; x_wconf 91' lang='lat' dir='ltr'><strong>qui-</strong></span> 
     </span>
    </p>

    <p class='ocr_par' dir='ltr' id='par_1_4' title="bbox 87 3191 1184 3580">
     <span class='ocr_line' id='line_1_28' title="bbox 87 3191 1152 3270; baseline 0 -20"><span class='ocrx_word' id='word_1_216' title='bbox 87 3197 151 3252; x_wconf 86' lang='lat' dir='ltr'><strong>dem</strong></span> <span class='ocrx_word' id='word_1_217' title='bbox 180 3193 321 3260; x_wconf 87' lang='lat' dir='ltr'><strong>habitari,</strong></span> <span class='ocrx_word' id='word_1_218' title='bbox 353 3192 423 3261; x_wconf 83' lang='lat' dir='ltr'><strong>coli,</strong></span> <span class='ocrx_word' id='word_1_219' title='bbox 453 3191 572 3266; x_wconf 82' lang='lat' dir='ltr'><strong>gignere</strong></span> <span class='ocrx_word' id='word_1_220' title='bbox 604 3202 692 3266; x_wconf 87' lang='lat' dir='ltr'><strong>atque</strong></span> <span class='ocrx_word' id='word_1_221' title='bbox 720 3194 797 3251; x_wconf 90' lang='lat' dir='ltr'><strong>alere</strong></span> <span class='ocrx_word' id='word_1_222' title='bbox 826 3195 1004 3265; x_wconf 66' lang='lat' dir='ltr'><strong>animantem</strong></span> <span class='ocrx_word' id='word_1_223' title='bbox 1037 3194 1152 3270; x_wconf 84' lang='lat' dir='ltr'><strong>pervias</strong></span> 
     </span>
     <span class='ocr_line' id='line_1_29' title="bbox 88 3293 1184 3372; baseline -0.005 -17"><span class='ocrx_word' id='word_1_224' title='bbox 88 3299 187 3355; x_wconf 83' lang='lat' dir='ltr'><strong>fauces</strong></span> <span class='ocrx_word' id='word_1_225' title='bbox 226 3315 289 3354; x_wconf 89' lang='lat' dir='ltr'><strong>esse</strong></span> <span class='ocrx_word' id='word_1_226' title='bbox 324 3297 508 3353; x_wconf 77' lang='lat' dir='ltr'><strong>exercitibus.</strong></span> <span class='ocrx_word' id='word_1_227' title='bbox 563 3297 625 3354; x_wconf 86' lang='lat' dir='ltr'><strong>Eos</strong></span> <span class='ocrx_word' id='word_1_228' title='bbox 655 3297 751 3370; x_wconf 84' lang='lat' dir='ltr'><strong>ipsos,</strong></span> <span class='ocrx_word' id='word_1_229' title='bbox 791 3317 864 3372; x_wconf 90' lang='lat' dir='ltr'><strong>quos</strong></span> <span class='ocrx_word' id='word_1_230' title='bbox 905 3308 1039 3369; x_wconf 85' lang='lat' dir='ltr'><strong>seruant,</strong></span> <span class='ocrx_word' id='word_1_231' title='bbox 1073 3293 1184 3372; x_wconf 86' lang='lat' dir='ltr'><strong>lega-8</strong></span> 
     </span>
     <span class='ocr_line' id='line_1_30' title="bbox 89 3381 1153 3480; baseline -0.003 -20"><span class='ocrx_word' id='word_1_232' title='bbox 89 3414 134 3460; x_wconf 84' lang='lat' dir='ltr'><strong>tos</strong></span> <span class='ocrx_word' id='word_1_233' title='bbox 177 3422 235 3459; x_wconf 90' lang='lat' dir='ltr'><strong>non</strong></span> <span class='ocrx_word' id='word_1_234' title='bbox 271 3401 368 3476; x_wconf 89' lang='lat' dir='ltr'><strong>pinnis</strong></span> <span class='ocrx_word' id='word_1_235' title='bbox 413 3401 535 3458; x_wconf 87' lang='lat' dir='ltr'><strong>sublime</strong></span> <span class='ocrx_word' id='word_1_236' title='bbox 579 3403 670 3458; x_wconf 88' lang='lat' dir='ltr'><strong>elatos</strong></span> <span class='ocrx_word' id='word_1_237' title='bbox 706 3381 799 3478; x_wconf 82' lang='lat' dir='ltr'><strong>Alpes</strong></span> <span class='ocrx_word' id='word_1_238' title='bbox 840 3413 1048 3480; x_wconf 88' lang='lat' dir='ltr'><strong>transgressos.</strong></span> <span class='ocrx_word' id='word_1_239' title='bbox 1106 3401 1153 3458; x_wconf 89' lang='lat' dir='ltr'><strong>Ne</strong></span> 
     </span>
     <span class='ocr_line' id='line_1_31' title="bbox 91 3501 1154 3580; baseline -0.002 -17"><span class='ocrx_word' id='word_1_240' title='bbox 91 3509 213 3563; x_wconf 89' lang='lat' dir='ltr'><strong>maiores</strong></span> <span class='ocrx_word' id='word_1_241' title='bbox 236 3504 353 3579; x_wconf 92' lang='lat' dir='ltr'><strong>quidem</strong></span> <span class='ocrx_word' id='word_1_242' title='bbox 376 3526 474 3564; x_wconf 89' lang='lat' dir='ltr'><strong>eorum</strong></span> <span class='ocrx_word' id='word_1_243' title='bbox 498 3507 657 3580; x_wconf 89' lang='lat' dir='ltr'><strong>indigenas,</strong></span> <span class='ocrx_word' id='word_1_244' title='bbox 689 3509 739 3564; x_wconf 87' lang='lat' dir='ltr'><strong>sed</strong></span> <span class='ocrx_word' id='word_1_245' title='bbox 766 3510 894 3567; x_wconf 80' lang='lat' dir='ltr'><strong>advenas</strong></span> <span class='ocrx_word' id='word_1_246' title='bbox 916 3507 1009 3566; x_wconf 84' lang='lat' dir='ltr'><strong>Italiae</strong></span> <span class='ocrx_word' id='word_1_247' title='bbox 1028 3501 1154 3563; x_wconf 79' lang='lat' dir='ltr'><strong>bultores</strong></span> 
     </span>
    </p>

    <p class='ocr_par' dir='ltr' id='par_1_5' title="bbox 90 3610 1184 3895">
     <span class='ocr_line' id='line_1_32' title="bbox 90 3610 1154 3687; baseline -0.002 -20"><span class='ocrx_word' id='word_1_248' title='bbox 90 3613 142 3668; x_wconf 88' lang='lat' dir='ltr'><strong>has</strong></span> <span class='ocrx_word' id='word_1_249' title='bbox 174 3611 254 3686; x_wconf 88' lang='lat' dir='ltr'><strong>ipsae</strong></span> <span class='ocrx_word' id='word_1_250' title='bbox 285 3613 390 3686; x_wconf 89' lang='lat' dir='ltr'><strong>Alpes·</strong></span> <span class='ocrx_word' id='word_1_251' title='bbox 412 3612 574 3686; x_wconf 88' lang='lat' dir='ltr'><strong>ingentibus</strong></span> <span class='ocrx_word' id='word_1_252' title='bbox 603 3629 679 3686; x_wconf 84' lang='lat' dir='ltr'><strong>saepe</strong></span> <span class='ocrx_word' id='word_1_253' title='bbox 707 3614 870 3687; x_wconf 85' lang='lat' dir='ltr'><strong>agminibus</strong></span> <span class='ocrx_word' id='word_1_254' title='bbox 901 3631 965 3671; x_wconf 88' lang='lat' dir='ltr'><strong>oum</strong></span> <span class='ocrx_word' id='word_1_255' title='bbox 999 3610 1097 3668; x_wconf 90' lang='lat' dir='ltr'><strong>liberis</strong></span> <span class='ocrx_word' id='word_1_256' title='bbox 1120 3627 1154 3666; x_wconf 87' lang='lat' dir='ltr'><strong>ae</strong></span> 
     </span>
     <span class='ocr_line' id='line_1_33' title="bbox 93 3711 1184 3792; baseline -0.001 -23"><span class='ocrx_word' id='word_1_257' title='bbox 93 3711 275 3790; x_wconf 76' lang='lat' dir='ltr'><strong>coniugibus,</strong></span> <span class='ocrx_word' id='word_1_258' title='bbox 301 3717 486 3792; x_wconf 86' lang='lat' dir='ltr'><strong>migrantium</strong></span> <span class='ocrx_word' id='word_1_259' title='bbox 509 3715 612 3785; x_wconf 89' lang='lat' dir='ltr'><strong>modo,</strong></span> <span class='ocrx_word' id='word_1_260' title='bbox 639 3724 702 3772; x_wconf 87' lang='lat' dir='ltr'><strong>tuto</strong></span> <span class='ocrx_word' id='word_1_261' title='bbox 727 3717 930 3776; x_wconf 83' lang='lat' dir='ltr'><strong>transmisisse.</strong></span> <span class='ocrx_word' id='word_1_262' title='bbox 975 3716 1061 3773; x_wconf 89' lang='lat' dir='ltr'><strong>Militi</strong></span> <span class='ocrx_word' id='word_1_263' title='bbox 1091 3712 1184 3787; x_wconf 83' lang='lat' dir='ltr'><strong>qui-9</strong></span> 
     </span>
     <span class='ocr_line' id='line_1_34' title="bbox 95 3818 1154 3895; baseline -0.004 -18"><span class='ocrx_word' id='word_1_264' title='bbox 95 3823 157 3877; x_wconf 87' lang='lat' dir='ltr'><strong>dem</strong></span> <span class='ocrx_word' id='word_1_265' title='bbox 190 3830 318 3893; x_wconf 89' lang='lat' dir='ltr'><strong>armato,</strong></span> <span class='ocrx_word' id='word_1_266' title='bbox 347 3821 418 3878; x_wconf 90' lang='lat' dir='ltr'><strong>nihil</strong></span> <span class='ocrx_word' id='word_1_267' title='bbox 447 3839 543 3878; x_wconf 86' lang='lat' dir='ltr'><strong>seeum</strong></span> <span class='ocrx_word' id='word_1_268' title='bbox 574 3830 678 3895; x_wconf 86' lang='lat' dir='ltr'><strong>praeter</strong></span> <span class='ocrx_word' id='word_1_269' title='bbox 706 3821 897 3878; x_wconf 83' lang='lat' dir='ltr'><strong>instrumenta</strong></span> <span class='ocrx_word' id='word_1_270' title='bbox 923 3821 990 3876; x_wconf 93' lang='lat' dir='ltr'><strong>belli</strong></span> <span class='ocrx_word' id='word_1_271' title='bbox 1018 3818 1154 3893; x_wconf 88' lang='lat' dir='ltr'><strong>portanti,</strong></span> 
     </span>
    </p>

    <p class='ocr_par' dir='ltr' id='par_1_6' title="bbox 96 3925 1155 4002">
     <span class='ocr_line' id='line_1_35' title="bbox 96 3925 1155 4002; baseline -0.004 -20"><span class='ocrx_word' id='word_1_272' title='bbox 96 3927 163 4000; x_wconf 91' lang='lat' dir='ltr'><strong>quid</strong></span> <span class='ocrx_word' id='word_1_273' title='bbox 182 3926 289 3983; x_wconf 87' lang='lat' dir='ltr'><strong>invium</strong></span> <span class='ocrx_word' id='word_1_274' title='bbox 318 3937 366 3983; x_wconf 83' lang='lat' dir='ltr'><strong>aut</strong></span> <span class='ocrx_word' id='word_1_275' title='bbox 388 3925 621 4002; x_wconf 87' lang='lat' dir='ltr'><strong>inexsuperabile</strong></span> <span class='ocrx_word' id='word_1_276' title='bbox 640 3925 728 3983; x_wconf 77' lang='lat' dir='ltr'><strong>esse?</strong></span> <span class='ocrx_word' id='word_1_277' title='bbox 760 3926 921 4000; x_wconf 87' lang='lat' dir='ltr'><strong>Saguntum</strong></span> <span class='ocrx_word' id='word_1_278' title='bbox 941 3933 973 3982; x_wconf 82' lang='lat' dir='ltr'><strong>ut·</strong></span> <span class='ocrx_word' id='word_1_279' title='bbox 996 3930 1155 3998; x_wconf 85' lang='lat' dir='ltr'><strong>caperetur,</strong></span> 
     </span>
    </p>

    <p class='ocr_par' dir='ltr' id='par_1_7' title="bbox 98 4026 1156 4106">
     <span class='ocr_line' id='line_1_36' title="bbox 98 4026 1156 4106; baseline -0.004 -18"><span class='ocrx_word' id='word_1_280' title='bbox 98 4031 165 4104; x_wconf 90' lang='lat' dir='ltr'><strong>quid</strong></span> <span class='ocrx_word' id='word_1_281' title='bbox 187 4049 238 4104; x_wconf 87' lang='lat' dir='ltr'><strong>per</strong></span> <span class='ocrx_word' id='word_1_282' title='bbox 261 4042 326 4089; x_wconf 87' lang='lat' dir='ltr'><strong>oete</strong></span> <span class='ocrx_word' id='word_1_283' title='bbox 348 4049 462 4088; x_wconf 90' lang='lat' dir='ltr'><strong>menses</strong></span> <span class='ocrx_word' id='word_1_284' title='bbox 484 4031 617 4106; x_wconf 81' lang='lat' dir='ltr'><strong>periculi,</strong></span> <span class='ocrx_word' id='word_1_285' title='bbox 647 4030 715 4104; x_wconf 91' lang='lat' dir='ltr'><strong>quid</strong></span> <span class='ocrx_word' id='word_1_286' title='bbox 737 4030 847 4087; x_wconf 86' lang='lat' dir='ltr'><strong>laboris</strong></span> <span class='ocrx_word' id='word_1_287' title='bbox 878 4030 1049 4086; x_wconf 88' lang='lat' dir='ltr'><strong>exhaustum</strong></span> <span class='ocrx_word' id='word_1_288' title='bbox 1072 4026 1156 4084; x_wconf 86' lang='lat' dir='ltr'><strong>esse?</strong></span> 
     </span>
    </p>
   </div>
   <div class='ocr_carea' id='block_1_3' title="bbox 0 0 1451 4556">
    <p class='ocr_par' dir='ltr' id='par_1_8' title="bbox 0 0 1451 4556">
     <span class='ocr_line' id='line_1_37' title="bbox 0 0 1451 4556; baseline 0 0"><span class='ocrx_word' id='word_1_289' title='bbox 0 0 1451 4556; x_wconf 95' lang='lat' dir='ltr'><strong> </strong></span> 
     </span>
    </p>
   </div>
  </div>
 </body>
</html>
