2674 4542
291 199 349 254 ror
561 193 639 244 aroer
655 191 758 248 xxiv.
792 173 1005 258 incasso.)

217 385 312 438 inem
335 378 459 453 patriam
482 375 598 434 defendi
619 377 657 432 ab
679 374 787 450 impetu
810 378 1019 439 Romanorum.
1069 380 1138 436 Iam
1164 379 1225 434 unis
1243 377 1295 436 fori·

248 486 302 542 bus
324 481 472 560 Hexapyli
493 481 601 556 apertis
616 481 702 555 coepti
724 490 807 538 erent
828 481 926 557 recipi,
950 501 1040 556 quum
1063 492 1208 557 pretores
1227 483 1315 542 inter·¹

248 596 396 646 venerunt.
454 589 494 646 Et
528 588 622 662 primo
654 585 775 661 imperio
809 587 966 662 minisque,
1005 589 1114 646 deinde
1147 590 1315 648 auctoritate¹

249 694 429 764 deterrendo,
453 702 619 768 postremo,
641 699 674 747 ut
694 691 793 747 omnia
814 711 892 750 vana
915 703 1013 764 erant,
1043 692 1131 751 obliti
1160 689 1315 752 maienetdt

248 796 382 874 precibus
403 798 540 872 egebant,
560 815 597 854 ne
619 794 775 871 proderent
796 797 922 870 patriam
944 800 1061 875 tyranni
1090 808 1163 856 ante
1189 799 1314 856 satelliti-t

217 903 303 960 dhus
336 912 364 958 et
393 911 453 958 tum
486 900 705 976 corruptoribus
735 903 887 960 exereitus.
940 904 999 963 Sed
1026 905 1126 962 surdas
1155 905 1193 960 ed
1220 901 1295 960 omns

249 1025 334 1064 aures
355 1008 506 1092 concitata
528 1004 718 1063 multitudinis
740 1017 832 1079 erant,
861 1027 915 1065 nec
936 1009 1049 1066 minore
1076 1010 1159 1066 intus
1181 1009 1211 1065 vi
1230 997 1315 1082 qusu³

249 1111 320 1170 foris
342 1121 434 1186 portae
455 1111 692 1186 effringebantur,
713 1111 899 1188 effractisque
914 1115 1048 1172 omnibus
1070 1122 1138 1170 toto
1162 1111 1314 1191 Hexapybg

219 1219 354 1291 7ogmen
375 1225 522 1292 receptum
545 1224 598 1275 est.
645 1217 790 1276 Praetores
812 1220 842 1276 in
865 1221 1065 1278 Achradinam
1087 1237 1158 1275 cum
1173 1218 1293 1275 iuventute

249 1321 433 1397 popularium
466 1320 645 1396 confugiunt.
708 1325 881 1382 Mercenarii
914 1325 1019 1382 milites
1050 1323 1255 1399 perfuffique,
1275 1307 1315 1376 et

249 1427 395 1500 quicquid
420 1427 565 1502 regiorum
601 1426 721 1483 rnilitum
758 1427 910 1503 Syracusis
940 1439 1016 1500 erat,
1053 1448 1164 1505 agmen
1195 1427 1314 1511 hostiur

220 1531 366 1606 Saugent.
414 1533 462 1589 Ita
483 1531 655 1588 Achradina
677 1525 794 1606 quoque
815 1534 909 1608 primi>
931 1534 1040 1608 impetu
1062 1535 1192 1609 capitur,
1213 1541 1295 1608 prato·

250 1655 372 1710 rumque
393 1637 448 1694 nisi
471 1635 520 1710 qui
543 1635 617 1692 inter
637 1636 791 1695 tumultum
814 1637 990 1714 effugerunt,
1015 1657 1117 1696 omnes
1140 1639 1293 1696 interficior·

219 1742 304 1804 fitur.
353 1743 423 1799 Nox
445 1741 570 1798 caedibus
596 1742 682 1797 finem
706 1741 783 1799 fecit.
827 1745 951 1801 Postero
975 1744 1021 1800 die
1042 1745 1122 1801 servi
1148 1745 1187 1802 ad
1213 1743 1293 1818 pileun

249 1848 345 1906 vocati
367 1856 397 1905 et
417 1865 534 1905 carcere
555 1845 644 1902 vineti
665 1848 777 1918 emissi;
805 1848 985 1923 confusaque
1006 1851 1067 1906 haee
1102 1851 1200 1907 omnis
1224 1845 1293 1905 multi·

249 1955 318 2011 tudo
341 1951 542 2028 Hippocraten
564 1961 651 2025 atque
672 1951 822 2028 Epicyden
845 1963 944 2010 creant
965 1963 1120 2028 praetores3
1152 1956 1293 2030 Syracuse·

250 2077 315 2133 que,
338 2077 425 2133 quum
447 2058 536 2113 breve
558 2066 671 2132 tempus
692 2056 811 2114 libertas
833 2055 1003 2128 affulsisset,
1029 2058 1060 2115 in
1084 2059 1233 2132 antiquam
1252 2073 1294 2110 ser·

252 2164 372 2220 vitutem
396 2162 566 2219 reciderent.

155 2259 198 2328 33
336 2268 407 2324 Haec
428 2268 560 2324 nuntiata
593 2281 681 2340 quum
704 2277 800 2334 essent
820 2267 975 2338 Romanis,
1003 2287 1040 2325 ex
1065 2269 1217 2326 Leontinis
1238 2277 1293 2322 mou

164 2385 167 2388 “
206 2351 319 2430 Ιἳειιιη
339 2372 483 2447 extemplo
507 2381 604 2428 castra
627 2370 666 2427 ad
688 2370 859 2446 Syracusas.
908 2374 947 2430 Et
970 2374 1007 2430 ab
1031 2373 1132 2447 Appio
1156 2372 1241 2448 legati
1258 2385 1293 2444 per

251 2486 365 2553 portum
390 2477 470 2535 missi
499 2477 575 2536 forte
600 2476 630 2534 in
653 2475 851 2550 quinqueremi
878 2487 970 2534 erant.
1016 2477 1177 2536 Praemissa
1199 2473 1292 2551 quadri·

250 2582 337 2642 remis
357 2600 445 2656 quum
470 2583 607 2639 intrasset
625 2581 724 2638 fauces
745 2592 856 2655 portus,
879 2582 1007 2658 capitum
1034 2583 1125 2657 legati
1147 2601 1224 2658 segre
1239 2577 1292 2636 effu·

219 2683 365 2762 dgerunu
400 2697 427 2744 et
455 2687 513 2744 iam
538 2706 597 2744 non
631 2686 718 2742 modo
750 2686 840 2759 pacis,
865 2687 916 2744 sed
944 2706 981 2743 ne
1011 2687 1080 2745 belli
1109 2689 1225 2762 quidem
1249 2686 1293 2741 iun

250 2791 350 2849 relicta
372 2800 468 2860 erant,
501 2809 590 2865 quum
611 2793 763 2849 Romanus
796 2792 937 2848 exercitus
969 2794 1007 2848 ad
1029 2792 1199 2868 Olympium
1224 2788 1292 2863 (lovis

250 2897 279 2952 id
301 2897 439 2971 templum
463 2896 518 2968 est)
550 2895 627 2952 mille
653 2904 682 2951 et
713 2883 885 2970 quingentos
916 2915 1020 2971 passus
1052 2899 1104 2954 ab*
1121 2900 1194 2955 urbe
1220 2903 1292 2954 eastre

221 3001 357 3077 tposuit.
411 3001 484 3057 Inde
516 3017 632 3075 quoque
662 3000 775 3074 legatos
803 3001 938 3076 praemitti
970 3002 1092 3076 placuit3
1126 3005 1243 3078 quibus,
1268 3015 1291 3053 nt

250 3087 404 3164 intrarent
419 3107 533 3176 urbem,
566 3114 650 3161 extro
675 3113 789 3178 portam
821 3106 1017 3180 Hippocrates
1049 3117 1140 3182 atque
1170 3103 1292 3186 Epicydes

221 3208 369 3268 5obviam
392 3229 455 3267 cum
479 3210 538 3266 suis
566 3219 777 3284 processerunt.
820 3210 971 3268 Romanus
998 3221 1100 3269 orator
1128 3231 1186 3268 non
1208 3209 1290 3266 bellun

252 3336 283 3373 se
298 3315 499 3392 Syracusanis,
523 3314 573 3370 sed
589 3332 674 3388 opem
690 3314 888 3388 auxiliumque
903 3314 1009 3373 afferre
1024 3317 1074 3386 ait,
1098 3326 1127 3373 et
1142 3317 1190 3386 eis,
1212 3314 1255 3388 qni
1266 3327 1290 3365 ex

249 3420 348 3477 'media
363 3419 440 3476 caede
462 3419 554 3493 elapsi
573 3416 754 3493 perfugerint
776 3421 813 3476 ad
829 3439 868 3490 se,
891 3430 920 3476 et
936 3423 986 3490 eis,
1010 3422 1059 3496 qui
1081 3431 1160 3478 metu
1183 3412 1289 3494 oppressi

252 3523 402 3581 foediorem
424 3542 482 3580 non
504 3522 606 3580 exsilio
628 3522 732 3594 solum,
754 3524 806 3580 sed
829 3527 916 3583 etiam
938 3536 1031 3584 morte
1053 3526 1216 3584 servitutem
1234 3519 1289 3596 poti·

254 3638 351 3698 antur3
380 3648 433 3686 nee
454 3629 560 3686 cadem
582 3627 738 3685 nefandam
760 3629 905 3687 sociorum
928 3631 1047 3688 inultam
1072 3633 1218 3688 Romanos
1240 3641 1289 3701 pas

220 3731 348 3792 deuros.
395 3736 500 3807 Itaque
519 3733 545 3790 si
565 3733 616 3801 eis,
638 3734 687 3807 qui
709 3735 747 3791 ad
769 3753 801 3792 se
821 3734 1010 3810 perfugerint,
1034 3745 1113 3793 tutus
1135 3737 1164 3792 in
1187 3730 1286 3808 patriam

252 3840 359 3897 reditus
386 3818 499 3914 pateat,
532 3838 618 3894 cerdis
648 3848 781 3897 auctores
808 3840 950 3897 dedantur
976 3848 1005 3896 et
1030 3839 1150 3896 libertas
1176 3839 1288 3911 legeque

252 3944 444 4018 Syracusanis
470 3944 672 4011 restituantur,
700 3944 772 4001 nihil
802 3945 891 4000 armis
919 3961 992 4018 opus
1026 3961 1104 4013 esse;
1136 3937 1165 4000 si'
1188 3961 1221 3999 ea
1245 3953 1286 3994 not
