2678 4560
327 233 405 282 Liber
422 231 549 281 XXVIII.
586 231 633 294 (Δ.
647 229 696 284 Oh.
711 231 784 291 20⁵.)
983 236 1037 290 167

19 415 145 472 dirutum
171 425 205 474 et
225 417 387 474 restitutum
410 416 570 492 Saguntum
592 416 659 474 fidei
679 415 793 473 socialis
812 416 944 490 utrinqne
961 427 1083 474 servatae

19 521 231 580 documentum
256 523 388 580 omnibus
406 522 538 597 gentibus
559 520 635 591 fore;
657 540 726 580 suos
746 523 935 598 imperatores
956 532 1033 582 recte
1055 535 1084 580 et
1099 522 1134 577 18

18 627 117 684 ordine
142 639 175 684 et
200 648 238 686 ex
261 630 409 687 voluntate
431 639 546 686 senatus
568 628 683 699 fecisse,
717 629 794 703 quod
817 627 976 704 Saguntum
999 628 1083 684 resti-

18 732 124 789 tuerint
159 735 302 809 civesque
324 735 499 811 Saguntinos
528 734 645 792 servitio
675 733 846 800 exemerint3
884 750 1004 806 quaque
1026 732 1084 790 alia

17 839 54 894 eis
86 839 223 915 benigne
250 840 385 910 fecerint,
420 859 456 898 ea
482 849 612 898 senatum
639 840 680 897 ita
706 839 832 898 voluisse
863 838 940 906 fieri3
976 838 1082 894 donum

17 946 193 1018 permittere
229 957 261 1006 ut
293 947 323 1004 in
350 944 494 1023 Capitolio
526 957 673 1021 ponerent.
725 947 820 1004 Locus
848 945 915 1002 inde
935 944 1083 1018 lautiaque
1099 945 1133 1001 19
1197 994 1198 1005 ,

16 1050 129 1126 legatis·
153 1053 282 1128 praeberi
309 1054 390 1110 iussa
416 1062 444 1109 et
473 1052 597 1110 muneris
625 1053 688 1108 dari
716 1071 752 1108 ne
779 1053 872 1108 minus
899 1052 974 1109 dena
996 1051 1083 1108 millia

16 1159 88 1217 eris.
135 1160 319 1234 Legationes
341 1157 443 1216 dando
467 1169 567 1216 ceteras
595 1160 623 1214 tn
644 1166 765 1214 senatum
785 1158 945 1214 introducta
966 1158 1081 1214 audita·
1095 1157 1133 1214 20

17 1281 87 1336 qua3
123 1274 155 1321 et
192 1264 354 1340 petentibus
391 1262 573 1339 Saguntinis,
613 1273 658 1334 ut,
694 1273 835 1338 quatenus
871 1271 933 1320 tuto
956 1272 1083 1338 possent,
1096 1264 1132 1320 tt

16 1369 135 1428 Italiam
176 1379 339 1446 spectatum
373 1369 464 1441 irent,
503 1371 589 1428 duces
619 1370 681 1428 dati
707 1370 863 1444 litteraeque
890 1387 943 1444 per
975 1369 1083 1444 oppida

18 1477 122 1547 missae,
153 1486 190 1534 ut
214 1476 363 1551 Hispanos
394 1476 513 1534 comiter
533 1477 704 1553 acciperent.
750 1478 828 1533 Tum
849 1476 885 1532 dc
906 1495 937 1532 re
958 1475 1082 1550 publica,
1096 1477 1134 1532 22

18 1581 51 1638 de
73 1583 257 1640 exercitibus
279 1582 445 1653 scribendis,
467 1582 503 1638 de
523 1581 677 1657 provinciis
699 1582 830 1639 relatum.

101 1690 207 1763 Quum
229 1687 363 1748 Africam
391 1706 496 1744 novam
526 1688 702 1762 provinciam
726 1697 808 1744 extra
830 1697 935 1746 sortem
957 1689 992 1746 P.
1017 1688 1081 1746 Sci·
1133 1683 1178 1752 40

19 1794 96 1868 pioni
111 1794 258 1854 destinari
278 1793 409 1850 homines
431 1791 511 1850 fama
531 1792 646 1864 ferrent,
668 1804 697 1851 et
716 1795 787 1868 ipse,
802 1793 881 1849 nulla
895 1793 952 1848 iam
968 1791 1082 1850 modica

20 1899 113 1972 gioria
148 1908 313 1968 contentus,
338 1917 396 1955 non
431 1899 469 1954 ad
502 1899 657 1974 gerendum
691 1898 777 1954 modo
812 1897 933 1967 bellum,
966 1898 1016 1954 sed
1044 1898 1081 1954 ad

20 2005 180 2064 finiendum
212 2005 320 2062 dicaret
348 2022 380 2062 se
402 2002 547 2062 consulem
571 2003 747 2061 declaratum
771 2022 848 2073 esse,
883 2021 976 2077 neque
999 2003 1111 2060 aliteri

7 2109 47 2178 ¹id
71 2112 136 2168 ficri
159 2129 267 2188 posse,
302 2129 388 2185 qnam
416 2110 441 2165 si
468 2109 579 2184 ipsein
602 2109 733 2168 Africam
756 2109 911 2168 exercitum
934 2118 1081 2182 transpor-

22 2225 103 2287 taret,
127 2228 155 2274 ct
179 2227 311 2275 acturum
332 2237 363 2276 se
385 2219 414 2274 id
435 2235 487 2292 per
511 2215 649 2291 populum
674 2225 773 2292 aperte
795 2215 898 2284 ferret,
920 2213 944 2270 si
966 2223 1082 2270 senatus

22 2323 244 2393 adversaretur,
275 2355 312 2366 -
342 2324 372 2380 id
401 2323 550 2382 consilium
579 2323 803 2397 haudquaquam
833 2321 1007 2396 primoribus
1030 2340 1082 2395 pa·

24 2433 94 2484 trum
127 2441 219 2505 quum
249 2431 376 2505 placeret
410 2439 435 2487 ct
465 2429 553 2486 ceteri
586 2448 638 2504 per
671 2439 777 2486 metum
812 2439 862 2485 aut
897 2428 1081 2485 ambitionem

25 2545 203 2606 mussarent,
237 2536 271 2608 Q.
301 2536 410 2593 Fabius
438 2534 584 2592 Maximus
619 2543 738 2610 rogatus
773 2534 959 2592 sententiam:
997 2533 1112 2603 „scios

27 2641 119 2698 multis
155 2653 283 2701 vestrum
306 2640 412 2710 videri,
445 2649 541 2714 patres
574 2642 741 2716 conscripti,
777 2659 836 2696 rem
870 2650 964 2697 actam
1001 2640 1083 2696 hodi·

26 2763 91 2803 erno
138 2749 187 2806 die
218 2747 282 2824 agi,
304 2757 353 2803 -et
384 2745 493 2804 frustra
523 2746 686 2803 habiturum
721 2745 898 2816 orationem,
935 2747 983 2819 qni
1019 2755 1083 2802 tan·

28 2868 111 2923 qnam
140 2857 177 2912 de
207 2855 320 2930 integra
348 2871 379 2909 re
406 2853 442 2909 de
470 2851 573 2910 Africa
601 2851 750 2928 provincia
776 2851 945 2908 sententiam
968 2850 1081 2909 dixerit.

28 2955 89 3031 Ego
120 2971 217 3018 autern
249 2960 373 3034 primurn
399 2958 470 3016 illud
495 2959 611 3033 ignoro,
648 2955 887 3031 quemadmodum
919 2964 996 3012 certa
1023 2956 1112 3014 iamt

29 3065 178 3133 provincia
199 3065 303 3124 Africa
324 3065 456 3134 consulis,
478 3065 533 3121 viri
553 3064 636 3122 fortis
658 3082 692 3120 ac
713 3061 829 3131 strenui,
851 3061 896 3130 sit,
919 3081 1005 3136 quam
1029 3080 1082 3118 nec

31 3179 145 3228 sanatus
167 3172 277 3229 censuit
297 3171 327 3229 in
347 3172 423 3227 hunc
446 3189 551 3227 annum
580 3170 758 3245 provinciam
790 3187 852 3226 esse
877 3185 930 3224 nec
959 3167 1082 3242 populus

31 3269 118 3335 iussit.
166 3276 297 3346 Deinde,
320 3275 345 3332 si
377 3284 434 3346 est,
466 3275 611 3334 consulem
649 3293 768 3365 peccare
803 3275 943 3346 arbitror,
975 3273 1112 3348 quidet>

34 3395 62 3432 re
94 3389 240 3438 transacta
276 3381 437 3438 simulando
466 3400 497 3438 se
525 3381 632 3440 referre
664 3391 794 3440 senatum
825 3380 950 3438 ludibrio
985 3382 1082 3452 habet,

34 3499 87 3539 non
108 3496 287 3556 senatorem,
323 3488 390 3562 qui,
425 3487 461 3544 de
485 3505 542 3562 quo
564 3488 736 3559 consulitur,
769 3506 821 3544 suo
843 3488 907 3543 loco
930 3486 998 3543 dicit
1018 3505 1082 3543 sen·

36 3591 158 3649 tentiam.
202 3595 301 3669 Atque
330 3611 384 3669 ego
414 3602 521 3650 certum
553 3595 657 3664 habco,
678 3593 854 3650 dissentienti
878 3593 946 3650 mihi
968 3596 1005 3651 ab
1026 3593 1113 3650 istab

36 3690 213 3756 festinatione
239 3699 269 3755 in
291 3697 422 3756 Africam
450 3699 609 3757 traiiciendi
642 3700 762 3756 duarum
784 3717 878 3756 rerum
904 3699 1081 3756 subeundam

39 3801 195 3872 opinionem
218 3822 294 3877 esse,
316 3806 408 3877 unius,
430 3805 522 3862 insita
543 3804 657 3880 ingenio
681 3822 745 3860 meo
767 3806 974 3876 cunctationis,
997 3807 1111 3879 quami

39 3917 138 3966 metum
179 3911 382 3986 pigritiamque
414 3911 545 3968 homines
581 3910 777 3967 adolescentes
820 3928 890 3967 sane
930 3910 1083 3986 appellent,

41 4009 102 4071 dum
131 4036 167 4075 ne
193 4017 335 4093 peniteat,
364 4017 458 4074 adbuc
479 4017 600 4074 aliorum
632 4015 809 4092 speciosiora
829 4017 923 4092 primo
947 4017 1082 4092 adspectu
