2700 4426
413 155 488 203 Liber
505 153 629 205 XXVIII.
666 155 713 218 (A.
727 156 775 210 ch.
791 158 864 221 206.)
1066 165 1119 221 151

107 337 235 394 universi
261 338 299 394 ad
328 338 499 414 stipendium
526 341 679 414 petendum
710 341 791 402 irent.
839 342 993 400 Inclinavit
1014 344 1164 416 sententia,

111 443 190 516 quod
210 445 298 502 tutius
321 446 484 515 censebant,
505 446 655 503 universos
677 446 727 506 ire.
900 423 901 427 ἵ

192 551 251 608 Per
272 551 387 609 eosdem
409 549 485 619 dies,
507 551 611 625 quibus
633 553 695 610 haec
715 552 757 608 illi
779 551 988 623 consultabant,
1012 553 1162 610 consilinm
1214 557 1257 626 26

90 625 145 710 ide
181 655 215 711 iis
247 654 418 739 Carthagini
451 666 531 727 erat,
567 661 789 733 certabaturque
814 659 979 729 sententiis,
1012 668 1107 715 utrum
1133 659 1193 721 int

109 768 241 816 auctores
277 769 388 819 tanturn
423 763 570 822 seditionis
603 763 697 840 (erant
740 772 835 820 autem
868 762 888 818 ii
929 782 1047 821 numero
1086 765 1164 820 baud

108 865 174 940 plus
197 884 283 940 quam
309 867 434 941 quinque
456 877 483 924 et
504 868 634 944 triginta)
657 867 950 940 animadverteretur,
981 889 1018 926 an
1040 869 1164 944 plurium

109 971 250 1046 supplicio
281 973 455 1030 vindicanda
486 984 546 1031 tam
573 973 643 1030 foedi
671 974 794 1049 exempli
818 972 940 1030 defectio
963 975 1055 1049 magis
1076 993 1163 1049 quam

109 1075 212 1134 seditio
234 1088 317 1136 esset.
343 1091 344 1095 ’
365 1068 444 1136 Vicit
458 1079 598 1137 sententia
619 1079 718 1150 lenior,
740 1089 780 1151 ut,
799 1079 875 1136 unde
891 1081 977 1156 culpa
995 1090 1061 1138 orta
1080 1063 1193 1151 esset,3

107 1181 149 1240 ibi
182 1202 269 1257 poena
302 1187 482 1243 consisteret:
519 1185 557 1241 ad
590 1185 796 1242 multitudinem
836 1185 1053 1261 castigationem
1093 1185 1164 1242 satis

108 1305 182 1347 esse.
241 1287 368 1349 Consilio
404 1293 539 1362 dimisso,
572 1300 603 1347 ut
634 1291 664 1347 id
696 1300 790 1349 actum
822 1291 981 1362 videretur,
1018 1291 1193 1368 expeditiot

108 1393 247 1450 adversus
280 1394 470 1454 Mandonium
505 1395 715 1471 Indibilemque
755 1396 875 1454 edicitur
917 1396 1070 1468 exercitui,
1115 1396 1163 1470 qui

109 1490 286 1575 Carthagine
319 1511 400 1570 erat,
432 1509 461 1557 et
490 1501 600 1577 cibaria
626 1500 735 1558 dierum
766 1501 876 1576 aliquot
897 1520 1002 1577 parare
1022 1502 1164 1558 iubentur.

108 1604 246 1662 Tribunis
268 1616 398 1681 septem,
434 1606 483 1681 qui
508 1616 536 1664 et
557 1614 643 1663 antea
667 1606 825 1665 Sucronem
847 1608 885 1664 ad
906 1607 1067 1664 leniendam
1088 1607 1193 1672 sedi-5

108 1711 216 1768 tionem
238 1713 339 1783 ierant,
360 1712 476 1769 obviam
499 1713 636 1769 exercitui
655 1713 748 1770 missis
770 1713 857 1787 quina
871 1712 987 1769 nomina
1002 1712 1164 1787 principum

108 1817 256 1875 seditionis
292 1818 369 1874 edita
400 1828 480 1889 sunt,
515 1828 547 1876 ut
573 1836 622 1874 eos
652 1837 704 1893 per
734 1819 853 1876 idoneos
879 1819 1009 1876 homines
1040 1819 1193 1892 benignoss

110 1924 190 1980 vultu
221 1943 256 1982 ac
283 1942 415 1980 sermone
439 1925 468 1980 in
489 1925 645 2000 hospitium
669 1925 806 1982 invitatos
827 1929 986 2001 sopitosque
1008 1924 1075 1980 vino
1097 1923 1162 1980 vin·

110 2029 207 2091 cirent.
254 2031 343 2087 Haud
365 2029 466 2104 procul
486 2029 544 2087 iam
568 2029 744 2105 Carthagine
757 2032 887 2101 aberant,
911 2048 998 2106 quum
1019 2048 1055 2086 ex
1070 2028 1192 2096 obviis7

109 2136 257 2206 auditum,
289 2145 406 2211 postero
437 2135 483 2192 die
514 2155 626 2193 omnem
656 2137 812 2193 exercitum
842 2156 907 2195 curn
935 2137 977 2196 M.
1006 2134 1105 2192 Silano
1133 2134 1163 2190 in

107 2243 273 2300 Lacetanos
294 2243 451 2319 proficisci,
473 2261 530 2299 non
551 2254 629 2300 metu
650 2243 729 2300 modo
751 2244 838 2314 omni,
860 2245 911 2318 qui
934 2241 1037 2298 tacitus
1058 2239 1163 2297 inside-

108 2349 158 2404 bat
191 2349 310 2420 auimis,
339 2351 472 2408 liberavit
493 2370 557 2420 eos,
587 2349 639 2406 sed
659 2348 786 2406 laetitiam
808 2350 953 2424 ingentem
973 2345 1056 2415 fecit,
1086 2345 1163 2419 quod

108 2454 201 2528 magis
229 2455 354 2513 habituri
383 2457 475 2514 solum
506 2459 709 2532 imperatorem
732 2472 819 2529 quam
839 2454 895 2529 ipsi
916 2453 1005 2511 futuri
1026 2453 1056 2509 in
1079 2460 1163 2528 pote-

107 2566 182 2613 state
219 2559 280 2616 eius
312 2570 414 2617 essent.
463 2561 524 2620 Sub
553 2579 686 2618 occasum
714 2560 783 2616 solis
812 2561 911 2616 urbem
939 2559 1061 2633 ingressi
1087 2568 1192 2633 sunt,g

108 2662 322 2738 exercitumque
341 2665 461 2722 alterum
473 2676 623 2741 parantem
636 2667 733 2724 omnia
752 2665 789 2721 ad
801 2665 856 2721 iter
866 2663 1006 2721 viderunt.
1039 2664 1162 2739 Excepti
1175 2682 1192 2738 9

107 2769 287 2826 sermonibus
321 2771 356 2827 de
387 2770 529 2828 industria
563 2771 744 2846 compositis,
784 2768 879 2825 laetum
913 2778 1163 2853 opportunumque

107 2874 262 2932 adventum
285 2895 383 2933 eorum
405 2877 572 2953 imperatori
593 2895 665 2947 esse,
688 2875 765 2950 qnod
781 2876 834 2932 sub
851 2875 945 2949 ipsam
956 2874 1163 2949 profectionem

107 2979 224 3037 alterius
249 2983 390 3040 exercitus
412 2984 566 3054 venissent,
587 3000 711 3059 corpora
732 2990 842 3038 curant.
888 2981 938 3038 Ab
960 2980 1081 3037 tribunis
1102 2980 1213 3053 sine10

107 3086 165 3143 ullo
186 3089 309 3145 tumultu
331 3098 463 3146 auctores
486 3089 647 3160 seditionis,
669 3107 722 3164 per
741 3087 861 3145 idoneos
882 3087 1013 3144 homines
1033 3087 1163 3162 perducti

105 3192 135 3248 in
167 3184 310 3269 hospitia,
346 3195 507 3270 comprensi
536 3213 571 3252 ac
599 3195 687 3251 vincti
716 3204 791 3254 sunt.
838 3193 949 3268 vigilia
978 3203 1083 3267 quarta
1108 3193 1161 3250 im·
1177 3210 1209 3264 11

106 3300 271 3374 pedimenta
293 3301 451 3371 exercitus,
473 3303 552 3358 cuius
575 3301 765 3359 simulabatur
786 3299 849 3371 iter,
871 3299 1014 3374 proficisci
1036 3317 1161 3374 coepere;

106 3405 159 3459 sub
187 3406 279 3463 lucem
301 3407 384 3482 signa
406 3415 500 3479 mota,
520 3416 549 3464 et
570 3409 608 3464 ad
629 3418 743 3484 portam
766 3414 907 3463 retentum
932 3421 1035 3478 agmen
1067 3414 1161 3460 custo·

106 3507 213 3582 desque
239 3512 316 3568 cuca
345 3532 443 3570 omnes
477 3525 576 3588 portas
606 3514 701 3585 missi,
732 3532 769 3570 ne
791 3511 854 3586 quis
875 3511 947 3567 urbe
971 3508 1160 3583 egrederetur.

106 3615 212 3672 Vocati
234 3617 336 3676 deinde
359 3619 397 3674 ad
418 3619 596 3690 contionem,
620 3620 669 3694 qui
691 3619 784 3694 pridie
805 3625 952 3688 venerant,
973 3614 1108 3673 ferociter
1129 3615 1159 3672 in
1176 3628 1210 3686 12

105 3721 200 3778 lorum
224 3723 261 3779 ad
282 3724 408 3781 tribunal
429 3725 625 3800 imperatoris,
658 3736 690 3783 ut
718 3725 792 3782 ultro
814 3721 939 3780 territuri
960 3723 1161 3780 succlamatio.

105 3831 205 3900 nibus,
239 3842 421 3891 concurrunt.
471 3832 562 3890 Simul
590 3841 618 3888 et
644 3832 801 3908 imperator
827 3830 856 3887 in
883 3830 1008 3892 tribunal
1037 3841 1162 3898 escendit
1178 3842 1212 3898 13

105 3946 134 3992 et
162 3937 272 3994 reducti
301 3938 405 3995 armati
432 3958 451 3995 a
477 3939 568 4014 portis
597 3940 699 3997 inermi
725 3939 850 3996 contioni
878 3958 909 3997 se
938 3941 975 3997 ab
1004 3951 1086 4018 tergo
1107 3945 1161 4002 cir·
