<?xml version="1.0" encoding="UTF-8"?>
<!DOCTYPE html PUBLIC "-//W3C//DTD XHTML 1.0 Transitional//EN"
    "http://www.w3.org/TR/xhtml1/DTD/xhtml1-transitional.dtd">
<html xmlns="http://www.w3.org/1999/xhtml" xml:lang="en" lang="en">
 <head>
  <title>
</title>
<meta http-equiv="Content-Type" content="text/html;charset=utf-8" />
  <meta name='ocr-system' content='tesseract 3.04.00' />
  <meta name='ocr-capabilities' content='ocr_page ocr_carea ocr_par ocr_line ocrx_word'/>
</head>
<body>
  <div class='ocr_page' id='page_1' title='image "./titiliviihistor01ussigoog/titiliviihistor01ussigoog_0300.png"; bbox 0 0 2700 4426; ppageno 0'>
   <div class='ocr_carea' id='block_1_1' title="bbox 401 221 1101 287">
    <p class='ocr_par' dir='ltr' id='par_1_1' title="bbox 401 221 1101 287">
     <span class='ocr_line' id='line_1_1' title="bbox 401 221 1101 287; baseline 0.016 -15"><span class='ocrx_word' id='word_1_1' title='bbox 401 221 480 272; x_wconf 76' lang='lat' dir='ltr'><strong>Idbsr</strong></span> <span class='ocrx_word' id='word_1_2' title='bbox 495 221 585 276; x_wconf 80' lang='lat' dir='ltr'>XXV.</span> <span class='ocrx_word' id='word_1_3' title='bbox 621 222 671 286; x_wconf 82' lang='lat' dir='ltr'><strong>(A.</strong></span> <span class='ocrx_word' id='word_1_4' title='bbox 681 221 730 273; x_wconf 82' lang='lat' dir='ltr'><strong>Ch.</strong></span> <span class='ocrx_word' id='word_1_5' title='bbox 744 224 819 287; x_wconf 70' lang='lat'>212.)</span> <span class='ocrx_word' id='word_1_6' title='bbox 1042 225 1101 283; x_wconf 77' lang='grc'><strong>259</strong></span> 
     </span>
    </p>
   </div>
   <div class='ocr_carea' id='block_1_2' title="bbox 10 403 1230 3952">
    <p class='ocr_par' dir='ltr' id='par_1_2' title="bbox 74 403 1230 2267">
     <span class='ocr_line' id='line_1_2' title="bbox 76 403 1145 482; baseline 0.005 -22"><span class='ocrx_word' id='word_1_7' title='bbox 76 411 185 475; x_wconf 74' lang='lat' dir='ltr'><strong>quarta</strong></span> <span class='ocrx_word' id='word_1_8' title='bbox 216 403 317 478; x_wconf 81' lang='lat' dir='ltr'><strong>vigilia</strong></span> <span class='ocrx_word' id='word_1_9' title='bbox 348 404 457 463; x_wconf 86' lang='lat' dir='ltr'><strong>facturn</strong></span> <span class='ocrx_word' id='word_1_10' title='bbox 486 415 579 476; x_wconf 91' lang='lat' dir='ltr'><strong>esset,</strong></span> <span class='ocrx_word' id='word_1_11' title='bbox 610 407 818 482; x_wconf 70' lang='lat' dir='ltr'><strong>expositosque</strong></span> <span class='ocrx_word' id='word_1_12' title='bbox 851 407 955 464; x_wconf 83' lang='lat' dir='ltr'><strong>milites</strong></span> <span class='ocrx_word' id='word_1_13' title='bbox 980 415 1080 482; x_wconf 90' lang='lat' dir='ltr'><strong>porta,</strong></span> <span class='ocrx_word' id='word_1_14' title='bbox 1113 417 1145 465; x_wconf 92' lang='lat' dir='ltr'><strong>ut</strong></span> 
     </span>
     <span class='ocr_line' id='line_1_3' title="bbox 75 511 1143 597; baseline 0.005 -34"><span class='ocrx_word' id='word_1_15' title='bbox 75 518 269 578; x_wconf 85' lang='lat' dir='ltr'><strong>convenerat,</strong></span> <span class='ocrx_word' id='word_1_16' title='bbox 295 511 454 586; x_wconf 75' lang='lat' dir='ltr'><strong>recepisset</strong></span> <span class='ocrx_word' id='word_1_17' title='bbox 473 511 625 597; x_wconf 79' lang='lat' dir='ltr'><strong>Moericus,</strong></span> <span class='ocrx_word' id='word_1_18' title='bbox 652 511 716 569; x_wconf 89' lang='lat' dir='ltr'><strong>luco</strong></span> <span class='ocrx_word' id='word_1_19' title='bbox 748 512 843 586; x_wconf 89' lang='lat' dir='ltr'><strong>prima</strong></span> <span class='ocrx_word' id='word_1_20' title='bbox 867 512 1024 569; x_wconf 78' lang='lat' dir='ltr'><strong>Marcellus</strong></span> <span class='ocrx_word' id='word_1_21' title='bbox 1051 513 1143 569; x_wconf 87' lang='lat' dir='ltr'><strong>omni-</strong></span> 
     </span>
     <span class='ocr_line' id='line_1_4' title="bbox 75 614 1173 690; baseline 0.009 -21"><span class='ocrx_word' id='word_1_22' title='bbox 75 615 132 670; x_wconf 89' lang='lat' dir='ltr'><strong>bus</strong></span> <span class='ocrx_word' id='word_1_23' title='bbox 167 614 259 688; x_wconf 89' lang='lat' dir='ltr'><strong>copiis</strong></span> <span class='ocrx_word' id='word_1_24' title='bbox 276 655 278 659; x_wconf 30' lang='grc' dir='ltr'><em>ψ</em></span> <span class='ocrx_word' id='word_1_25' title='bbox 296 616 402 672; x_wconf 85' lang='lat' dir='ltr'><strong>moenia</strong></span> <span class='ocrx_word' id='word_1_26' title='bbox 434 617 612 674; x_wconf 72' lang='lat' dir='ltr'><strong>Achradinae</strong></span> <span class='ocrx_word' id='word_1_27' title='bbox 645 617 814 690; x_wconf 77' lang='lat' dir='ltr'><strong>aggreditur</strong></span> <span class='ocrx_word' id='word_1_28' title='bbox 845 618 902 687; x_wconf 88' lang='lat' dir='ltr'><strong>ita,</strong></span> <span class='ocrx_word' id='word_1_29' title='bbox 938 627 972 674; x_wconf 91' lang='lat' dir='ltr'><strong>ut</strong></span> <span class='ocrx_word' id='word_1_30' title='bbox 1002 635 1060 674; x_wconf 91' lang='lat' dir='ltr'><strong>non</strong></span> <span class='ocrx_word' id='word_1_31' title='bbox 1094 625 1173 679; x_wconf 77' lang='lat' dir='ltr'><strong>eost)</strong></span> 
     </span>
     <span class='ocr_line' id='line_1_5' title="bbox 74 718 1143 794; baseline 0.004 -18"><span class='ocrx_word' id='word_1_32' title='bbox 74 718 187 789; x_wconf 78' lang='lat' dir='ltr'><strong>solum,</strong></span> <span class='ocrx_word' id='word_1_33' title='bbox 218 720 268 794; x_wconf 91' lang='lat' dir='ltr'><strong>qui</strong></span> <span class='ocrx_word' id='word_1_34' title='bbox 299 720 498 776; x_wconf 79' lang='lat' dir='ltr'><strong>Achradinam</strong></span> <span class='ocrx_word' id='word_1_35' title='bbox 521 723 675 792; x_wconf 88' lang='lat' dir='ltr'><strong>tenebant,</strong></span> <span class='ocrx_word' id='word_1_36' title='bbox 700 723 730 779; x_wconf 93' lang='lat' dir='ltr'><strong>in</strong></span> <span class='ocrx_word' id='word_1_37' title='bbox 758 741 789 780; x_wconf 86' lang='lat' dir='ltr'><strong>se</strong></span> <span class='ocrx_word' id='word_1_38' title='bbox 809 733 1005 793; x_wconf 85' lang='lat' dir='ltr'><strong>converteret,</strong></span> <span class='ocrx_word' id='word_1_39' title='bbox 1033 725 1083 780; x_wconf 85' lang='lat' dir='ltr'><strong>sed</strong></span> <span class='ocrx_word' id='word_1_40' title='bbox 1105 725 1143 780; x_wconf 88' lang='lat' dir='ltr'><strong>ab</strong></span> 
     </span>
     <span class='ocr_line' id='line_1_6' title="bbox 76 823 1143 900; baseline 0.005 -20"><span class='ocrx_word' id='word_1_41' title='bbox 76 823 162 880; x_wconf 88' lang='lat' dir='ltr'><strong>Naso</strong></span> <span class='ocrx_word' id='word_1_42' title='bbox 186 824 273 882; x_wconf 86' lang='lat' dir='ltr'><strong>etiam</strong></span> <span class='ocrx_word' id='word_1_43' title='bbox 296 825 414 900; x_wconf 86' lang='lat' dir='ltr'><strong>agmina</strong></span> <span class='ocrx_word' id='word_1_44' title='bbox 436 837 614 884; x_wconf 84' lang='lat' dir='ltr'><strong>armatorum</strong></span> <span class='ocrx_word' id='word_1_45' title='bbox 637 837 855 896; x_wconf 79' lang='lat' dir='ltr'><strong>concurrerent,</strong></span> <span class='ocrx_word' id='word_1_46' title='bbox 883 828 990 885; x_wconf 90' lang='lat' dir='ltr'><strong>relictis</strong></span> <span class='ocrx_word' id='word_1_47' title='bbox 1012 829 1143 886; x_wconf 87' lang='lat' dir='ltr'><strong>stationi·</strong></span> 
     </span>
     <span class='ocr_line' id='line_1_7' title="bbox 76 929 1194 1006; baseline 0.008 -21"><span class='ocrx_word' id='word_1_48' title='bbox 76 929 133 985; x_wconf 88' lang='lat' dir='ltr'><strong>bus</strong></span> <span class='ocrx_word' id='word_1_49' title='bbox 155 929 225 1000; x_wconf 87' lang='lat' dir='ltr'><strong>suis,</strong></span> <span class='ocrx_word' id='word_1_50' title='bbox 247 931 285 986; x_wconf 88' lang='lat' dir='ltr'><strong>ad</strong></span> <span class='ocrx_word' id='word_1_51' title='bbox 306 930 364 987; x_wconf 90' lang='lat' dir='ltr'><strong>vim</strong></span> <span class='ocrx_word' id='word_1_52' title='bbox 389 939 418 987; x_wconf 90' lang='lat' dir='ltr'><strong>et</strong></span> <span class='ocrx_word' id='word_1_53' title='bbox 438 931 576 1006; x_wconf 89' lang='lat' dir='ltr'><strong>impetum</strong></span> <span class='ocrx_word' id='word_1_54' title='bbox 598 933 797 990; x_wconf 88' lang='lat' dir='ltr'><strong>Romanorum</strong></span> <span class='ocrx_word' id='word_1_55' title='bbox 820 933 986 990; x_wconf 88' lang='lat' dir='ltr'><strong>arcendum.</strong></span> <span class='ocrx_word' id='word_1_56' title='bbox 1029 934 1065 990; x_wconf 89' lang='lat' dir='ltr'><strong>In</strong></span> <span class='ocrx_word' id='word_1_57' title='bbox 1086 935 1143 990; x_wconf 87' lang='lat' dir='ltr'><strong>hoc</strong></span> <span class='ocrx_word' id='word_1_58' title='bbox 1158 942 1194 996; x_wconf 84' lang='lat'><strong>10</strong></span> 
     </span>
     <span class='ocr_line' id='line_1_8' title="bbox 77 1034 1144 1112; baseline 0.005 -22"><span class='ocrx_word' id='word_1_59' title='bbox 77 1034 202 1092; x_wconf 87' lang='lat' dir='ltr'><strong>tumultu</strong></span> <span class='ocrx_word' id='word_1_60' title='bbox 236 1035 373 1092; x_wconf 87' lang='lat' dir='ltr'><strong>actuariae</strong></span> <span class='ocrx_word' id='word_1_61' title='bbox 401 1055 507 1106; x_wconf 88' lang='lat' dir='ltr'><strong>naves,</strong></span> <span class='ocrx_word' id='word_1_62' title='bbox 536 1036 682 1094; x_wconf 85' lang='lat' dir='ltr'><strong>instructae</strong></span> <span class='ocrx_word' id='word_1_63' title='bbox 710 1036 769 1093; x_wconf 90' lang='lat' dir='ltr'><strong>iam</strong></span> <span class='ocrx_word' id='word_1_64' title='bbox 799 1044 866 1093; x_wconf 89' lang='lat' dir='ltr'><strong>ante</strong></span> <span class='ocrx_word' id='word_1_65' title='bbox 889 1038 1144 1112; x_wconf 84' lang='lat' dir='ltr'><strong>circumvectaeque</strong></span> 
     </span>
     <span class='ocr_line' id='line_1_9' title="bbox 76 1138 1143 1218; baseline 0.005 -23"><span class='ocrx_word' id='word_1_66' title='bbox 76 1138 117 1195; x_wconf 84' lang='lat' dir='ltr'><strong>ad</strong></span> <span class='ocrx_word' id='word_1_67' title='bbox 137 1139 252 1197; x_wconf 86' lang='lat' dir='ltr'><strong>Nasum</strong></span> <span class='ocrx_word' id='word_1_68' title='bbox 274 1151 404 1198; x_wconf 87' lang='lat' dir='ltr'><strong>armatos</strong></span> <span class='ocrx_word' id='word_1_69' title='bbox 419 1151 577 1217; x_wconf 87' lang='lat' dir='ltr'><strong>exponunt,</strong></span> <span class='ocrx_word' id='word_1_70' title='bbox 599 1143 649 1216; x_wconf 90' lang='lat' dir='ltr'><strong>qui</strong></span> <span class='ocrx_word' id='word_1_71' title='bbox 669 1142 830 1217; x_wconf 87' lang='lat' dir='ltr'><strong>improviso</strong></span> <span class='ocrx_word' id='word_1_72' title='bbox 853 1143 949 1200; x_wconf 88' lang='lat' dir='ltr'><strong>adorti</strong></span> <span class='ocrx_word' id='word_1_73' title='bbox 969 1144 1143 1218; x_wconf 88' lang='lat' dir='ltr'><strong>semiplenas</strong></span> 
     </span>
     <span class='ocr_line' id='line_1_10' title="bbox 74 1244 1145 1322; baseline 0.007 -22"><span class='ocrx_word' id='word_1_74' title='bbox 74 1244 217 1301; x_wconf 85' lang='lat' dir='ltr'><strong>stationes</strong></span> <span class='ocrx_word' id='word_1_75' title='bbox 233 1254 262 1302; x_wconf 90' lang='lat' dir='ltr'><strong>et</strong></span> <span class='ocrx_word' id='word_1_76' title='bbox 283 1246 439 1320; x_wconf 85' lang='lat' dir='ltr'><strong>adapertas</strong></span> <span class='ocrx_word' id='word_1_77' title='bbox 460 1246 539 1304; x_wconf 88' lang='lat' dir='ltr'><strong>fores</strong></span> <span class='ocrx_word' id='word_1_78' title='bbox 561 1257 661 1322; x_wconf 73' lang='lat' dir='ltr'><strong>portae,</strong></span> <span class='ocrx_word' id='word_1_79' title='bbox 684 1267 743 1322; x_wconf 90' lang='lat' dir='ltr'><strong>qua</strong></span> <span class='ocrx_word' id='word_1_80' title='bbox 764 1247 853 1322; x_wconf 89' lang='lat' dir='ltr'><strong>paulo</strong></span> <span class='ocrx_word' id='word_1_81' title='bbox 875 1257 942 1304; x_wconf 89' lang='lat' dir='ltr'><strong>ante</strong></span> <span class='ocrx_word' id='word_1_82' title='bbox 957 1261 1145 1308; x_wconf 86' lang='lat' dir='ltr'><strong>excurrerant</strong></span> 
     </span>
     <span class='ocr_line' id='line_1_11' title="bbox 77 1350 1142 1430; baseline 0.007 -25"><span class='ocrx_word' id='word_1_83' title='bbox 77 1350 192 1421; x_wconf 86' lang='lat' dir='ltr'><strong>armati,</strong></span> <span class='ocrx_word' id='word_1_84' title='bbox 213 1351 291 1408; x_wconf 89' lang='lat' dir='ltr'><strong>haud</strong></span> <span class='ocrx_word' id='word_1_85' title='bbox 313 1370 422 1426; x_wconf 85' lang='lat' dir='ltr'><strong>magno</strong></span> <span class='ocrx_word' id='word_1_86' title='bbox 444 1353 600 1410; x_wconf 88' lang='lat' dir='ltr'><strong>certamine</strong></span> <span class='ocrx_word' id='word_1_87' title='bbox 624 1354 738 1410; x_wconf 87' lang='lat' dir='ltr'><strong>Nasum</strong></span> <span class='ocrx_word' id='word_1_88' title='bbox 763 1372 866 1428; x_wconf 88' lang='lat' dir='ltr'><strong>cepere</strong></span> <span class='ocrx_word' id='word_1_89' title='bbox 888 1354 1033 1412; x_wconf 85' lang='lat' dir='ltr'><strong>desertam</strong></span> <span class='ocrx_word' id='word_1_90' title='bbox 1055 1357 1142 1430; x_wconf 91' lang='lat' dir='ltr'><strong>trepi-</strong></span> 
     </span>
     <span class='ocr_line' id='line_1_12' title="bbox 75 1453 1191 1535; baseline 0.009 -26"><span class='ocrx_word' id='word_1_91' title='bbox 75 1454 195 1511; x_wconf 87' lang='lat' dir='ltr'><strong>datione</strong></span> <span class='ocrx_word' id='word_1_92' title='bbox 218 1464 247 1512; x_wconf 90' lang='lat' dir='ltr'><strong>et</strong></span> <span class='ocrx_word' id='word_1_93' title='bbox 267 1453 338 1530; x_wconf 86' lang='lat' dir='ltr'><strong>fuga</strong></span> <span class='ocrx_word' id='word_1_94' title='bbox 359 1458 520 1514; x_wconf 87' lang='lat' dir='ltr'><strong>custodum.</strong></span> <span class='ocrx_word' id='word_1_95' title='bbox 563 1460 717 1534; x_wconf 77' lang='lat' dir='ltr'><strong>Nequam</strong></span> <span class='ocrx_word' id='word_1_96' title='bbox 739 1459 804 1515; x_wconf 89' lang='lat' dir='ltr'><strong>ullis</strong></span> <span class='ocrx_word' id='word_1_97' title='bbox 827 1458 920 1515; x_wconf 91' lang='lat' dir='ltr'><strong>minus</strong></span> <span class='ocrx_word' id='word_1_98' title='bbox 942 1461 1069 1535; x_wconf 87' lang='lat' dir='ltr'><strong>praesidii</strong></span> <span class='ocrx_word' id='word_1_99' title='bbox 1092 1471 1143 1518; x_wconf 86' lang='lat' dir='ltr'><strong>aut</strong></span> <span class='ocrx_word' id='word_1_100' title='bbox 1159 1466 1191 1519; x_wconf 92' lang='lat' dir='ltr'><strong>ll</strong></span> 
     </span>
     <span class='ocr_line' id='line_1_13' title="bbox 75 1559 1142 1640; baseline 0.007 -25"><span class='ocrx_word' id='word_1_101' title='bbox 75 1559 242 1633; x_wconf 82' lang='lat' dir='ltr'><strong>pertinaciae</strong></span> <span class='ocrx_word' id='word_1_102' title='bbox 264 1562 301 1618; x_wconf 83' lang='lat' dir='ltr'><strong>ad</strong></span> <span class='ocrx_word' id='word_1_103' title='bbox 326 1563 500 1619; x_wconf 88' lang='lat' dir='ltr'><strong>manendum</strong></span> <span class='ocrx_word' id='word_1_104' title='bbox 517 1583 604 1640; x_wconf 87' lang='lat' dir='ltr'><strong>quam</strong></span> <span class='ocrx_word' id='word_1_105' title='bbox 625 1565 655 1621; x_wconf 93' lang='lat' dir='ltr'><strong>in</strong></span> <span class='ocrx_word' id='word_1_106' title='bbox 677 1563 835 1638; x_wconf 79' lang='lat' dir='ltr'><strong>transfugis</strong></span> <span class='ocrx_word' id='word_1_107' title='bbox 850 1562 914 1633; x_wconf 84' lang='lat' dir='ltr'><strong>fuit,</strong></span> <span class='ocrx_word' id='word_1_108' title='bbox 937 1565 1006 1638; x_wconf 89' lang='lat' dir='ltr'><strong>quia</strong></span> <span class='ocrx_word' id='word_1_109' title='bbox 1026 1585 1062 1622; x_wconf 90' lang='lat' dir='ltr'><strong>ne</strong></span> <span class='ocrx_word' id='word_1_110' title='bbox 1082 1567 1142 1623; x_wconf 88' lang='lat' dir='ltr'><strong>suis</strong></span> 
     </span>
     <span class='ocr_line' id='line_1_14' title="bbox 77 1665 1193 1744; baseline 0.007 -22"><span class='ocrx_word' id='word_1_111' title='bbox 77 1665 193 1737; x_wconf 86' lang='lat' dir='ltr'><strong>quidem</strong></span> <span class='ocrx_word' id='word_1_112' title='bbox 215 1666 286 1722; x_wconf 88' lang='lat' dir='ltr'><strong>satis</strong></span> <span class='ocrx_word' id='word_1_113' title='bbox 314 1668 462 1725; x_wconf 88' lang='lat' dir='ltr'><strong>credentes</strong></span> <span class='ocrx_word' id='word_1_114' title='bbox 492 1687 508 1724; x_wconf 90' lang='lat' dir='ltr'><strong>e</strong></span> <span class='ocrx_word' id='word_1_115' title='bbox 536 1670 632 1726; x_wconf 88' lang='lat' dir='ltr'><strong>medio</strong></span> <span class='ocrx_word' id='word_1_116' title='bbox 657 1671 814 1727; x_wconf 84' lang='lat' dir='ltr'><strong>certamine</strong></span> <span class='ocrx_word' id='word_1_117' title='bbox 837 1668 1009 1744; x_wconf 84' lang='lat' dir='ltr'><strong>effugerunt.</strong></span> <span class='ocrx_word' id='word_1_118' title='bbox 1057 1672 1193 1731; x_wconf 79' lang='lat' dir='ltr'><strong>Mar-12</strong></span> 
     </span>
     <span class='ocr_line' id='line_1_15' title="bbox 76 1770 1141 1850; baseline 0.007 -24"><span class='ocrx_word' id='word_1_119' title='bbox 76 1770 165 1828; x_wconf 86' lang='lat' dir='ltr'><strong>collus</strong></span> <span class='ocrx_word' id='word_1_120' title='bbox 198 1779 229 1826; x_wconf 91' lang='lat' dir='ltr'><strong>ut</strong></span> <span class='ocrx_word' id='word_1_121' title='bbox 257 1785 374 1846; x_wconf 87' lang='lat' dir='ltr'><strong>captam</strong></span> <span class='ocrx_word' id='word_1_122' title='bbox 403 1791 466 1830; x_wconf 89' lang='lat' dir='ltr'><strong>esse</strong></span> <span class='ocrx_word' id='word_1_123' title='bbox 496 1775 610 1832; x_wconf 88' lang='lat' dir='ltr'><strong>Nasum</strong></span> <span class='ocrx_word' id='word_1_124' title='bbox 634 1777 764 1850; x_wconf 80' lang='lat' dir='ltr'><strong>comperit</strong></span> <span class='ocrx_word' id='word_1_125' title='bbox 787 1785 815 1832; x_wconf 93' lang='lat' dir='ltr'><strong>et</strong></span> <span class='ocrx_word' id='word_1_126' title='bbox 844 1776 1022 1832; x_wconf 77' lang='lat' dir='ltr'><strong>Achradina</strong></span> <span class='ocrx_word' id='word_1_127' title='bbox 1042 1777 1141 1850; x_wconf 86' lang='lat' dir='ltr'><strong>regio·</strong></span> 
     </span>
     <span class='ocr_line' id='line_1_16' title="bbox 76 1878 1140 1954; baseline 0.004 -22"><span class='ocrx_word' id='word_1_128' title='bbox 76 1895 141 1933; x_wconf 89' lang='lat' dir='ltr'><strong>nem</strong></span> <span class='ocrx_word' id='word_1_129' title='bbox 163 1894 253 1932; x_wconf 88' lang='lat' dir='ltr'><strong>unam</strong></span> <span class='ocrx_word' id='word_1_130' title='bbox 274 1878 379 1947; x_wconf 90' lang='lat' dir='ltr'><strong>teneri,</strong></span> <span class='ocrx_word' id='word_1_131' title='bbox 407 1878 618 1954; x_wconf 85' lang='lat' dir='ltr'><strong>Moerioumque</strong></span> <span class='ocrx_word' id='word_1_132' title='bbox 638 1899 699 1938; x_wconf 80' lang='lat' dir='ltr'><strong>com</strong></span> <span class='ocrx_word' id='word_1_133' title='bbox 719 1880 854 1954; x_wconf 86' lang='lat' dir='ltr'><strong>praesidio</strong></span> <span class='ocrx_word' id='word_1_134' title='bbox 881 1880 941 1936; x_wconf 89' lang='lat' dir='ltr'><strong>suis</strong></span> <span class='ocrx_word' id='word_1_135' title='bbox 964 1881 1140 1949; x_wconf 86' lang='lat' dir='ltr'><strong>adiunctum,</strong></span> 
     </span>
     <span class='ocr_line' id='line_1_17' title="bbox 75 1982 1140 2060; baseline 0.004 -22"><span class='ocrx_word' id='word_1_136' title='bbox 75 1982 204 2056; x_wconf 86' lang='lat' dir='ltr'><strong>receptui</strong></span> <span class='ocrx_word' id='word_1_137' title='bbox 226 1982 336 2050; x_wconf 84' lang='lat' dir='ltr'><strong>cecinit,</strong></span> <span class='ocrx_word' id='word_1_138' title='bbox 358 2000 391 2038; x_wconf 81' lang='lat' dir='ltr'><strong>nc</strong></span> <span class='ocrx_word' id='word_1_139' title='bbox 412 1983 499 2058; x_wconf 74' lang='lat' dir='ltr'><strong>regia</strong></span> <span class='ocrx_word' id='word_1_140' title='bbox 521 2002 600 2059; x_wconf 86' lang='lat' dir='ltr'><strong>opes,</strong></span> <span class='ocrx_word' id='word_1_141' title='bbox 624 2003 747 2058; x_wconf 89' lang='lat' dir='ltr'><strong>quarum</strong></span> <span class='ocrx_word' id='word_1_142' title='bbox 769 1982 850 2041; x_wconf 87' lang='lat' dir='ltr'><strong>fama</strong></span> <span class='ocrx_word' id='word_1_143' title='bbox 868 1985 963 2042; x_wconf 90' lang='lat' dir='ltr'><strong>maior</strong></span> <span class='ocrx_word' id='word_1_144' title='bbox 984 2005 1071 2060; x_wconf 89' lang='lat' dir='ltr'><strong>quam</strong></span> <span class='ocrx_word' id='word_1_145' title='bbox 1093 2005 1140 2042; x_wconf 93' lang='lat' dir='ltr'><strong>res</strong></span> 
     </span>
     <span class='ocr_line' id='line_1_18' title="bbox 75 2057 371 2167; baseline 0 -21"><span class='ocrx_word' id='word_1_146' title='bbox 75 2057 371 2167; x_wconf 45' lang='lat' dir='ltr'><strong>erat,:diriperentnr.</strong></span> 
     </span>
     <span class='ocr_line' id='line_1_19' title="bbox 177 2191 1230 2267; baseline 0 -16"><span class='ocrx_word' id='word_1_147' title='bbox 177 2193 341 2267; x_wconf 88' lang='lat' dir='ltr'><strong>Suppresso</strong></span> <span class='ocrx_word' id='word_1_148' title='bbox 371 2192 482 2265; x_wconf 87' lang='lat' dir='ltr'><strong>impeto</strong></span> <span class='ocrx_word' id='word_1_149' title='bbox 513 2191 649 2260; x_wconf 88' lang='lat' dir='ltr'><strong>militum,</strong></span> <span class='ocrx_word' id='word_1_150' title='bbox 682 2201 714 2248; x_wconf 92' lang='lat' dir='ltr'><strong>ut</strong></span> <span class='ocrx_word' id='word_1_151' title='bbox 744 2192 794 2263; x_wconf 91' lang='lat' dir='ltr'><strong>iis,</strong></span> <span class='ocrx_word' id='word_1_152' title='bbox 829 2195 878 2267; x_wconf 92' lang='lat' dir='ltr'><strong>qui</strong></span> <span class='ocrx_word' id='word_1_153' title='bbox 909 2195 938 2251; x_wconf 90' lang='lat' dir='ltr'><strong>in</strong></span> <span class='ocrx_word' id='word_1_154' title='bbox 970 2196 1140 2253; x_wconf 77' lang='lat' dir='ltr'><strong>Achradina</strong></span> <span class='ocrx_word' id='word_1_155' title='bbox 1194 2195 1230 2262; x_wconf 83' lang='grc'><strong>31</strong></span> 
     </span>
    </p>

    <p class='ocr_par' dir='ltr' id='par_1_3' title="bbox 10 2295 1170 3952">
     <span class='ocr_line' id='line_1_20' title="bbox 10 2295 1170 2383; baseline 0.004 -27"><span class='ocrx_word' id='word_1_156' title='bbox 10 2362 22 2383; x_wconf 32' lang='grc' dir='ltr'>ἱ</span> <span class='ocrx_word' id='word_1_157' title='bbox 73 2308 166 2368; x_wconf 87' lang='lat' dir='ltr'><strong>erant,</strong></span> <span class='ocrx_word' id='word_1_158' title='bbox 189 2297 347 2372; x_wconf 83' lang='lat' dir='ltr'><strong>transfugis</strong></span> <span class='ocrx_word' id='word_1_159' title='bbox 368 2297 494 2370; x_wconf 88' lang='lat' dir='ltr'><strong>spatium</strong></span> <span class='ocrx_word' id='word_1_160' title='bbox 516 2296 656 2370; x_wconf 90' lang='lat' dir='ltr'><strong>locusque</strong></span> <span class='ocrx_word' id='word_1_161' title='bbox 675 2295 753 2372; x_wconf 79' lang='lat' dir='ltr'><strong>fugae</strong></span> <span class='ocrx_word' id='word_1_162' title='bbox 775 2298 860 2356; x_wconf 89' lang='lat' dir='ltr'><strong>datus</strong></span> <span class='ocrx_word' id='word_1_163' title='bbox 883 2311 940 2368; x_wconf 87' lang='lat' dir='ltr'><strong>est,</strong></span> <span class='ocrx_word' id='word_1_164' title='bbox 963 2301 1170 2376; x_wconf 84' lang='lat' dir='ltr'><strong>Syracusani2</strong></span> 
     </span>
     <span class='ocr_line' id='line_1_21' title="bbox 72 2402 1140 2478; baseline 0.001 -16"><span class='ocrx_word' id='word_1_165' title='bbox 72 2405 190 2462; x_wconf 88' lang='lat' dir='ltr'><strong>tandem</strong></span> <span class='ocrx_word' id='word_1_166' title='bbox 225 2403 308 2459; x_wconf 91' lang='lat' dir='ltr'><strong>liberi</strong></span> <span class='ocrx_word' id='word_1_167' title='bbox 336 2411 429 2473; x_wconf 88' lang='lat' dir='ltr'><strong>metu,</strong></span> <span class='ocrx_word' id='word_1_168' title='bbox 461 2402 553 2477; x_wconf 88' lang='lat' dir='ltr'><strong>portis</strong></span> <span class='ocrx_word' id='word_1_169' title='bbox 585 2403 762 2460; x_wconf 83' lang='lat' dir='ltr'><strong>Achradinae</strong></span> <span class='ocrx_word' id='word_1_170' title='bbox 790 2405 913 2478; x_wconf 89' lang='lat' dir='ltr'><strong>apertis,</strong></span> <span class='ocrx_word' id='word_1_171' title='bbox 941 2415 1072 2463; x_wconf 87' lang='lat' dir='ltr'><strong>oratores</strong></span> <span class='ocrx_word' id='word_1_172' title='bbox 1102 2408 1140 2463; x_wconf 89' lang='lat' dir='ltr'><strong>ad</strong></span> 
     </span>
     <span class='ocr_line' id='line_1_22' title="bbox 73 2508 1137 2583; baseline 0.001 -16"><span class='ocrx_word' id='word_1_173' title='bbox 73 2508 244 2568; x_wconf 86' lang='lat' dir='ltr'><strong>Marcellum</strong></span> <span class='ocrx_word' id='word_1_174' title='bbox 277 2508 409 2577; x_wconf 90' lang='lat' dir='ltr'><strong>mittunt,</strong></span> <span class='ocrx_word' id='word_1_175' title='bbox 439 2508 511 2565; x_wconf 89' lang='lat' dir='ltr'><strong>nihil</strong></span> <span class='ocrx_word' id='word_1_176' title='bbox 537 2516 668 2583; x_wconf 88' lang='lat' dir='ltr'><strong>petentes</strong></span> <span class='ocrx_word' id='word_1_177' title='bbox 696 2509 774 2565; x_wconf 87' lang='lat' dir='ltr'><strong>aliud</strong></span> <span class='ocrx_word' id='word_1_178' title='bbox 802 2528 889 2583; x_wconf 89' lang='lat' dir='ltr'><strong>quam</strong></span> <span class='ocrx_word' id='word_1_179' title='bbox 912 2511 1137 2568; x_wconf 86' lang='lat' dir='ltr'><strong>incolumitatem</strong></span> 
     </span>
     <span class='ocr_line' id='line_1_23' title="bbox 72 2612 1169 2687; baseline 0.002 -14"><span class='ocrx_word' id='word_1_180' title='bbox 72 2616 129 2674; x_wconf 85' lang='lat' dir='ltr'><strong>sibi</strong></span> <span class='ocrx_word' id='word_1_181' title='bbox 149 2614 306 2687; x_wconf 88' lang='lat' dir='ltr'><strong>liberisque</strong></span> <span class='ocrx_word' id='word_1_182' title='bbox 327 2614 395 2671; x_wconf 90' lang='lat' dir='ltr'><strong>suis.</strong></span> <span class='ocrx_word' id='word_1_183' title='bbox 444 2612 610 2682; x_wconf 85' lang='lat' dir='ltr'><strong>Marcellus,</strong></span> <span class='ocrx_word' id='word_1_184' title='bbox 632 2613 752 2670; x_wconf 92' lang='lat' dir='ltr'><strong>consilio</strong></span> <span class='ocrx_word' id='word_1_185' title='bbox 775 2614 920 2672; x_wconf 89' lang='lat' dir='ltr'><strong>advocato</strong></span> <span class='ocrx_word' id='word_1_186' title='bbox 952 2625 981 2672; x_wconf 90' lang='lat' dir='ltr'><strong>et</strong></span> <span class='ocrx_word' id='word_1_187' title='bbox 1002 2617 1169 2676; x_wconf 88' lang='lat' dir='ltr'><strong>adhibitis3</strong></span> 
     </span>
     <span class='ocr_line' id='line_1_24' title="bbox 72 2717 1138 2795; baseline -0.001 -15"><span class='ocrx_word' id='word_1_188' title='bbox 72 2723 159 2780; x_wconf 85' lang='lat' dir='ltr'><strong>etiam</strong></span> <span class='ocrx_word' id='word_1_189' title='bbox 189 2719 396 2795; x_wconf 83' lang='lat' dir='ltr'><strong>Syracusanis,</strong></span> <span class='ocrx_word' id='word_1_190' title='bbox 430 2717 480 2791; x_wconf 90' lang='lat' dir='ltr'><strong>qui</strong></span> <span class='ocrx_word' id='word_1_191' title='bbox 511 2737 565 2792; x_wconf 88' lang='lat' dir='ltr'><strong>per</strong></span> <span class='ocrx_word' id='word_1_192' title='bbox 592 2719 748 2776; x_wconf 85' lang='lat' dir='ltr'><strong>seditiones</strong></span> <span class='ocrx_word' id='word_1_193' title='bbox 773 2719 850 2793; x_wconf 89' lang='lat' dir='ltr'><strong>pulsi</strong></span> <span class='ocrx_word' id='word_1_194' title='bbox 881 2721 918 2775; x_wconf 87' lang='lat' dir='ltr'><strong>ab</strong></span> <span class='ocrx_word' id='word_1_195' title='bbox 947 2722 1034 2778; x_wconf 90' lang='lat' dir='ltr'><strong>domo</strong></span> <span class='ocrx_word' id='word_1_196' title='bbox 1061 2723 1138 2779; x_wconf 90' lang='lat' dir='ltr'><strong>intra</strong></span> 
     </span>
     <span class='ocr_line' id='line_1_25' title="bbox 71 2822 1168 2904; baseline 0.001 -20"><span class='ocrx_word' id='word_1_197' title='bbox 71 2827 209 2904; x_wconf 76' lang='lat' dir='ltr'><strong>praesidia</strong></span> <span class='ocrx_word' id='word_1_198' title='bbox 238 2829 375 2884; x_wconf 83' lang='lat' dir='ltr'><strong>Romana</strong></span> <span class='ocrx_word' id='word_1_199' title='bbox 395 2822 527 2893; x_wconf 84' lang='lat' dir='ltr'><strong>fuerant,</strong></span> <span class='ocrx_word' id='word_1_200' title='bbox 562 2824 721 2898; x_wconf 87' lang='lat' dir='ltr'><strong>respondit,</strong></span> <span class='ocrx_word' id='word_1_201' title='bbox 752 2842 811 2880; x_wconf 88' lang='lat' dir='ltr'><strong>non</strong></span> <span class='ocrx_word' id='word_1_202' title='bbox 843 2824 929 2898; x_wconf 87' lang='lat' dir='ltr'><strong>plura</strong></span> <span class='ocrx_word' id='word_1_203' title='bbox 960 2844 1013 2899; x_wconf 85' lang='lat' dir='ltr'><strong>per</strong></span> <span class='ocrx_word' id='word_1_204' title='bbox 1045 2834 1168 2886; x_wconf 75' lang='lat' dir='ltr'><strong>annosl</strong></span> 
     </span>
     <span class='ocr_line' id='line_1_26' title="bbox 72 2927 1137 3008; baseline -0.001 -19"><span class='ocrx_word' id='word_1_205' title='bbox 72 2932 283 3008; x_wconf 87' lang='lat' dir='ltr'><strong>quinquaginta</strong></span> <span class='ocrx_word' id='word_1_206' title='bbox 304 2927 457 2986; x_wconf 83' lang='lat' dir='ltr'><strong>benefacta</strong></span> <span class='ocrx_word' id='word_1_207' title='bbox 478 2928 616 2985; x_wconf 89' lang='lat' dir='ltr'><strong>Hieronis</strong></span> <span class='ocrx_word' id='word_1_208' title='bbox 639 2946 727 3002; x_wconf 90' lang='lat' dir='ltr'><strong>quam</strong></span> <span class='ocrx_word' id='word_1_209' title='bbox 751 2929 853 3004; x_wconf 87' lang='lat' dir='ltr'><strong>paucis</strong></span> <span class='ocrx_word' id='word_1_210' title='bbox 875 2929 920 2986; x_wconf 92' lang='lat' dir='ltr'><strong>his</strong></span> <span class='ocrx_word' id='word_1_211' title='bbox 942 2930 1025 2987; x_wconf 86' lang='lat' dir='ltr'><strong>annis</strong></span> <span class='ocrx_word' id='word_1_212' title='bbox 1047 2932 1137 2988; x_wconf 87' lang='lat' dir='ltr'><strong>male·</strong></span> 
     </span>
     <span class='ocr_line' id='line_1_27' title="bbox 71 3034 1137 3110; baseline -0.002 -13"><span class='ocrx_word' id='word_1_213' title='bbox 71 3040 138 3097; x_wconf 87' lang='lat' dir='ltr'><strong>ficia</strong></span> <span class='ocrx_word' id='word_1_214' title='bbox 160 3057 270 3108; x_wconf 89' lang='lat' dir='ltr'><strong>eorum,</strong></span> <span class='ocrx_word' id='word_1_215' title='bbox 293 3035 342 3109; x_wconf 91' lang='lat' dir='ltr'><strong>qui</strong></span> <span class='ocrx_word' id='word_1_216' title='bbox 364 3034 526 3108; x_wconf 87' lang='lat' dir='ltr'><strong>Syracusas</strong></span> <span class='ocrx_word' id='word_1_217' title='bbox 548 3034 701 3105; x_wconf 89' lang='lat' dir='ltr'><strong>tenuerint,</strong></span> <span class='ocrx_word' id='word_1_218' title='bbox 721 3052 792 3110; x_wconf 85' lang='lat' dir='ltr'><strong>erga</strong></span> <span class='ocrx_word' id='word_1_219' title='bbox 813 3035 953 3109; x_wconf 87' lang='lat' dir='ltr'><strong>populum</strong></span> <span class='ocrx_word' id='word_1_220' title='bbox 970 3038 1137 3096; x_wconf 86' lang='lat' dir='ltr'><strong>Romanum</strong></span> 
     </span>
     <span class='ocr_line' id='line_1_28' title="bbox 71 3139 1136 3218; baseline -0.001 -16"><span class='ocrx_word' id='word_1_221' title='bbox 71 3162 149 3216; x_wconf 87' lang='lat' dir='ltr'><strong>esse;</strong></span> <span class='ocrx_word' id='word_1_222' title='bbox 170 3144 222 3201; x_wconf 89' lang='lat' dir='ltr'><strong>sed</strong></span> <span class='ocrx_word' id='word_1_223' title='bbox 244 3142 385 3218; x_wconf 87' lang='lat' dir='ltr'><strong>pleraque</strong></span> <span class='ocrx_word' id='word_1_224' title='bbox 406 3157 517 3209; x_wconf 90' lang='lat' dir='ltr'><strong>eorum,</strong></span> <span class='ocrx_word' id='word_1_225' title='bbox 540 3157 597 3213; x_wconf 92' lang='lat' dir='ltr'><strong>quo</strong></span> <span class='ocrx_word' id='word_1_226' title='bbox 620 3139 786 3211; x_wconf 82' lang='lat' dir='ltr'><strong>debuerint,</strong></span> <span class='ocrx_word' id='word_1_227' title='bbox 807 3141 959 3213; x_wconf 87' lang='lat' dir='ltr'><strong>recidisse,</strong></span> <span class='ocrx_word' id='word_1_228' title='bbox 980 3140 1136 3202; x_wconf 88' lang='lat' dir='ltr'><strong>foederum-</strong></span> 
     </span>
     <span class='ocr_line' id='line_1_29' title="bbox 71 3244 1136 3326; baseline -0.001 -19"><span class='ocrx_word' id='word_1_229' title='bbox 71 3269 129 3324; x_wconf 89' lang='lat' dir='ltr'><strong>que</strong></span> <span class='ocrx_word' id='word_1_230' title='bbox 155 3258 307 3326; x_wconf 88' lang='lat' dir='ltr'><strong>roptorum</strong></span> <span class='ocrx_word' id='word_1_231' title='bbox 331 3246 411 3321; x_wconf 91' lang='lat' dir='ltr'><strong>ipsos</strong></span> <span class='ocrx_word' id='word_1_232' title='bbox 440 3245 477 3302; x_wconf 87' lang='lat' dir='ltr'><strong>ab</strong></span> <span class='ocrx_word' id='word_1_233' title='bbox 506 3262 539 3300; x_wconf 89' lang='lat' dir='ltr'><strong>se</strong></span> <span class='ocrx_word' id='word_1_234' title='bbox 570 3244 722 3320; x_wconf 85' lang='lat' dir='ltr'><strong>graviores</strong></span> <span class='ocrx_word' id='word_1_235' title='bbox 755 3245 856 3316; x_wconf 88' lang='lat' dir='ltr'><strong>multo,</strong></span> <span class='ocrx_word' id='word_1_236' title='bbox 890 3265 978 3322; x_wconf 89' lang='lat' dir='ltr'><strong>quam</strong></span> <span class='ocrx_word' id='word_1_237' title='bbox 1010 3249 1136 3325; x_wconf 89' lang='lat' dir='ltr'><strong>populus</strong></span> 
     </span>
     <span class='ocr_line' id='line_1_30' title="bbox 70 3349 1166 3425; baseline -0.002 -13"><span class='ocrx_word' id='word_1_238' title='bbox 70 3355 221 3412; x_wconf 87' lang='lat' dir='ltr'><strong>Romanus</strong></span> <span class='ocrx_word' id='word_1_239' title='bbox 235 3353 368 3423; x_wconf 89' lang='lat' dir='ltr'><strong>voluerit,</strong></span> <span class='ocrx_word' id='word_1_240' title='bbox 389 3367 490 3425; x_wconf 84' lang='lat' dir='ltr'><strong>poenas</strong></span> <span class='ocrx_word' id='word_1_241' title='bbox 506 3351 646 3425; x_wconf 78' lang='lat' dir='ltr'><strong>exegisse.</strong></span> <span class='ocrx_word' id='word_1_242' title='bbox 691 3349 731 3408; x_wconf 87' lang='lat' dir='ltr'><strong>Se</strong></span> <span class='ocrx_word' id='word_1_243' title='bbox 753 3351 868 3425; x_wconf 89' lang='lat' dir='ltr'><strong>quidem</strong></span> <span class='ocrx_word' id='word_1_244' title='bbox 890 3354 1006 3412; x_wconf 88' lang='lat' dir='ltr'><strong>tertium</strong></span> <span class='ocrx_word' id='word_1_245' title='bbox 1028 3357 1166 3412; x_wconf 88' lang='lat' dir='ltr'><strong>annum5</strong></span> 
     </span>
     <span class='ocr_line' id='line_1_31' title="bbox 70 3456 1135 3534; baseline 0 -18"><span class='ocrx_word' id='word_1_246' title='bbox 70 3459 280 3517; x_wconf 88' lang='lat' dir='ltr'><strong>circumsedere</strong></span> <span class='ocrx_word' id='word_1_247' title='bbox 312 3457 489 3534; x_wconf 88' lang='lat' dir='ltr'><strong>Syracusas,</strong></span> <span class='ocrx_word' id='word_1_248' title='bbox 523 3472 582 3511; x_wconf 92' lang='lat' dir='ltr'><strong>non</strong></span> <span class='ocrx_word' id='word_1_249' title='bbox 613 3464 645 3512; x_wconf 91' lang='lat' dir='ltr'><strong>ut</strong></span> <span class='ocrx_word' id='word_1_250' title='bbox 677 3456 801 3531; x_wconf 90' lang='lat' dir='ltr'><strong>populus</strong></span> <span class='ocrx_word' id='word_1_251' title='bbox 833 3459 984 3516; x_wconf 86' lang='lat' dir='ltr'><strong>Romanus</strong></span> <span class='ocrx_word' id='word_1_252' title='bbox 1020 3477 1135 3516; x_wconf 89' lang='lat' dir='ltr'><strong>servam</strong></span> 
     </span>
     <span class='ocr_line' id='line_1_32' title="bbox 69 3559 1135 3638; baseline 0.001 -17"><span class='ocrx_word' id='word_1_253' title='bbox 69 3565 216 3621; x_wconf 85' lang='lat' dir='ltr'><strong>civitatem</strong></span> <span class='ocrx_word' id='word_1_254' title='bbox 232 3564 362 3631; x_wconf 87' lang='lat' dir='ltr'><strong>haberet,</strong></span> <span class='ocrx_word' id='word_1_255' title='bbox 385 3563 437 3619; x_wconf 91' lang='lat' dir='ltr'><strong>sed</strong></span> <span class='ocrx_word' id='word_1_256' title='bbox 458 3579 495 3617; x_wconf 85' lang='lat' dir='ltr'><strong>ne</strong></span> <span class='ocrx_word' id='word_1_257' title='bbox 516 3559 733 3636; x_wconf 84' lang='lat' dir='ltr'><strong>transfugarum</strong></span> <span class='ocrx_word' id='word_1_258' title='bbox 756 3564 1026 3638; x_wconf 71' lang='lat' dir='ltr'><strong>alicniqenorumque</strong></span> <span class='ocrx_word' id='word_1_259' title='bbox 1047 3566 1135 3623; x_wconf 88' lang='lat' dir='ltr'><strong>duces</strong></span> 
     </span>
     <span class='ocr_line' id='line_1_33' title="bbox 70 3666 1166 3744; baseline 0 -18"><span class='ocrx_word' id='word_1_260' title='bbox 70 3677 186 3744; x_wconf 84' lang='lat' dir='ltr'><strong>captam</strong></span> <span class='ocrx_word' id='word_1_261' title='bbox 218 3677 247 3725; x_wconf 89' lang='lat' dir='ltr'><strong>et</strong></span> <span class='ocrx_word' id='word_1_262' title='bbox 277 3685 447 3744; x_wconf 89' lang='lat' dir='ltr'><strong>oppressam</strong></span> <span class='ocrx_word' id='word_1_263' title='bbox 480 3674 620 3726; x_wconf 88' lang='lat' dir='ltr'><strong>tenerent.</strong></span> <span class='ocrx_word' id='word_1_264' title='bbox 675 3667 752 3740; x_wconf 80' lang='lat' dir='ltr'><strong>Quid</strong></span> <span class='ocrx_word' id='word_1_265' title='bbox 784 3666 932 3742; x_wconf 87' lang='lat' dir='ltr'><strong>potuerint</strong></span> <span class='ocrx_word' id='word_1_266' title='bbox 957 3667 1166 3742; x_wconf 84' lang='lat' dir='ltr'><strong>Syracusanid</strong></span> 
     </span>
     <span class='ocr_line' id='line_1_34' title="bbox 68 3770 1134 3848; baseline -0.002 -17"><span class='ocrx_word' id='word_1_267' title='bbox 68 3773 181 3845; x_wconf 86' lang='lat' dir='ltr'><strong>facere,</strong></span> <span class='ocrx_word' id='word_1_268' title='bbox 203 3771 337 3846; x_wconf 89' lang='lat' dir='ltr'><strong>exemplo</strong></span> <span class='ocrx_word' id='word_1_269' title='bbox 359 3770 407 3827; x_wconf 88' lang='lat' dir='ltr'><strong>vel</strong></span> <span class='ocrx_word' id='word_1_270' title='bbox 428 3788 478 3827; x_wconf 93' lang='lat' dir='ltr'><strong>eos</strong></span> <span class='ocrx_word' id='word_1_271' title='bbox 510 3789 574 3829; x_wconf 84' lang='lat' dir='ltr'><strong>esse</strong></span> <span class='ocrx_word' id='word_1_272' title='bbox 596 3772 862 3848; x_wconf 85' lang='lat' dir='ltr'><strong>Syracusanorum,</strong></span> <span class='ocrx_word' id='word_1_273' title='bbox 893 3770 942 3844; x_wconf 91' lang='lat' dir='ltr'><strong>qui</strong></span> <span class='ocrx_word' id='word_1_274' title='bbox 963 3771 1039 3828; x_wconf 88' lang='lat' dir='ltr'><strong>intra</strong></span> <span class='ocrx_word' id='word_1_275' title='bbox 1060 3791 1134 3847; x_wconf 84' lang='lat' dir='ltr'><strong>prse-</strong></span> 
     </span>
     <span class='ocr_line' id='line_1_35' title="bbox 68 3876 1135 3952; baseline 0 -17"><span class='ocrx_word' id='word_1_276' title='bbox 68 3879 144 3937; x_wconf 83' lang='lat' dir='ltr'><strong>sidia</strong></span> <span class='ocrx_word' id='word_1_277' title='bbox 170 3880 307 3937; x_wconf 88' lang='lat' dir='ltr'><strong>Romana</strong></span> <span class='ocrx_word' id='word_1_278' title='bbox 331 3876 453 3946; x_wconf 88' lang='lat' dir='ltr'><strong>fuerint,</strong></span> <span class='ocrx_word' id='word_1_279' title='bbox 480 3877 528 3934; x_wconf 83' lang='lat' dir='ltr'><strong>vel</strong></span> <span class='ocrx_word' id='word_1_280' title='bbox 557 3878 722 3952; x_wconf 86' lang='lat' dir='ltr'><strong>Hispanum</strong></span> <span class='ocrx_word' id='word_1_281' title='bbox 754 3877 855 3933; x_wconf 85' lang='lat' dir='ltr'><strong>ducem</strong></span> <span class='ocrx_word' id='word_1_282' title='bbox 885 3877 1052 3948; x_wconf 87' lang='lat' dir='ltr'><strong>Moericum,</strong></span> <span class='ocrx_word' id='word_1_283' title='bbox 1086 3880 1135 3952; x_wconf 87' lang='lat' dir='ltr'><strong>qui</strong></span> 
     </span>
    </p>
   </div>
   <div class='ocr_carea' id='block_1_3' title="bbox 67 3982 1135 4135">
    <p class='ocr_par' dir='ltr' id='par_1_4' title="bbox 67 3982 1135 4135">
     <span class='ocr_line' id='line_1_36' title="bbox 67 3982 1135 4059; baseline -0.001 -18"><span class='ocrx_word' id='word_1_284' title='bbox 67 3983 234 4059; x_wconf 67' lang='lat' dir='ltr'><strong>presidium</strong></span> <span class='ocrx_word' id='word_1_285' title='bbox 265 3982 434 4052; x_wconf 83' lang='lat' dir='ltr'><strong>tradiderit,</strong></span> <span class='ocrx_word' id='word_1_286' title='bbox 462 3982 510 4038; x_wconf 87' lang='lat' dir='ltr'><strong>vel</strong></span> <span class='ocrx_word' id='word_1_287' title='bbox 539 3983 669 4058; x_wconf 90' lang='lat' dir='ltr'><strong>ipsorum</strong></span> <span class='ocrx_word' id='word_1_288' title='bbox 702 3982 953 4058; x_wconf 86' lang='lat' dir='ltr'><strong>Syracusanorum</strong></span> <span class='ocrx_word' id='word_1_289' title='bbox 986 3992 1135 4057; x_wconf 90' lang='lat' dir='ltr'><strong>postremo</strong></span> 
     </span>
     <span class='ocr_line' id='line_1_37' title="bbox 887 4082 934 4135; baseline 0 0"><span class='ocrx_word' id='word_1_290' title='bbox 887 4082 934 4135; x_wconf 75' lang='lat'><strong>17*</strong></span> 
     </span>
    </p>
   </div>
   <div class='ocr_carea' id='block_1_4' title="bbox 0 0 1354 4426">
    <p class='ocr_par' dir='ltr' id='par_1_5' title="bbox 0 0 1354 4426">
     <span class='ocr_line' id='line_1_38' title="bbox 0 0 1354 4426; baseline 0 3"><span class='ocrx_word' id='word_1_291' title='bbox 0 0 1354 4426; x_wconf 95' lang='lat' dir='ltr'><strong> </strong></span> 
     </span>
    </p>
   </div>
  </div>
 </body>
</html>
