2748 4556
343 243 401 300 188
602 237 682 288 Liber
697 237 801 292 xm.
838 238 964 302 (aaa.
979 237 1055 301 ses.)

250 425 286 480 16
299 424 368 482 tidie
393 423 506 480 levibus
537 423 712 483 certabatur.
760 421 797 494 Q.
830 420 991 480 Pleminius
1022 423 1174 490 Romano,
1210 419 1342 476 Hamilcar

299 529 411 589 Punico
433 527 568 605 praesidio
588 536 729 602 praeerat3
751 537 929 584 arcessentes
951 545 989 583 ex
1010 525 1182 602 propinquis
1203 525 1273 580 locis
1290 525 1341 580 snb-

251 636 285 689 tt
299 634 374 691 sidia
395 633 495 708 copias
521 633 677 708 angebant.
724 632 794 706 Ipsa
814 640 963 706 postremo
978 632 1115 688 veniebat
1129 630 1286 700 Hannian
1304 648 1343 685 nec

299 739 500 796 sustinuissent
527 737 669 808 Romani,
698 737 754 793 nisi
773 736 962 793 Locrensium
992 735 1161 805 multitudo,
1189 736 1343 791 exacerbata

299 843 435 918 superbia
459 854 548 916 atque
570 842 695 900 eventia
715 842 885 912 Poenorum,
907 843 946 898 ad
967 843 1118 899 Romanos
1139 839 1310 896 inclinasset

225 941 245 1007 7
384 947 513 1022 Scipioni
543 957 574 1002 ut
605 945 767 1003 nannetum
791 956 852 1017 est,
888 947 919 1002 in
941 946 1053 1003 maiore
1075 945 1244 1002 discrimine
1264 945 1345 1000 Locris

269 1051 359 1112 irem
397 1053 472 1110 verti
506 1053 660 1126 ipsumque
695 1050 891 1108 Hannibalem
933 1051 1110 1120 adventare,
1153 1069 1191 1106 ne
1233 1049 1344 1123 prasidio

299 1159 386 1215 etiam
402 1157 621 1233 periclitaretur,
640 1157 720 1214 baud
734 1155 813 1213 facili
832 1157 900 1212 inde
913 1165 1040 1229 receptu,
1062 1165 1091 1210 et
1106 1155 1171 1228 ipse
1185 1173 1206 1210 a
1222 1156 1343 1212 Messana

299 1264 335 1323 L.
358 1262 493 1337 Scipione
514 1261 605 1319 fratre
625 1262 654 1318 in
676 1261 811 1338 praesidio
832 1261 874 1320 ibi
895 1261 1011 1331 relicto,
1034 1278 1122 1334 quum
1145 1260 1275 1334 primum
1294 1271 1343 1314 aaa

270 1365 404 1426 diretum
434 1367 602 1425 inclinatum
621 1375 683 1436 est,
715 1384 805 1424 naves
830 1367 903 1424 mari
918 1367 1045 1422 secundo
1069 1367 1158 1423 misit.
1207 1363 1344 1421 Hannibal

301 1493 319 1528 a
340 1473 448 1530 Buloto
476 1471 555 1528 amni
581 1471 672 1542 (haud
694 1471 797 1545 procul
817 1473 842 1528 is
864 1471 902 1528 ab
924 1473 996 1528 urbe
1019 1471 1122 1527 Locris
1144 1469 1244 1543 abest)
1268 1468 1344 1524 nnntio

301 1577 460 1653 praemisso,
482 1586 514 1633 ut
535 1576 579 1632 sui
600 1576 665 1632 lnce
687 1576 781 1650 prima
801 1595 916 1634 summa
936 1576 967 1632 vi
987 1576 1120 1650 proelium
1136 1573 1345 1632 cum-Romanis

301 1700 335 1740 ac
351 1683 544 1738 Locrensibus
566 1691 759 1751 consererent,
781 1682 850 1738 dum
871 1683 944 1757 ipse,
966 1681 1077 1738 aversis
1098 1680 1237 1738 omnibns
1257 1679 1286 1735 in
1300 1697 1344 1734 eun

270 1786 471 1857 ltumultum,
498 1787 535 1843 ab
564 1795 645 1860 tergo
673 1787 772 1880 urbem
799 1787 946 1844 incautam
976 1785 1204 1861 aggrederetur,
1233 1784 1284 1840 nbi
1301 1783 1345 1837 lna

300 1901 424 1966 creptam
451 1891 561 1947 invenit
592 1907 738 1965 pugnam,
774 1893 837 1966 ipse
875 1911 928 1949 nec
963 1892 992 1947 in
1024 1909 1121 1948 arcem
1151 1907 1183 1946 se
1211 1889 1343 1945 includere

299 1998 386 2054 turba
406 1996 503 2053 locum
526 2005 620 2052 artum
648 1996 852 2070 impediturus,
874 1997 981 2066 voluit,
1010 2015 1106 2070 neque
1128 1995 1242 2064 scalas,
1265 1993 1343 2066 quibu

271 2100 453 2159 inscenderet
480 2118 592 2169 muros,
624 2099 770 2160 attulerat.
826 2100 953 2158 Sar-cinis
988 2102 1018 2157 in
1053 2119 1190 2158 acervum
1222 2097 1341 2156 coniecta

301 2225 389 2282 quum
419 2207 499 2262 baud
531 2205 633 2280 procul
659 2205 748 2262 muris
776 2206 813 2261 ad
842 2215 981 2262 terrorem
1003 2207 1130 2263 hostium
1154 2204 1248 2262 aciem
1271 2213 1342 2259 osten·

301 2311 404 2379 disset,
436 2329 501 2366 cum
539 2311 683 2384 equitibus
713 2307 849 2365 Numidis
884 2308 1106 2384 circumequitat
1134 2311 1256 2380 urbem,
1296 2308 1340 2362 dun

300 2415 395 2485 scalae,
418 2433 540 2488 quaeque
561 2415 620 2470 alia
642 2415 680 2470 ad
701 2413 928 2488 oppugnandum
950 2433 1024 2489 opus
1039 2425 1132 2486 erant,
1154 2411 1340 2489 parantur,al

270 2514 470 2590 6visendum,
504 2539 562 2594 qua
585 2519 712 2576 maxime
738 2527 825 2593 parte
854 2519 1068 2593 aggrederetur.
1117 2522 1296 2595 Progressus
1318 2517 1339 2571 ni

301 2643 429 2694 murum,
465 2625 618 2699 scorpione
649 2625 724 2692 icto,
760 2623 810 2697 qni
842 2625 992 2698 proximus
1025 2644 1092 2682 enm
1130 2623 1206 2682 forte
1238 2635 1338 2682 steterat

300 2729 415 2785 territus
447 2729 514 2786 inde
541 2739 600 2785 tarn
632 2728 794 2803 periculoso
824 2749 900 2786 casu.
914 2730 1042 2804 receptui
1065 2749 1172 2788 canera
1193 2749 1282 2803 quum
1299 2728 1337 2782 in*

270 2834 393 2904 lasset,
414 2845 511 2890 castra
532 2833 635 2907 procul
658 2833 695 2889 ab
717 2833 775 2890 ictu
798 2834 847 2891 teli
869 2836 1035 2896 communit.
1096 2833 1207 2892 Classis
1231 2836 1336 2891 Romans

300 2957 318 2994 a
349 2939 488 2994 Messana
524 2938 635 2994 Locros
675 2937 786 3011 aliquot
822 2939 902 2995 boris
943 2939 990 2996 die
1026 2949 1183 3013 superante
1224 2937 1335 2994 accessit:

301 3041 425 3116 expositi
447 3060 547 3099 omnes
571 3062 587 3098 e
608 3041 731 3098 navibus
750 3053 779 3098 et
799 3052 866 3099 ante
881 3061 1017 3099 occasum
1033 3043 1103 3098 solis
1122 3045 1224 3100 nrbem
1243 3039 1335 3117 ingresi

270 3145 374 3201 dsunt.
422 3147 546 3203 Postero
570 3146 616 3202 dia
637 3155 733 3220 coepta
755 3166 792 3202 ex
817 3166 883 3204 arce
906 3167 924 3203 a
944 3148 1045 3224 Poenis
1068 3165 1177 3222 pugna,
1200 3159 1230 3205 et
1252 3145 1334 3204 Hand·

300 3249 363 3320 bel,
399 3249 457 3306 iam
486 3251 571 3308 scalis
598 3251 720 3324 'aliisque
752 3252 886 3309 omnibus
914 3252 952 3308 ed
973 3252 1220 3326 oppugnationem
1244 3249 1333 3327 parat'n

299 3355 416 3412 subibat
437 3373 549 3424 muros,
587 3373 675 3429 quum
698 3364 816 3429 repente
845 3357 875 3412 in
897 3375 962 3413 eum
984 3357 1055 3412 nihil
1078 3357 1172 3413 minus
1195 3376 1280 3431 qnam
1298 3355 1332 3410 tale

268 3459 455 3533 9quicquam
484 3459 631 3515 timentem
662 3457 811 3533 patefacte
837 3473 924 3535 porta
953 3471 1108 3534 erumpunt
1128 3464 1263 3520 Romani.
1302 3459 1330 3516 Al

300 3564 458 3633 ducentos,
495 3563 675 3637 improvidos
708 3582 796 3638 quum
829 3564 1022 3636 invasissent,
1059 3567 1211 3634 occidunt3
1251 3575 1329 3622 cetera

299 3666 464 3737 Hannibal,
492 3675 523 3722 ut
544 3667 689 3724 consulem
713 3670 816 3726 adesse
836 3671 943 3741 sensit,
970 3670 1001 3726 in
1022 3681 1120 3727 castra
1142 3669 1260 3745 recipit,
1284 3683 1328 3723 nnn·

299 3771 398 3846 tioque
420 3772 510 3828 misso
533 3774 570 3829 ad
593 3791 660 3844 eos,
689 3773 789 3848 quiin
811 3792 879 3831 arce
900 3785 999 3846 erant,
1028 3786 1060 3831 ut
1080 3775 1196 3832 sibimet
1216 3773 1270 3849 ipsi
1286 3787 1327 3828 ron·

249 3876 284 3928 10
298 3876 432 3945 solerent,
455 3889 539 3935 nocte
559 3879 644 3934 motis
667 3879 769 3935 castris
791 3879 871 3936 abiit.
922 3879 962 3936 Et
983 3880 1033 3954 qui
1054 3879 1084 3936 in
1105 3897 1174 3936 arce
1189 3890 1276 3948 erant,
1292 3877 1325 3947 ign

297 3979 401 4035 iniecto
420 3981 512 4051 tectis,
535 3999 598 4055 quaa
619 3985 772 4051 tenebant,
794 3991 826 4040 ut
846 3983 871 4040 is
893 3984 1032 4041 tumultus
1053 3985 1169 4042 hostem
1191 3995 1324 4042 morareturv
