2700 4426
428 227 507 283 muer
524 225 623 278 mv.
660 224 769 322 (auu
785 226 857 292 ars.)
881 240 886 249 =
1069 229 1129 287 209

107 421 168 469 tum
199 428 263 487 esse
289 411 385 468 dicere
419 412 456 468 ab
485 411 660 487 imperatore
685 430 754 481 sno,
787 409 941 484 clavesque
963 416 1113 484 portarum
1143 417 1172 466 et

107 515 270 572 custodiam
286 516 360 572 arcis
382 517 419 574 ab
442 535 477 573 eo
500 515 655 591 accepisse,
677 535 741 590 quae
762 533 815 572 nec
830 533 884 572 suo
905 533 958 571 nec
972 512 1169 570 Hennensium

108 619 231 678 arbitrio
244 621 375 689 haberet,
397 621 448 678 sed
470 621 541 690 eius,
557 621 613 695 vqui
632 621 832 679 commisisset.
876 617 1017 676 Prmsidio
1034 618 1201 679 decedere9

108 724 187 800 apud
210 727 361 783 Romanos
382 724 490 800 capital
511 739 600 795 esse,
620 735 648 782 et
669 744 739 783 nece
762 726 918 783 liberorum
944 723 1029 780 etiam
1054 741 1172 781 snorum

107 847 174 887 eam
205 831 315 886 nuciam
342 840 477 906 parentes
508 830 650 890 sanxisse.
706 830 862 888 Consulem
892 828 1060 886 Marcellum
1093 829 1171 885 haud

106 934 211 1011 procul
233 953 312 1003 esse3
334 934 370 992 ad
394 953 459 992 eum
482 915 627 991 mitterent
646 935 769 1009 legatos,
790 935 871 992 cuius
892 933 962 990 iuris
983 942 1071 1008 atque
1095 933 1172 989 arbi·

107 1040 157 1097 trii
178 1049 264 1100 esset.
313 1026 440 1098 Severo
462 1057 571 1114 negare
594 1039 636 1096 illi
657 1041 805 1111 missuros,
828 1040 1001 1114 testarique,
1029 1038 1054 1095 si
1076 1038 1172 1095 verbis
1188 1040 1223 1094 10

106 1144 180 1201 nihil
210 1151 343 1218 agerent,
379 1144 535 1202 vindictam
567 1144 695 1218 aliquam
728 1145 869 1202 libertatis
900 1163 959 1202 suae
992 1144 1172 1218 quaesituros.

106 1249 187 1307 Tum
208 1248 360 1306 Pinarius:
391 1258 422 1305 at
449 1249 505 1316 illi,
540 1248 565 1305 si
598 1249 635 1305 ad
658 1249 803 1325 consulem
831 1259 1023 1324 gravarentur
1050 1249 1172 1318 mittere,
1190 1251 1221 1304 ll

106 1353 165 1410 sibi
190 1353 292 1411 saltem
315 1355 418 1410 darent
439 1354 538 1429 populi
560 1354 721 1422 concilium,
744 1363 775 1410 ut
796 1353 925 1424 sciretur,
947 1364 1042 1411 utrum
1064 1373 1172 1430 panco-

105 1479 172 1517 rum
198 1478 234 1516 ea
255 1459 433 1516 denuntiatio
458 1476 496 1515 an
522 1459 663 1516 universa
691 1459 815 1516 civitatis
839 1467 923 1518 esset.
970 1459 1120 1516 Consensa
1144 1460 1173 1515 in

105 1575 258 1640 posterum
279 1565 355 1622 diem
378 1564 483 1621 contio.

194 1671 358 1744 Postquam
382 1670 419 1726 ab
450 1687 484 1725 eo
508 1667 653 1742 colloquio
680 1669 710 1724 in
742 1689 836 1726 arcem
861 1687 925 1727 sese
954 1668 1076 1743 recepit,
1103 1687 1174 1725 con·
1218 1661 1266 1729 38

106 1775 223 1832 vocatis
238 1775 307 1845 suis,
333 1773 447 1843 „Credo
463 1791 517 1848 ege
540 1791 593 1829 vos
608 1773 732 1843 audisse,
752 1775 874 1831 milites“
890 1773 992 1848 inquit,
1015 1774 1175 1847 „quemad-

108 1880 228 1936 modum
250 1879 385 1955 praesidia
407 1881 542 1937 Romana
570 1879 608 1935 ab
631 1879 736 1938 Siculis
767 1880 963 1936 circumventa
984 1888 1013 1935 et
1033 1897 1175 1954 oppressa

108 1983 168 2041 sint
188 2003 241 2059 per·
262 1985 316 2041 hos
338 1984 408 2040 dies.
452 1984 526 2041 Eam
550 2002 603 2039 vos
624 1983 755 2040 fraudem
772 1985 857 2040 deum
872 1983 966 2058 primo
988 1981 1204 2057 benignitate,2
1289 2016 1292 2027 ι

109 2088 178 2145 dein
200 2096 298 2146 vestra
322 2076 386 2163 ipsi*
401 2088 520 2157 virtute,
543 2088 603 2144 dies
626 2097 782 2162 noctesque
808 2088 965 2164 perstando
992 2106 1027 2144 sc
1048 2087 1174 2163 pervigi-

108 2193 199 2251 lando
219 2194 249 2250 in
264 2189 362 2264 armis,
383 2193 508 2253 vitastis.
553 2193 669 2252 Utinam
685 2194 826 2269 reliquum
842 2203 955 2270 tempus
970 2192 1023 2250 nec'
1038 2193 1175 2269 patiendo

109 2296 232 2356 infanda
253 2317 306 2355 nec
327 2297 462 2355 faciendo
489 2299 600 2355 traduci
622 2309 729 2373 posset.
754 2297 756 2304 ’
777 2298 849 2356 Haec
871 2298 984 2355 occulta
1010 2298 1040 2355 in
1071 2297 1204 2355 caudes
1249 2368 1250 2372 ἵ

111 2402 208 2460 cautio
231 2411 283 2473 est,
308 2420 367 2476 qua
388 2402 434 2458 usi
455 2402 548 2458 adhuc
578 2420 693 2472 sumus;
718 2404 763 2460 cui
790 2404 926 2478 quoniam
949 2423 1052 2479 pamm
1077 2422 1174 2461 succe-

112 2507 171 2576 dit,
204 2515 304 2582 aperte
334 2525 369 2563 ac
402 2505 554 2581 propalam
586 2507 682 2564 claves
714 2516 863 2582 portarum
895 2518 1065 2584 reposcunt;
1101 2527 1174 2582 quas

111 2611 197 2671 simul
228 2611 447 2680 tradiderimus,
480 2611 761 2686 Carthaginiensium
795 2614 941 2688 extemplo
974 2615 1081 2670 Henna
1112 2613 1175 2682 erit,
1249 2596 1254 2601 ἡ

110 2716 275 2791 foediusque
296 2717 343 2772 hic
365 2716 582 2786 trucidabimur,
605 2735 693 2790 quam
707 2717 882 2792 Murgantiae
901 2718 1066 2791 praesidinm
1087 2718 1174 2773 inter-
1254 2782 1261 2786 ,

110 2821 219 2879 fectum
252 2831 305 2878 est.
358 2821 483 2878 Noctem
518 2840 604 2878 unam
627 2841 705 2897 segre
737 2824 776 2878 ad
802 2822 1022 2879 consultandum
1056 2821 1205 2897 sumpsit

112 2944 173 3000 qna
193 2944 246 2983 vos
271 2926 407 2982 certiores
434 2926 555 3002 periculi
578 2926 712 2983 instantis
741 2927 876 2985 facerem.
921 2928 995 2987 Orta
1021 2927 1085 2983 luce
1107 2945 1174 2982 eon-

113 3030 221 3088 tionem
236 3030 363 3088 habituri
377 3043 444 3089 sunt
459 3033 497 3090 ad
511 3032 721 3090 criminandum
736 3052 783 3089 me
804 3033 1063 3106 concitandumque
1077 3032 1107 3087 in
1122 3050 1175 3088 vos

112 3135 261 3210 populum.
313 3137 418 3210 Itaque
446 3137 571 3192 crastino
604 3137 651 3193 die
679 3148 730 3194 aut
761 3148 858 3196 vestro
896 3148 947 3196 aut
977 3138 1206 3197 Hennensium5

112 3240 255 3314 sanguine
283 3241 390 3298 Henna
419 3240 615 3299 inundabitur.
667 3243 731 3300 Nec
760 3243 954 3318 praeoccupati
984 3263 1063 3318 spem
1087 3242 1175 3299 ullam

112 3363 166 3420 nec
189 3353 365 3421 occupantes
388 3346 508 3421 periculi
530 3347 684 3422 quicquam
712 3347 871 3416 babebitis3
901 3348 950 3422 qui
968 3348 1049 3423 prior
1070 3347 1176 3404 striux-
1207 3337 1209 3341 ’

113 3451 169 3508 erit
189 3449 307 3516 farrum,
330 3450 390 3507 eius
412 3451 534 3508 victoria
557 3452 619 3509 erit.
668 3452 775 3510 Intenti
797 3470 867 3526 ergo
896 3471 996 3511 omnes
1015 3452 1207 3525 armatiqueti

112 3554 229 3630 signum
251 3555 466 3630 exspectabitis.
515 3557 580 3631 Ego
604 3556 634 3612 in
656 3558 790 3614 contione
812 3577 861 3614 ero
885 3567 914 3614 et
936 3569 1058 3634 tempus,
1081 3556 1177 3632 quoad

113 3660 214 3716 omnia
234 3660 375 3716 instructa
396 3661 467 3729 sint,
488 3660 635 3735 loquendo
657 3661 883 3736 altercandoque
903 3663 1026 3720 traham.
1082 3663 1207 3734 Quum?

104 3774 187 3839 toga
207 3764 321 3840 signnm
343 3765 466 3835 dedero,
497 3774 556 3822 tum
581 3766 650 3822 mihi
679 3767 806 3840 undique
835 3768 962 3824 clamore
983 3767 1098 3823 sublato
1118 3775 1177 3822 tur·

114 3871 183 3927 bam
210 3869 341 3958 invadite
358 3887 403 3926 ac
427 3869 546 3926 sternite
574 3872 672 3929 omnia
698 3871 790 3943 ferr03
820 3882 848 3928 et
875 3882 990 3940 cavete,
1024 3871 1177 3945 quisquam

115 3974 257 4049 supersit,
286 3974 366 4031 cuius
388 3985 439 4032 aut
460 3974 505 4031 vis
531 3986 581 4032 aut
608 3975 689 4034 fraus
716 3977 809 4034 timeri
838 3977 938 4052 possit.
981 3970 1045 4032 Vos
1052 4018 1059 4045 ,
1089 3974 1208 4032 CeresS

142 4088 207 4125 tirius
224 4097 299 4125 errae.
313 4085 410 4134 utlaga.
437 4087 463 4124 lll
950 4085 980 4127 14
