2704 4552
257 215 263 224 ’
354 259 772 325 aroerxx11.(s.caru.)
886 329 891 346 .
1011 265 1047 320 et

8 443 72 502 velli
94 445 241 520 nequire.
291 444 456 504 Conversus
479 445 517 501 ad
542 445 672 504 nuntium
697 445 794 515 „Num
819 445 930 503 litteras
955 427 1090 520 quoqnet‘
1111 447 1145 503 13

6 549 101 622 inquit
134 552 204 620 „ab
227 557 330 607 senatu
361 547 463 620 affers,
494 569 559 624 quae
586 569 632 608 me
660 569 722 607 rem
749 568 852 625 gerere
875 549 991 608 vetent?
1023 551 1093 621 Aoi,

5 653 120 724 nuntia,
146 653 300 712 effodiant
319 656 443 730 signum,
464 654 490 711 si
513 655 552 710 ad
566 656 786 714 convellendum
807 673 911 714 manns
932 675 993 732 prae
1013 667 1092 713 metu

4 760 266 834 obtorpuerunt“
316 761 455 818 Incedere
479 759 546 816 inde
568 777 673 834 agmen
695 761 796 836 erepit,
825 759 1016 836 prirnoribus,
1044 779 1091 817 sn·
1110 765 1143 818 14

4 882 160 938 perquam
190 864 273 938 qnod
295 864 491 922 dissenserant
513 865 552 922 ab
582 865 713 936 consilio,
741 866 848 924 territis
874 867 961 924 etiam
983 866 1092 942 duplici

4 968 169 1042 prodigio,
205 969 297 1026 milite
327 969 357 1026 in
390 970 494 1045 vulgus
526 972 592 1028 laeto
613 970 724 1029 ieroeia
756 971 851 1041 dueis,
888 989 977 1047 quum
1009 990 1090 1048 spem

6 1073 103 1147 magis
129 1073 237 1148 ipsam
260 1092 348 1148 qnam
370 1092 490 1133 oausam
511 1075 574 1151 spei
594 1077 761 1134 intueretur.

91 1177 275 1250 Hannibal,
310 1179 388 1254 quod
420 1181 485 1256 agri
514 1189 558 1238 est
585 1181 661 1240 iuter
693 1178 853 1238 Cortonam
884 1182 984 1238 urbem
1014 1183 1092 1240 Tra·
1166 1178 1188 1246 4

7 1296 254 1356 sumennumque
275 1284 387 1356 laeum,
414 1284 494 1342 omni
521 1285 604 1344 clade
632 1285 700 1343 belli
727 1295 894 1361 pervastat,
917 1305 975 1360 quo
997 1287 1091 1358 magis

7 1382 81 1441 iram
108 1387 200 1444 hosti
230 1389 270 1446 sd
300 1389 489 1448 vindicandas
518 1389 663 1448 sociorum
690 1391 810 1448 iniurias
841 1400 940 1460 aenat3
973 1400 1003 1449 et
1030 1391 1122 1453 iamt

10 1502 217 1564 pervenerant
248 1494 287 1549 ed
319 1493 385 1552 loca
411 1503 482 1552 nata
502 1495 629 1565 insidiis,
656 1497 708 1554 nbi
735 1497 860 1554 maxime
882 1505 994 1554 montes
1017 1495 1089 1554 Cor-

11 1601 152 1654 tonenses
177 1599 400 1656 Trasumennus
421 1600 506 1660 subit.
549 1601 609 1659 Via
631 1610 743 1660 tantum
764 1603 883 1660 interest
903 1612 1090 1677 perangusta,

13 1699 91 1756 velut
121 1701 164 1758 ad
196 1703 231 1759 id
255 1703 351 1778 ipsum
372 1704 409 1762 de
435 1705 579 1764 industria
605 1707 706 1764 relicto
733 1708 842 1782 speti03
869 1707 972 1766 deinde
999 1707 1088 1782 paulo

14 1801 99 1860 latior
127 1809 261 1880 patescit
281 1827 416 1884 eampus3
449 1810 516 1868 inde
543 1811 632 1869 eolles
658 1810 819 1886 insurgunt.
866 1813 914 1869 Ibi
936 1820 1033 1870 eastre
1059 1812 1119 1868 ind

16 1919 116 1982 aperto
148 1911 248 1983 locat,
277 1913 327 1972 ubi
352 1915 416 1990 ipse
442 1933 508 1972 eum
540 1916 622 1974 Afris
650 1917 738 1974 modo
767 1916 966 1992 Hispanisque
995 1915 1089 1972 eonsi-

20 2012 109 2084 deret3
148 2017 288 2074 Baliares
320 2027 506 2094 ceteramque
537 2020 632 2078 levem
666 2032 845 2079 armaturam
876 2028 944 2095 post
976 2027 1088 2076 montes

20 2115 226 2192 circumducit;
247 2122 359 2196 equites
381 2123 419 2180 ad
440 2117 525 2200 ipsas
543 2124 644 2185 fauces
667 2127 773 2197 salt-us,
802 2125 919 2184 tumulis
948 2135 1015 2200 apte
1047 2135 1089 2182 te-

24 2225 166 2298 gentibus,
198 2227 291 2296 looat‚
319 2237 360 2300 ut,
390 2229 438 2286 ubi
460 2230 616 2289 intrassent
637 2233 779 2300 Romani,
812 2231 925 2290 obiecto
959 2230 1088 2305 equitatu

24 2326 119 2386 clausa
142 2331 245 2389 omnia
265 2329 336 2392 lacu
354 2351 389 2392 ee
410 2335 556 2394 montibus
579 2345 682 2394 essent.

104 2435 270 2496 Flaminius
293 2456 381 2512 quum
405 2440 498 2515 pridie
519 2443 589 2500 solis
611 2459 716 2502 oooasu
732 2442 770 2499 ad
791 2443 886 2501 laeum
902 2440 1121 2517 pervenissent

26 2534 208 2614 inexplorato
238 2551 358 2616 postero
393 2544 439 2602 die
475 2547 595 2606 vixdum
634 2549 704 2606 satis
741 2555 821 2604 certa
851 2547 916 2606 luoe
950 2546 1089 2620 angustiis

30 2646 184 2718 superatis,
219 2657 376 2722 postquam
408 2649 438 2706 in
471 2655 663 2728 patentiorem
696 2671 830 2727 eampum
865 2653 954 2727 pandi
986 2670 1090 2727 agmen

31 2748 119 2821 toepit,
142 2752 174 2808 id
196 2761 308 2810 tantum
332 2754 472 2830 hostium,
501 2761 580 2835 quod
609 2780 647 2817 ex
670 2759 794 2815 adverso
819 2766 896 2828 erat,
926 2759 1090 2832 conspexit3

33 2850 65 2906 ab
89 2862 170 2932 tergo
194 2875 228 2914 ae
252 2877 341 2935 super
367 2867 482 2938 eaput†
511 2863 639 2939 decepta
658 2863 779 2920 insidia.
829 2863 939 2919 Poenus
967 2861 1032 2929 ubi,
1061 2859 1090 2916 id
1105 2867 1135 2940 5ι

36 2957 105 3025 quod
124 2962 258 3036 petierat,
280 2965 410 3024 clausum
434 2966 501 3024 laen
523 2986 558 3026 ac
580 2969 726 3026 montibus
748 2975 777 3024 et
798 2964 1002 3024 circumfusum
1032 2967 1091 3022 suis

36 3062 116 3134 copiis
141 3068 246 3124 habuit
274 3072 404 3143 hostem,
431 3072 545 3147 signum
574 3074 707 3132 omnibus
735 3072 786 3128 dat
815 3071 901 3128 simul
927 3072 1091 3130 invadendi.

38 3161 87 3234 Qui
107 3171 164 3240 ubi,
188 3191 248 3246 qua
269 3176 374 3250 ouique
395 3178 561 3252 proximum
585 3178 650 3249 fuit,
671 3180 912 3248 decucurrerunt,
935 3197 970 3234 eo
998 3177 1123 3252 megisti

39 3267 165 3334 Romanis
186 3279 284 3336 subita
306 3291 394 3356 atque
415 3282 576 3358 improvisa
599 3282 738 3355 residit,
769 3283 848 3358 quod
872 3293 937 3341 orta
961 3303 999 3340 ex
1025 3284 1091 3342 laon

41 3376 132 3436 nebula
146 3401 250 3459 eampo
267 3402 355 3458 quam
371 3388 517 3446 montibus
532 3389 649 3446 densior
664 3389 788 3459 sederat,
811 3390 987 3465 agminaque
1001 3389 1092 3446 hosti·

42 3493 81 3535 um
91 3487 270 3562 expluribus
285 3491 406 3550 oollibus
421 3493 487 3568 ipsa
500 3493 577 3550 inter
590 3512 621 3552 se
635 3495 708 3552 satis
723 3502 880 3570 conspeetu
895 3512 988 3569 eoque
999 3493 1092 3568 magis

43 3588 135 3654 pariter
154 3594 389 3660 decucurrerant
437 3600 588 3657 Romanus
617 3601 745 3658 elamore
766 3600 847 3675 prius
868 3601 997 3674 undique
1018 3603 1121 3668 orto‚i

44 3705 116 3762 qnam
135 3700 206 3757 satis
228 3712 368 3775 cerneret,
390 3722 421 3761 se
443 3705 669 3764 circumventum
699 3723 762 3761 esse
784 3705 888 3776 sensit,
919 3716 948 3762 et
977 3712 1044 3762 ante
1064 3705 1094 3759 in

46 3791 150 3864 lrontuu
171 3806 324 3883 lateraque
344 3810 469 3886 pugnari
491 3821 616 3886 emptum
633 3820 686 3882 est,
708 3829 797 3884 quam
819 3811 891 3867 satis
904 3811 1093 3867 instrueretur

47 3903 108 3964 uie
136 3923 187 3972 ant
212 3914 344 3990 expediri
374 3935 459 3974 arma
488 3917 647 3993 stringique
679 3917 771 3992 gladii
792 3924 920 3992 possent.
974 3911 1093 3980 Consul,
1166 3907 1187 3974 5

47 4015 164 4078 peruulsis
186 4023 330 4094 omnibns,
350 4021 415 4098 ipse
435 4023 524 4094 satis,
546 4033 578 4080 ut
601 4024 632 4081 in
654 4041 685 4080 re
705 4021 828 4098 trepide,
847 4019 1012 4096 impavidus
1033 4028 1093 4075 tur·
