2700 4426
429 208 506 259 aruer
523 167 621 259 xxm.
657 209 706 273 (a.
720 208 767 290 cn.
781 211 857 274 ω.)
1070 214 1129 269 ros

107 392 245 462 salutem,
272 400 305 449 ut
325 392 449 462 assolet,
480 391 618 467 scriptum
649 401 721 463 erat,
750 403 829 451 recte
856 413 920 451 eum
951 402 1039 467 atque
1071 393 1171 450 ordine

105 495 219 566 fecisse,
238 496 317 570 quod
337 497 367 553 in
390 497 539 554 Leontinis
560 497 630 554 nulli
651 472 842 573 pepercisset}
870 500 920 556 sed
943 497 1070 556 oninium
1096 496 1203 554 mer-8

107 602 289 664 coriariorum
315 600 436 658 militum
460 601 580 659 eandem
609 622 673 661 esse
694 622 828 672 causam,
857 621 1058 677 necunquam
1083 602 1171 677 Syra·

107 724 193 763 cusas
216 705 379 780 quieturas,
411 705 503 762 donec
525 707 679 782 quicquam
709 717 893 766 externorum
922 708 1096 765 auxiliorum
1122 715 1173 764 aut

105 811 136 867 in
158 812 230 868 urbe
252 819 303 868 aut
328 810 358 867 in
386 811 514 875 exercitu
536 830 589 870 suo
611 822 696 871 esset.
747 814 852 887 Itaque
879 813 963 870 daret
984 831 1113 888 operam,
1142 810 1202 869 ut9

107 934 174 986 eos,
203 915 253 989 qui
275 934 338 972 eum
362 916 421 973 suis
445 918 616 992 praetoribus
638 928 734 974 eastra
756 917 794 973 ad
815 919 938 992 Megara
958 918 1113 985 haberent,
1142 915 1171 973 in

106 1039 190 1078 suam
212 1030 384 1096 potestatem
400 1023 544 1104 redigeret
565 1043 600 1081 ac
621 1023 762 1098 supplicio
785 1041 884 1079 eorum
898 1022 1035 1079 liberaret
1053 1021 1170 1078 tandem

107 1125 279 1200 Syracusas.
323 1127 395 1184 Haec
417 1147 505 1202 quum
527 1129 649 1185 recitata
671 1136 775 1197 essent,
798 1146 862 1184 cum
885 1135 967 1184 tanto
992 1126 1118 1183 clamore
1133 1127 1171 1182 ad
1187 1132 1222 1186 10

107 1249 191 1288 arma
213 1230 372 1289 discursum
395 1243 447 1305 est,
476 1243 508 1291 ut
529 1242 667 1308 praetores
693 1233 768 1289 inter
788 1233 941 1289 tumultum
972 1230 1072 1305 pavidi
1099 1232 1170 1287 abe-

108 1337 285 1410 quitaverint
321 1338 491 1413 Syracusas.
549 1340 588 1396 Et
619 1357 657 1395 ne
691 1337 762 1412 fuga
794 1338 909 1412 quidem
936 1355 1034 1395 eorum
1068 1335 1171 1392 seditio
1189 1341 1219 1396 ll

107 1460 278 1517 compressa
298 1452 352 1512 est,
373 1443 556 1517 impetusque
575 1443 606 1500 in
628 1444 829 1519 Syracusanos
854 1443 958 1500 milites
980 1443 1097 1511 fiebant,
1118 1459 1172 1498 nee

107 1548 147 1604 ab
169 1547 229 1604 ullo
251 1556 441 1622 temperatum
464 1548 554 1618 foret,
576 1549 605 1605 ni
627 1549 773 1623 Epicydes
797 1556 884 1622 etque
905 1548 1101 1622 Hippocrates
1122 1547 1172 1602 irae

107 1650 298 1708 multitudinis
327 1655 443 1711 obviam
476 1653 578 1724 issent,
612 1673 670 1710 nou
697 1673 716 1708 a
737 1653 935 1710 misericordia
967 1661 1018 1710 aut
1044 1653 1171 1708 humano
1188 1655 1223 1710 12

107 1757 238 1826 consilio,
260 1757 311 1813 sed
335 1776 371 1813 ue
395 1775 474 1831 spem
495 1758 603 1815 reditus
626 1759 814 1834 praeciderent
835 1759 890 1814 sibi
919 1768 947 1814 et
979 1775 1067 1832 quum
1091 1756 1170 1830 ipsos

106 1862 193 1920 simul
215 1862 319 1920 milites
333 1863 407 1920 fidos
428 1864 576 1933 haberent,
597 1862 682 1918 simul
703 1863 828 1932 obsides,
853 1873 913 1920 tum
936 1873 1076 1937 cognatos
1099 1853 1223 1934 quo-”13

107 1987 165 2042 que
188 1986 287 2024 eorum
311 1976 399 2042 atque
421 1968 529 2024 amicos
554 1976 636 2024 tanto
659 1967 761 2024 merito
783 1968 926 2042 primum,
956 1968 1021 2025 dein
1050 1967 1172 2042 pignore

105 2073 161 2130 sibi
186 2072 381 2129 conciliarent.
423 2073 612 2147 Expertique‚
634 2091 722 2146 quum
744 2092 823 2130 vana
837 2082 888 2129 aut
901 2073 958 2130 levi
980 2091 1053 2129 aura
1067 2070 1172 2128 mobile
1189 2078 1222 2131 14

109 2177 215 2253 vulgus
236 2185 327 2245 esset,
354 2176 472 2233 militem
496 2177 592 2233 nancti
620 2197 656 2234 ex
678 2197 713 2234 eo
735 2196 872 2247 numero,
901 2178 1001 2252 quiin
1025 2177 1172 2234 Leontinis

111 2268 293 2341 circumsessi
315 2291 411 2351 eraut,
443 2281 616 2354 aimoinum,
640 2291 672 2338 ut
693 2282 855 2358 Syracusas
880 2282 1021 2358 perferret
1042 2282 1171 2339 nuntium

109 2388 337 2458 convenientem,
350 2388 405 2456 eis,
429 2405 493 2460 quae
516 2389 553 2443 ad
574 2387 675 2463 Mylan
696 2386 772 2444 falso
795 2389 927 2445 nuntiata
948 2397 1044 2457 erant,
1074 2392 1222 2446 aucto-15

109 2512 229 2567 remque
252 2511 284 2549 se
306 2492 468 2548 exhibendo
501 2510 535 2548 ac
556 2493 636 2548 velut
659 2493 738 2560 visa,
770 2512 834 2567 quae
856 2494 944 2551 dubia
975 2502 1073 2563 erant,
1103 2510 1172 2548 nar·

97 2596 201 2654 .rando
224 2596 381 2653 concitaret
403 2597 462 2653 iras
476 2597 635 2656 hominum.
679 2597 756 2654 Huic
778 2617 836 2654 non
851 2599 930 2674 apud
948 2597 1067 2672 vulgum
1082 2596 1169 2652 modo
1222 2593 1266 2663 32

107 2702 180 2758 fides
201 2699 265 2770 fuit,
287 2701 338 2756 sed
360 2709 490 2757 senatum
513 2713 630 2774 quoque
659 2699 689 2756 in
719 2702 826 2758 curiam
859 2704 1039 2760 introductus
1071 2702 1170 2758 movit

107 2806 199 2864 Haud
221 2806 290 2862 vani
312 2806 429 2880 quidam
451 2805 581 2861 homines
602 2804 700 2880 palam
722 2805 807 2878 ferre,
829 2809 954 2883 perbene
978 2808 1121 2864 detectam
1142 2806 1172 2862 iu

109 2912 261 2969 Leontinis
288 2929 352 2967 esse
374 2910 527 2967 avaritiam
555 2919 584 2966 et
605 2909 802 2968 crudelitatem
825 2913 1038 2981 Romanorum
1061 2912 1171 2980 eadem,

109 3018 135 3075 si
167 3016 324 3073 intrassent
355 3015 531 3090 Syracusas,
565 3023 615 3070 aut
646 3013 769 3072 foediore
796 3017 899 3087 etiam,
931 3037 989 3091 quo
1015 3017 1108 3074 maius
1132 3016 1172 3073 ibi

110 3122 241 3179 avaritiae
270 3121 420 3196 preamium
452 3129 542 3189 esset,
571 3119 701 3177 facturos
722 3120 821 3181 fuisse.
870 3124 975 3196 Itaque
996 3122 1202 3180 claudendas2

109 3218 208 3284 cuncti
236 3235 338 3302 portas
370 3234 399 3282 et
426 3225 643 3282 custodiendam
673 3227 773 3282 urbem
804 3245 934 3297 censere3
967 3227 1018 3284 sed
1047 3245 1105 3283 non
1133 3226 1171 3282 ab

108 3331 212 3389 iisdem
237 3350 338 3388 omnes
365 3330 467 3386 timere
488 3349 540 3387 nec
563 3331 679 3387 eosdem
702 3332 806 3392 odisse.
858 3335 904 3390 Ad
936 3332 1060 3390 militare
1081 3349 1171 3406 genus

109 3455 195 3494 omne
219 3444 390 3511 partemque
418 3453 553 3510 magnam
576 3435 668 3510 plebis
694 3437 818 3494 invisum
850 3457 912 3495 esse
933 3457 1039 3495 nomen
1059 3438 1174 3494 Roma*

108 3560 192 3611 num3
221 3550 359 3616 pretores
381 3539 621 3615 optimatiumque
648 3542 748 3615 pauci,
776 3559 943 3615 quanquam
972 3542 1063 3599 inflati
1094 3537 1202 3598 vano3

107 3643 210 3700 nuntio
231 3652 324 3713 erant,
347 3652 444 3700 tamen
466 3644 504 3700 ad
524 3644 644 3720 propius
658 3647 884 3721 praesentiusque
905 3648 1012 3704 malum
1028 3647 1170 3704 cautiores

108 3727 203 3810 esse(
239 3749 279 3807 Et
307 3748 364 3805 iam
393 3749 430 3805 ad
452 3748 640 3824 Hexapylum
668 3761 751 3807 erant
771 3750 967 3824 Hippocrates
990 3758 1079 3824 atque
1101 3747 1201 3824 Epi-t

108 3854 212 3930 eydes,
247 3854 474 3928 serebanturque
505 3854 652 3929 colloquia
685 3875 738 3930 per
770 3855 948 3930 propinquos
980 3853 1171 3929 popularium,

109 3958 161 4035 qui
182 3961 213 4017 in
234 3960 362 4017 exercito
383 3967 475 4029 erant,
498 3971 529 4017 ut
551 3970 651 4036 portas
666 3959 819 4036 ,aperirent
840 3960 1023 4033 sinerentque
1043 3977 1171 4016 commu·
