2700 4426
421 134 612 186 masam.
649 132 850 199 (acutam.)
1069 139 1126 196 185

107 333 326 395 arma‘pararo,
345 317 646 376 instruerenavesac
666 318 779 375 mittere
795 319 834 374 ad
847 316 1015 393 Hipponem
1028 319 1168 377 adversus

106 428 271 485 Romanam
293 423 426 484 classem.
447 438 455 445 ⁶
473 402 542 482 Iam¹
559 425 621 480 hac
643 416 795 498 agentibus
815 423 931 479 nuntius
946 425 1063 480 tandem
1080 424 1199 496 veniae

107 531 245 601 Lalium,
280 548 340 586 non
361 530 541 604 Scipionem,
577 529 751 604 copiasque,
788 539 904 603 quantae
929 529 967 586 ad
989 527 1169 586 incursiones

107 656 244 713 agrorum
267 636 338 692 eatis
359 635 432 705 sint,
464 646 660 706 transvectam
693 652 814 690 summae
845 633 914 690 belli
943 635 1048 691 molem
1074 635 1169 691 adhuc

107 744 137 799 in
160 742 261 802 Sicilia
282 759 355 799 esse.
400 740 449 796 Ita
476 739 664 814 respiratum,
694 739 825 813 mittique
844 740 882 795 ad
904 739 1067 814 Syphacem
1088 740 1200 814 lega-4

107 848 200 904 tiones
224 847 357 920 aliosque
377 844 494 920 regulos
515 845 664 902 firmanda
685 843 832 901 societatis
855 861 944 901 cansa
965 855 1076 920 coeptae.
1119 845 1170 903 Ad

108 951 276 1026 Philippum
307 962 423 1025 quoqne
449 949 542 1021 missi,
577 950 642 1024 qui·
658 950 782 1005 ducenta
811 950 923 1024 argenti
954 949 1064 1006 talenta
1084 949 1170 1024 polli-

109 1066 257 1127 oerentur,
296 1070 328 1113 ut
355 1056 386 1112 in
408 1054 536 1114 Siciliam
563 1063 614 1110 aut
642 1053 672 1109 in
697 1053 812 1111 ltaliam
838 1054 990 1112 traiiceret.
1036 1055 1120 1110 Missi
1142 1057 1201 1111 eth

110 1163 149 1218 ad
175 1157 249 1218 suos
273 1162 462 1235 imperatores
494 1161 523 1215 in
549 1158 682 1229 Italiam,
715 1170 748 1215 ut
774 1159 853 1215 omni
875 1168 984 1215 terrore
1005 1155 1170 1233 Scipionem

109 1267 278 1335 retinerent3
298 1266 336 1322 ad
357 1265 515 1338 Magonem
537 1281 596 1318 non
617 1263 706 1338 legati
727 1263 826 1333 modo,
848 1265 899 1320 sed
921 1262 1022 1340 viginti
1044 1263 1202 1337 quinquess

108 1372 204 1446 longae
225 1389 331 1441 naves,
354 1387 407 1426 sex
428 1368 519 1424 millia
539 1368 677 1442 peditum,
700 1368 857 1442 octingenti
879 1368 990 1442 equites
1011 1380 1039 1425 et
1060 1379 1170 1442 septem

110 1476 274 1550 elephanti,
313 1475 352 1530 ad
385 1475 444 1531 hoc
476 1491 583 1547 magna
615 1473 738 1547 pecunia
773 1473 811 1529 ad
839 1473 1027 1530 conducenda
1053 1475 1172 1544 auxilia,

111 1581 216 1655 quibus
242 1579 333 1636 fretus
363 1578 483 1654 propius
510 1578 610 1634 urbem
638 1579 803 1634 Romanam
824 1577 980 1634 exercitum
1003 1579 1174 1635 admoveret

111 1687 357 1761 coniungeretque
376 1702 408 1740 se
428 1681 599 1740 Hannibali.
649 1683 721 1738 Haec
745 1680 923 1756 Carthagine
943 1684 1088 1758 parabant
1110 1684 1200 1758 agi-7

111 1792 280 1865 tabantque.
329 1790 379 1845 Ad
409 1787 540 1856 Lalium,
569 1786 683 1861 praedas
702 1787 834 1862 ingentes
862 1806 900 1844 ex
920 1806 993 1862 agro
1014 1789 1117 1844 inermi
1138 1807 1173 1846 ac

111 1896 189 1953 nudo
225 1894 365 1970 presidiis
402 1901 550 1967 agentem,
582 1890 754 1962 Masinissa,
791 1891 872 1949 fama
904 1895 1044 1950 Romanae
1072 1893 1172 1950 classis

112 2001 238 2069 excitae,
267 2017 332 2056 cum
360 1996 504 2072 equitibus
525 1995 626 2070 paucis
648 1997 735 2052 venit.
782 1998 813 2054 Is
835 1999 961 2072 segniter
981 2017 1042 2055 rem
1064 1998 1113 2073 agi
1135 2000 1204 2056 abs

112 2106 249 2181 Scipione
276 2115 394 2179 questus
421 2111 474 2173 eet,
512 2101 590 2174 quod
623 2120 681 2158 non
708 2102 767 2158 iam
799 2103 956 2159 exercitum
982 2103 1012 2159 in
1039 2102 1172 2160 Africam

111 2210 286 2279 traiecisset,
332 2206 470 2283 perculsis
513 2203 815 2280 Carthaginiensibus,
858 2207 992 2282 Syphace
1033 2208 1173 2283 impedito

111 2315 238 2371 finitimis
261 2313 359 2384 bellis,
392 2331 478 2386 quem
501 2321 609 2368 certum
631 2313 757 2382 habere,
791 2313 816 2368 si
837 2312 963 2386 spatium
985 2313 1023 2370 ad
1038 2304 1115 2383 'sua,
1143 2324 1173 2368 ut

112 2419 199 2488 velit,
232 2418 433 2493 componenda
467 2417 569 2486 detur,
602 2417 674 2473 nihil
702 2416 815 2474 sincera
846 2418 903 2474 fide
935 2437 999 2475 cum
1032 2419 1174 2475 Romanis

114 2513 254 2578 acturum.
302 2523 480 2578 Hortaretur
507 2528 536 2576 et
564 2521 726 2578 stimularet
757 2521 942 2597 Scipionem,
974 2541 1012 2578 ne
1034 2529 1203 2591 cessarent)

114 2642 161 2692 se,
196 2642 362 2698 quanquam
392 2642 483 2698 regno
507 2623 609 2698 pulsus
636 2637 726 2696 asset,
763 2645 827 2682 cum
857 2625 936 2682 haud
958 2627 1173 2683 contemnendis

115 2727 205 2802 copiis
228 2725 384 2784 affuturum
402 2716 531 2802 peditu'm
549 2729 743 2803 equitumque.
792 2729 856 2785 Nec
875 2728 1042 2802 ipsi'Laelio
1058 2749 1173 2786 moran·

114 2832 181 2888 dum
204 2831 234 2889 in
255 2830 359 2890 Africa
382 2851 461 2901 esse;
483 2832 603 2888 classem
628 2832 743 2888 credere
764 2829 925 2905 profectam
948 2851 966 2887 a
988 2830 1174 2906 Carthagine,

113 2954 179 2993 cum
216 2955 283 3011 qua,
316 2938 436 2994 absente
465 2932 610 3011 Scipione,
642 2955 700 2993 non
732 2936 803 2992 satis
838 2945 930 2993 tutum
953 2953 1016 2992 esse
1044 2937 1175 2993 contrahi

113 3052 270 3105 certamen.
316 3043 367 3100 Ab
388 3044 445 3099 hoc
466 3041 732 3099 sermone-dimisso
748 3040 913 3111 Masinissa,
936 3041 1041 3098 Laelius
1057 3051 1174 3116 postero

114 3146 160 3202 die
190 3165 281 3204 naves
310 3148 409 3222 praeda
441 3157 560 3203 onustas
579 3146 617 3201 ab
638 3145 776 3220 Hippone
796 3147 897 3219 solvit,
933 3156 1122 3221 revectusque
1144 3146 1175 3201 in

115 3250 243 3310 Siciliam
266 3254 406 3309 mandata
428 3247 558 3326 Scipioni
580 3246 724 3324 exposuit.

196 3356 315 3414 Eisdem
338 3356 430 3414 ferme
452 3357 553 3413 diebus
575 3373 675 3425 naves,
700 3374 764 3429 quae
786 3356 823 3412 ab
848 3353 1026 3429 Carthagine
1048 3356 1086 3413 ad
1110 3354 1205 3412 tna-2

115 3477 220 3532 gonem
249 3463 343 3520 missae
370 3472 468 3533 erant,
502 3461 577 3517 inter
604 3461 808 3535 Albingaunos
836 3459 959 3533 Ligures
981 3459 1176 3534 Genuamque

116 3562 306 3623 accesserunt.
351 3568 388 3624 In
417 3567 453 3622 iis
481 3565 554 3622 locis
581 3563 646 3621 tum
673 3565 751 3621 forte
775 3564 866 3637 Mago
894 3565 1012 3620 tenebat
1038 3565 1206 3634 classem33

116 3669 174 3743 qui,
188 3670 351 3744 legatorum
363 3671 468 3729 auditis
479 3669 585 3740 verbis,
600 3670 758 3727 iubentium
771 3668 913 3724 exercitus
930 3654 1017 3741 quam
1033 3670 1175 3726 maximos

115 3792 296 3848 comparare,
322 3776 467 3850 extemplo
489 3773 644 3832 Gallorum
657 3776 693 3829 *et
712 3773 850 3844 Ligurum
873 3770 1012 3847 (namque
1027 3773 1178 3846 utriusque

114 3879 208 3954 gentis
228 3879 330 3953 ingens
351 3876 392 3934 ihi
413 3877 567 3935 multitudo
592 3878 678 3950 erat).
695 3876 846 3934 concilium
866 3876 982 3946 habuit,
1006 3887 1035 3934 et
1057 3876 1208 3934 mnsuml
