2700 4426
425 209 503 261 Liber
519 209 605 262 XXV.
641 210 689 274 (A.
702 209 751 264 Cb.
766 210 841 274 212.)
1067 212 1126 268 237

105 403 139 451 ut
158 393 284 468 populus
298 413 350 469 per
365 412 415 451 eos
436 394 521 450 ludos
542 394 646 468 stipem
662 394 802 468 Apollini,
824 403 962 468 quantam
985 392 1168 449 commodum

105 506 197 568 esset,
230 497 382 554 conferret.
434 500 507 556 Haec
529 508 572 555 est
593 498 675 573 origo
698 500 831 557 ludorum
853 497 1078 572 Apollinarium,
1108 497 1220 554 vic-15

106 602 198 671 toriae,
220 620 278 659 non
299 602 473 661 valetudinis
495 620 579 677 ergo,
601 611 634 658 ut
653 604 783 678 plerique
803 611 918 672 rentur,
946 593 1080 659 votorum
1108 601 1169 660 fac·

106 715 269 781 torumque.
323 707 455 782 Populus
484 717 640 764 coronatus
667 707 824 781 spectavit,
853 717 992 764 matronae
1023 708 1169 783 supplica·

106 829 190 880 vere3
211 812 299 886 vulgo
316 812 422 887 apertis
438 811 532 868 ianuis
547 812 576 869 in
592 812 752 887 propatulis
775 810 883 886 epulati
900 820 976 882 sunt,
1000 812 1170 885 celeberque

105 916 169 972 dies
193 917 271 973 omui
293 917 522 974 caerimoniarum
544 935 649 992 genere
670 916 734 975 fuit.

191 1019 287 1093 Quum
309 1022 460 1079 Hannibal
480 1023 557 1079 circa
578 1023 747 1090 Tarentum,
770 1021 902 1077 consules
925 1022 1012 1078 ambo
1035 1021 1064 1077 in
1081 1021 1168 1079 Sam·
1221 1018 1262 1086 13
1342 1023 1346 1032 '

105 1125 155 1181 nio
179 1133 283 1193 essent,
305 1126 356 1181 sed
379 1124 601 1182 circumsessuri.
616 1123 748 1200 Capuam
764 1126 938 1195 viderentur,
960 1126 1038 1198 quod
1061 1127 1168 1183 malum

106 1229 248 1286 diuturnae
277 1229 435 1286 obsidionis
467 1247 530 1286 esse
560 1230 649 1299 solet,
680 1229 739 1285 iam
770 1230 878 1287 famem
900 1229 1043 1305 Campani
1064 1232 1169 1288 sentie-

105 1334 186 1404 bant,
210 1333 278 1407 quia
299 1343 455 1391 sementem
487 1332 584 1391 iacere
606 1334 814 1409 prohibuerant
842 1353 891 1391 eos
912 1334 1038 1392 Romani
1060 1336 1169 1392 exerci-

106 1447 162 1497 tus.
213 1440 318 1512 Itaque
347 1438 460 1512 legatos
496 1440 533 1495 ad
563 1439 759 1496 Hannibalem
792 1439 929 1495 miserunt
961 1450 1091 1506 orantes,
1128 1441 1199 1509 ut,2

105 1543 275 1619 priusquam
297 1543 429 1600 consules
458 1544 487 1600 in
520 1561 607 1618 agros
629 1561 697 1599 suos
719 1545 873 1600 educerent
900 1543 1028 1617 legiones
1057 1545 1169 1618 viaeque

106 1665 207 1705 omnes
221 1647 346 1704 hostium
362 1647 502 1722 praesidiis
523 1647 722 1718 insiderentur,
743 1647 918 1704 frumentum
940 1666 978 1703 ex
999 1649 1169 1723 propinquis

105 1752 177 1809 locis
189 1752 311 1809 convehi
329 1751 441 1809 iuberet
454 1751 597 1827 Capuam.
639 1752 787 1808 Hannibal
801 1753 976 1808 Hannonem
995 1771 1031 1808 ex
1046 1753 1168 1809 Bruttiis
1181 1755 1221 1809 3·

105 1875 170 1917 cum
193 1855 371 1915 exercituin
397 1853 587 1931 Campaniam
610 1856 732 1913 transire
761 1865 790 1912 et
814 1856 883 1912 dare
905 1873 1033 1930 operam,
1055 1865 1088 1912 ut
1107 1856 1167 1914 fru-

104 1961 194 2019 menti
209 1962 294 2037 copia
308 1962 388 2017 fieret
404 1958 569 2035 Campanis,
584 1962 675 2018 iussit.
710 1962 818 2017 Hanno
834 1979 871 2016 ex
885 1961 1006 2016 Bruttiis
1020 1959 1197 2035 profectost

105 2085 170 2123 cum
197 2067 340 2135 exercitu,
371 2065 545 2132 vitabundus
568 2075 664 2121 castra
694 2065 818 2121 bostium
842 2065 1041 2138 consulesque,
1068 2065 1166 2139 quiin

106 2171 227 2229 Samnio
242 2180 334 2242 erant,
356 2189 443 2244 quum
459 2172 625 2227 Benevento
640 2171 700 2227 iam
722 2156 977 2244 appropinquaret,
998 2170 1055 2227 tria
1077 2170 1167 2226 millia

105 2292 243 2350 passuum
266 2277 304 2331 ab
326 2275 390 2349 ipsa
410 2276 482 2332 urbe
502 2275 567 2331 loco
590 2275 666 2331 edito
689 2283 785 2330 castra
802 2275 911 2348 posuit3
933 2275 1000 2330 inde
1022 2294 1059 2331 ex
1081 2275 1198 2332 sociisb

105 2379 184 2436 circa
194 2380 319 2454 populis,
334 2399 392 2453 quo
407 2389 507 2436 aestate
521 2389 733 2455 comportatum
750 2389 820 2447 erat,
836 2379 940 2435 devehi
950 2378 1125 2436 frumentum
1138 2380 1168 2436 iu

106 2496 204 2542 castra
218 2484 308 2552 iussit,
325 2485 464 2558 praesidiis
481 2485 565 2551 datis,
579 2503 643 2557 quae
658 2492 835 2540 commeatus
850 2501 900 2539 eos
915 2494 1166 2558 prosequerentur.

106 2587 239 2664 Capuam
261 2589 328 2646 inde
352 2589 481 2646 nuntium
506 2589 597 2657 misit,
625 2608 683 2663 qua
704 2588 750 2645 dia
778 2588 932 2644 incastris
964 2590 1002 2645 ad
1025 2589 1198 2665 accipian-6

106 2693 175 2751 dum
196 2692 371 2750 frumentum
393 2704 499 2768 praesto
521 2703 616 2750 essent
643 2691 721 2749 omni
743 2693 869 2765 undique
890 2711 995 2766 genere
1021 2693 1167 2750 vehiculo·

105 2817 170 2854 rum
192 2799 443 2873 iumentorumque
465 2819 502 2856 ex
523 2797 601 2872 agris
623 2805 781 2856 contracto.
824 2797 860 2853 Id
876 2816 928 2870 pro
951 2806 1047 2855 cetera
1068 2803 1197 2856 eonor-7

105 2902 156 2959 dia
176 2903 408 2978 negligentiaque
430 2923 449 2961 a
464 2901 622 2977 Campanis
641 2911 752 2970 actum;
774 2902 861 2976 paulo
877 2901 941 2976 plus
957 2902 1169 2988 quadringenta

105 3007 241 3065 vehicula
260 3009 349 3065 missa
379 3018 407 3064 et
427 3026 522 3082 pauca
544 3015 684 3082 praeterea
704 3005 842 3067 iumenta.
892 3004 938 3063 Ob
967 3006 997 3061 id
1019 3005 1167 3078 castigatis

106 3114 145 3170 ab
166 3113 327 3182 Hannone,
357 3113 435 3185 quod
458 3132 494 3168 ne
516 3112 609 3168 fames
632 3111 761 3184 quidem,
792 3128 856 3183 quoe
878 3119 973 3166 mutas
998 3110 1168 3167 accenderet

106 3216 225 3285 bestias,
253 3235 351 3273 curam
375 3235 474 3274 eorum
496 3216 645 3273 stimulare
665 3225 778 3289 posset,
807 3215 865 3271 alia
892 3215 1025 3289 prodicta
1046 3215 1106 3271 dies
1129 3215 1168 3271 ad

106 3320 283 3380 frumentum
307 3321 418 3377 maiore
439 3330 583 3395 apparatu
599 3320 763 3395 petendum.
807 3321 854 3376 Ea
875 3321 983 3391 omnia,
1005 3320 1078 3377 sicut
1100 3322 1199 3378 acta8
1227 3382 1230 3387 ,

106 3434 206 3496 erant,
240 3444 328 3500 quum
360 3424 510 3481 enuntiata
539 3424 764 3487 Beneventanis>
781 3433 890 3491 essent,
922 3422 1035 3498 legatos
1068 3425 1167 3481 decem

94 3531 253 3606 ‘extemplo
285 3531 323 3586 ad
356 3530 488 3587 consules
520 3529 609 3602 (circa
641 3529 805 3586 Bovianum
838 3537 935 3585 castra
967 3532 1165 3587 Romanorum

106 3634 201 3712 erant)
234 3636 381 3692 miserunt.
428 3632 486 3706 Qui
508 3653 612 3707 quum,
641 3633 761 3703 auditis,
790 3652 854 3707 quae
884 3635 922 3690 ad
945 3633 1076 3708 Capuam
1099 3635 1200 3708 age-9

105 3751 215 3812 rentur,
235 3741 311 3798 inter
331 3758 363 3797 se
384 3746 615 3813 comparassent,
636 3748 669 3793 ut
697 3738 770 3795 alter
792 3739 822 3794 in
845 3737 1037 3813 Campaniam
1059 3738 1168 3794 exerci-

105 3854 167 3902 tum
190 3846 321 3914 duceret,
342 3837 477 3912 Fulvius,
506 3842 552 3898 cui
583 3860 618 3897 ea
639 3841 789 3916 provincia
819 3843 992 3911 obvenerat,
1022 3843 1168 3917 profectus

107 3959 193 4007 nocto
213 3947 373 4007 Beneventi
394 3946 501 4004 moenia
523 3955 565 4003 est
586 3945 741 4021 ingressus.
788 3947 837 4003 Ex
865 3947 1030 4021 propinquo
1061 3948 1221 4022 cogno-1⁰
