2700 4426
389 230 392 235 ¹
434 216 513 275 atter
530 224 620 274 xxu.
657 226 703 290 (a.
719 222 765 278 aa.
779 226 853 290 au)-
1093 230 1132 288 83

109 409 272 480 dimicaret,
294 409 387 484 pridie
409 426 496 482 quam
521 408 682 483 rogationis
703 408 830 468 ferendae
851 412 912 468 dies
932 413 1061 483 adesset,
1091 421 1176 471 nocte

110 514 149 570 ad
172 514 329 570 exercitum
353 513 432 571 abiit.
475 514 555 572 Luce
584 524 649 571 orta
671 533 759 589 quum
786 515 879 590 plebis
910 517 1062 574 concilium
1091 527 1175 590 esset,
1190 523 1224 575 ll

107 621 202 695 magis
225 621 314 676 tacita
335 620 445 676 invidia
466 620 615 699 dictatoris
636 605 779 694 favorque
807 622 938 696 magistri
960 624 1087 697 equitum
1110 625 1174 682 ani·

107 742 172 781 mos
198 726 354 795 versabat,
378 742 465 798 quam
496 725 566 781 satis
589 725 735 781 audebant
760 726 892 782 homines
919 727 957 782 ad
985 729 1175 797 suadendum,

107 830 187 903 quod
211 830 300 904 vulgo
322 829 476 904 placebat,
498 831 632 904 prodire,
662 839 690 886 et
711 831 814 886 favore
841 839 995 905 superante
1017 833 1174 890 auctoritas

107 944 205 991 tamen
237 935 384 1010 rogationi
409 935 519 996 deerat.
568 937 653 994 Unus
679 936 813 991 inventus
840 945 884 992 est
910 953 1013 992 suasor
1038 936 1110 1010 legis
1138 937 1226 998 018

107 1041 264 1097 Terentius
292 1040 407 1110 Varro,
436 1040 485 1113 qui
512 1039 609 1114 priore
641 1060 717 1097 anno
746 1049 854 1114 praetor
886 1039 995 1110 fuerat,
1026 1041 1091 1098 loco
1115 1061 1173 1098 non

106 1145 211 1202 humili
232 1146 336 1214 solum,
359 1146 410 1200 sed
433 1145 519 1201 etiam
542 1147 660 1202 sordido
684 1154 774 1205 ortus.
819 1147 939 1202 Patrem
954 1145 1062 1201 lanium
1084 1145 1174 1204 fuisse
1190 1150 1225 1205 19

105 1249 218 1320 ferunt,
245 1250 340 1324 ipsum
362 1249 523 1306 institorem
546 1252 664 1322 mercis,
694 1250 812 1323 filioque
832 1251 892 1307 hoc
914 1251 977 1325 ipso
1005 1251 1034 1306 in
1056 1251 1174 1309 servilia

106 1356 169 1411 eius
191 1355 261 1411 artis
284 1355 443 1411 ministeria
462 1373 556 1414 usum.
600 1359 631 1413 Is
651 1357 777 1424 iuvenis,
800 1364 832 1411 ut
855 1356 980 1430 primum
1003 1374 1097 1413 exeo
1122 1374 1172 1430 ge·
1222 1354 1269 1424 26

106 1469 337 1534 nere'quaestus
352 1453 476 1534 pecunia
499 1479 516 1516 a
538 1469 621 1535 patre
642 1460 744 1516 relicta
767 1459 880 1516 animos
903 1460 940 1529 ad
965 1479 1046 1535 spem
1067 1461 1172 1517 libera-

104 1567 187 1623 lioris
208 1566 332 1622 fortuna
353 1565 436 1635 fecit,
458 1575 586 1640 togaque
608 1554 636 1621 et
658 1563 754 1621 forum
777 1565 928 1640 placuere,
962 1567 1206 1641 proclamando2

105 1692 162 1747 pro
194 1672 319 1729 sordidis
351 1670 516 1726 hominibus
552 1669 704 1742 causisque
737 1670 877 1726 adversus
908 1690 970 1728 ram
1003 1681 1032 1728 et
1061 1670 1171 1728 famam

106 1779 252 1834 bonorum
274 1775 397 1850 primum
420 1775 449 1831 in
473 1774 604 1830 notitiam
628 1774 745 1849 populi,
767 1775 871 1831 deinde
895 1777 933 1831 ad
957 1778 1082 1833 honores
1106 1791 1173 1851 per·
1211 1785 1214 1790 ’

105 1881 202 1951 venit,
229 1888 432 1954 quaesturaque
463 1887 491 1934 et
513 1879 625 1934 duabus
647 1878 847 1947 aedilitatibus,
877 1878 992 1953 plebeia
1021 1878 1203 1949 et·curuli,3

105 1995 256 2061 postremo
273 1995 301 2041 et
314 1992 441 2058 praetura
462 1982 639 2057 perfunctus,
660 1983 718 2038 iam
742 1984 779 2040 ad
798 1983 964 2041 consulatus
980 2001 1060 2057 spem
1084 2001 1172 2056 quum

107 2091 253 2148 attolleret
275 2089 396 2157 animos,
418 2087 496 2143 haud
519 2106 622 2162 parum
642 2088 744 2144 callide
766 2107 868 2144 auram
890 2087 1001 2145 favoris
1023 2088 1204 2163 popularis4

106 2214 145 2254 ex
168 2194 317 2252 dictatoris
338 2193 447 2249 invidia
470 2193 553 2267 petiit
573 2193 695 2266 scitique
719 2192 813 2267 plebis
834 2211 908 2249 unus
930 2195 1055 2268 gratiam
1078 2195 1151 2250 tulit.

192 2299 301 2358 Omnes
326 2318 389 2354 eam
412 2299 610 2373 rogationem,
641 2298 748 2372 quique
778 2300 882 2357 Romae
909 2301 1016 2374 quique
1037 2301 1066 2356 in
1090 2310 1203 2362 exer-5

107 2407 166 2463 citu
200 2415 297 2474 erant,
326 2405 401 2478 aequi
431 2412 518 2478 atque
552 2403 652 2476 iniqui,
681 2410 787 2478 praeter
814 2403 911 2478 ipsum
938 2405 1108 2462 dictatorem
1144 2405 1174 2460 in

107 2509 312 2568 contumeliam
327 2509 388 2565 eius
409 2510 499 2565 latam
523 2517 705 2582 acceperunt.
748 2510 826 2582 Ipse,
845 2526 905 2582 qua
918 2509 1063 2583 gravitate
1086 2509 1204 2568 animib

109 2615 293 2673 criminantes
327 2629 358 2668 aa
388 2614 425 2668 ad
458 2612 667 2669 multitudinem
696 2612 828 2669 inimicos
859 2614 981 2684 tulerat,
1013 2615 1116 2671 eadem
1134 2621 1174 2671 et

108 2719 211 2794 populi
242 2718 271 2774 in
304 2733 336 2771 se
367 2717 511 2773 saevientis
548 2717 681 2773 iniuriam
715 2717 793 2786 tulit3
828 2719 1013 2794 acceptisque
1047 2720 1078 2776 in
1109 2721 1203 2795 ips07

108 2825 212 2882 itinere
234 2820 337 2878 litteris
359 2830 477 2878 senatus
501 2823 537 2879 de
559 2831 674 2897 aequato
695 2821 833 2895 imperio,
862 2821 933 2877 satis
955 2823 1055 2894 fidens,
1081 2826 1174 2881 haud·
1272 2829 1275 2833 ’

111 2947 258 3004 quaquam
292 2945 357 2983 cum
379 2927 492 3001 imperii
519 2927 581 2984 iure
603 2936 695 2983 artem
728 2926 889 3000 imperandi
919 2936 1079 3000 aequatam,
1095 2916 1173 2986 *cum
1226 2938 1230 2951 ⁴

110 3035 219 3092 invicto
258 3050 276 3087 a
313 3032 423 3088 civibus
458 3032 649 3105 hostibusque
688 3031 786 3087 animo
823 3030 860 3086 ad
890 3032 1046 3089 exercitum
1083 3035 1175 3091 rediit.

111 3138 257 3196 Minucius
286 3156 357 3193 vero
380 3156 468 3211 quum
496 3137 554 3192 iam
578 3147 644 3192 ante
667 3135 719 3191 vix
740 3134 899 3191 tolerabilis
921 3133 1024 3194 fuisset
1043 3138 1175 3196 secundis
1226 3136 1271 3205 Ἠ

111 3245 199 3300 rebus
228 3260 262 3298 ao
290 3241 394 3298 favore
422 3241 517 3316 vulgi,
548 3249 610 3296 tum
639 3240 739 3315 utiquc
766 3239 920 3298 immodice
947 3241 1206 3316 immodestequ02

112 3365 172 3404 non
199 3346 367 3404 Hannibale
395 3345 489 3420 magis
518 3345 595 3403 victo
624 3347 662 3403 ab
696 3364 727 3402 ss
758 3364 845 3419 quam
875 3345 911 3419 Q.
934 3346 1028 3404 Fabio
1046 3347 1177 3421 gloriari.

112 3452 199 3510 Illum
230 3452 263 3536 in
291 3453 378 3509 rebus
408 3450 518 3525 asperis
548 3452 663 3508 unicum
692 3452 809 3506 ducem
828 3469 862 3508 ac
892 3470 993 3525 parem
1025 3452 1207 3526 quaesitans

112 3557 288 3628 Hannibali,
324 3556 463 3613 maiorem
500 3557 618 3628 minori,
655 3557 827 3613 dictatorem
863 3557 1003 3631 magistro
1038 3557 1177 3632 equitum,

115 3663 193 3737 quod
222 3662 303 3718 nulla
334 3662 475 3718 memoria
503 3663 611 3718 habeat
638 3661 803 3731 annalium,
836 3661 916 3717 iussu
944 3661 1045 3735 populi
1077 3681 1178 3736 aequa·

115 3776 175 3824 tum
210 3767 240 3824 iu
271 3767 372 3825 eadem
403 3767 534 3837 civitate,
566 3767 674 3841 inqua
695 3767 827 3841 magistri
850 3765 977 3839 equitum
1009 3765 1108 3840 virgas
1143 3784 1178 3824 ac

117 3890 233 3930 secures
265 3872 415 3930 dictatoris
446 3881 568 3930 tremere
595 3882 683 3946 atque
709 3873 828 3929 horrere
863 3869 940 3926 soliti
961 3868 1033 3939 sint;
1064 3872 1209 3928 tantuml

116 3995 199 4034 suam
231 3975 397 4034 felicitatem
426 3979 620 4052 virtutemque
648 3977 793 4034 enituisse.
842 3975 922 4048 Ergo
953 3982 1117 4031 secuturum
1147 3993 1178 4032 se

950 4071 981 4125 6·
