2700 4426
430 194 623 246 asnerxxm.
660 190 855 258 (acuere.)
965 268 969 274 Ι
1075 192 1129 252 tet

100 379 184 435 teria
205 386 315 453 septem
338 390 367 436 et
388 379 499 454 viginti.
547 381 627 437 Ante
648 379 747 437 omnia
770 379 879 436 claram
907 387 935 435 et
957 377 1175 435 memorabilem
1230 371 1267 437 41

103 502 236 560 pugnam
258 483 327 542 fecit
348 485 520 542 Hasdrubal
539 484 700 560 imperator
720 493 823 560 captus
843 493 872 542 et
893 486 1001 541 Hanno
1024 492 1053 538 et
1074 483 1175 557 Mago,

104 589 219 646 nobiles
241 570 512 665 Carthaginienses,
542 592 633 665 Mago
663 609 700 646 ex
726 598 813 665 gente
840 589 981 659 Barcina,
1010 587 1205 663 propinquat

100 694 283 768 cognatione
303 696 465 752 Hannibali
485 696 609 764 iunctus,
631 695 740 750 Hanno
763 704 865 753 auctor
886 694 1051 751 rebellionis
1074 692 1176 751 Sardis

104 799 235 872 bellique
257 800 318 856 eius
339 801 419 857 haud
441 801 528 857 dubie
550 797 689 856 conciter.
734 801 799 857 Nec
824 798 984 857 Sardorum
1012 798 1100 854 duces
1123 796 1206 854 nti-3

104 921 162 960 nus
191 904 318 961 nobilem
352 924 416 962 eam
448 905 591 980 pugnam
613 904 744 960 cladibus
780 904 840 960 suis
872 902 1014 972 fecerunt3
1046 920 1114 957 nam
1147 909 1176 957 et

103 1008 184 1065 tilius
205 1010 410 1084 Hampsicora
431 1012 544 1068 Hostus
565 1010 595 1066 in
618 1010 680 1066 acie
702 1009 819 1078 cecidit,
842 1017 870 1065 et
890 1007 1087 1082 Hampsicora
1109 1013 1203 1065 euml

103 1114 210 1189 paucis
235 1114 380 1189 equitibus
401 1113 525 1191 fugiens,
548 1125 580 1173 ut
601 1135 689 1191 super
709 1114 834 1172 afflictas
860 1130 907 1170 res
937 1130 1035 1169 necem
1059 1128 1176 1185 qnoque

103 1219 159 1278 filii
181 1218 302 1290 audivit,
324 1231 417 1291 nocte,
439 1240 476 1277 ne
497 1222 578 1279 cuius
599 1222 778 1279 interventus
798 1228 893 1294 coepta
914 1217 1075 1293 impediret,
1097 1234 1175 1272 mor-

103 1333 167 1382 tem
182 1325 236 1382 sibi
251 1325 400 1384 conscivit.
447 1325 558 1383 Ceteris
579 1326 648 1383 urbs
663 1325 777 1384 Cornus
798 1326 910 1394 eadem,
930 1340 994 1398 quae
1009 1329 1085 1400 ante,
1098 1320 1176 1396 fugae
1189 1327 1205 1382 b

104 1431 321 1505 receptaculum
351 1429 420 1500 fuit3
452 1450 540 1505 quam
569 1433 696 1490 Manlius
725 1432 835 1489 victore
863 1429 990 1487 exercitu
1020 1443 1175 1501 aggressus
1252 1442 1267 1458 ⁹

103 1535 186 1592 intra
208 1534 268 1592 dies
290 1553 400 1611 paucos
422 1538 539 1611 recepit.
588 1539 701 1594 Deinde
723 1536 787 1593 alise
810 1553 926 1610 quoque
948 1533 1088 1602 civitates,
1111 1539 1205 1606 quaed

106 1640 148 1697 ad
170 1641 395 1717 Hampsicoram
418 1643 585 1716 Poenosque
616 1642 796 1709 defecerant,
826 1639 976 1696 obsidibus
998 1638 1074 1695 datis
1095 1638 1174 1694 dedi-

107 1744 214 1801 derunt
235 1762 314 1814 sese3
336 1745 440 1817 quibus
462 1746 605 1821 stipendio
626 1747 830 1818 frumentoque
844 1744 986 1817 imperato
1009 1761 1064 1817 pro
1079 1743 1176 1799 cuins-

106 1867 172 1924 que·
189 1856 240 1904 aut
261 1848 371 1904 viribus
402 1858 453 1906 aut
474 1851 593 1924 delicto,
626 1850 746 1909 Carales
775 1848 933 1906 exercitum
961 1848 1085 1907 reduxit.
1128 1847 1203 1907 Ibil

107 1953 235 2011 navibus
258 1953 505 2027 longis-deductis
531 1957 742 2031 impositoque,
770 1972 854 2028 quem
880 1971 976 2010 secum
1005 1953 1174 2022 advexerat,

108 2059 230 2129 milite‚'
253 2061 377 2116 Romam
412 2061 546 2135 navigat,
582 2061 806 2134 Sardiniamque
837 2057 1029 2133 perdomitam
1064 2057 1177 2114 nuntiat

110 2164 259 2241 patribus3
281 2173 309 2219 et
330 2165 504 2240 stipendium
523 2167 724 2241 quaestoribus,
746 2164 922 2222 frumentum
944 2163 1083 2232 aedilibus,
1105 2179 1174 2236 cap-

109 2268 189 2324 tivos
211 2268 249 2341 Q.
270 2269 376 2326 Fulvio
400 2271 517 2345 praetori
539 2273 636 2329 tradit.

196 2375 256 2431 Per
284 2375 360 2432 idem
384 2386 498 2452 tempus
525 2379 562 2434 Τ.
586 2375 727 2434 Otacilius
748 2384 856 2450 praetor
877 2376 915 2432 ab
938 2372 1067 2449 Lilybreo
1090 2372 1208 2431 classi8

110 2479 141 2535 in
163 2478 297 2537 Africam
313 2489 495 2539 transvectus
513 2482 764 2557 depopulatusque
780 2499 882 2555 agrum
897 2478 1176 2552 Carthaginiensem,

109 2601 202 2658 quum
225 2584 389 2667 Sardiniam
411 2588 479 2644 inde
500 2595 624 2662 peteret,
653 2604 711 2659 quo
733 2585 815 2643 fama
836 2593 899 2642 erat
918 2583 1135 2642 Hasdrubalem
1158 2588 1207 2642 a9

110 2686 281 2745 Baliaribus
301 2708 394 2764 nuper
416 2691 578 2761 traiecisse,
605 2691 692 2748 classi
714 2670 846 2749 Africam
878 2688 1020 2765 repetenti
1042 2687 1176 2756 occurrit,

109 2791 228 2868 levique
254 2796 410 2852 certamine
437 2797 466 2852 in
495 2796 555 2853 alto
585 2796 751 2866 commisso,
773 2803 884 2869 septem
911 2794 977 2850 inde
999 2811 1089 2849 naves
1112 2811 1175 2849 cum

109 2898 201 2976 sociis
221 2899 374 2956 navalibus
396 2902 481 2976 cepit.
531 2899 651 2959 Ceteras
673 2909 766 2958 metus
787 2899 866 2956 haud
888 2916 971 2955 secus
994 2916 1083 2971 quam
1105 2907 1176 2953 tem-

111 3011 212 3078 pestas
232 3004 342 3078 passim
364 3004 483 3061 disiecit.

196 3107 257 3164 Per
289 3109 405 3165 eosdem
437 3108 514 3166 forte
543 3110 604 3167 dies
637 3119 665 3167 et
693 3109 841 3166 Bomilcar
874 3126 939 3165 cum
966 3109 1104 3166 militibus
1140 3109 1177 3165 ad
1195 3113 1229 3166 tu

111 3212 344 3287 supplementum
374 3213 553 3290 Carthagine
579 3216 674 3273 missis
707 3213 926 3290 elephantisque
957 3220 986 3269 et
1014 3223 1177 3270 commeatu

112 3317 226 3375 Locros
241 3318 372 3377 accessit.
414 3319 509 3392 Quem
524 3330 555 3377 ut
569 3321 715 3378 incautum
738 3320 915 3396 opprimeret
934 3319 1015 3393 App.
1031 3316 1179 3388 Claudius,
1195 3323 1227 3376 ll

112 3439 167 3497 per
200 3421 413 3482 simulationem
446 3425 602 3499 provinciae
631 3425 840 3483 circumeunda
872 3425 1040 3481 Messanam
1070 3423 1177 3498 raptim

112 3527 243 3584 exercitu
265 3527 361 3599 ducto,
380 3539 458 3586 vento
479 3539 607 3604 aestuque
634 3547 687 3586 suo
712 3532 823 3588 Locros
852 3510 974 3589 traiecit.
1016 3530 1080 3585 Iam
1111 3529 1178 3585 inde
1194 3531 1228 3586 12

113 3633 264 3690 Bomilcar
285 3635 322 3690 ad
344 3635 519 3692 Hannonem
541 3636 570 3692 in
592 3636 722 3694 Bruttios
744 3633 891 3712 profectus
914 3641 985 3705 erat,
1008 3643 1036 3690 et
1050 3635 1178 3691 Locren-

113 3756 160 3796 ses
188 3747 290 3814 portas
313 3741 457 3798 Romanis
477 3742 653 3811 clauserunt3
682 3742 807 3818 Appius,
829 3757 937 3815 magno
964 3723 1070 3795 conatu
1098 3737 1178 3794 nulla

102 3853 260 3920 regesta,
282 3845 451 3902 Messanam
466 3847 579 3920 repetit.
643 3861 644 3864 ’
763 3852 764 3855 ’

198 3950 311 4007 Eadem
337 3960 438 4007 aestate
459 3951 615 4008 Marcellus
644 3954 681 4008 ab
702 3951 797 4020 Nola,
828 3968 914 4024 quam
944 3947 1078 4023 prasidio
1104 3947 1178 4004 obti·
1193 3949 1229 4007 13

143 4070 207 4108 bivias
224 4081 247 4107 ex
261 4079 300 4106 rac.
313 4063 410 4110 lltdvlgii·
438 4063 470 4100 ΙΙΙ.
951 4058 987 4102 ll‘
