2748 4556
341 273 395 328 174
587 268 665 317 Liber
681 267 811 319 XXVIII.
852 267 899 328 (Δ.
910 281 936 319 u.
948 282 971 318 c.
984 267 1056 329 549.)

294 453 418 510 monium
442 451 611 528 Carthagini
634 471 719 526 quam
745 470 791 508 me
812 451 913 527 patriae
935 471 1006 509 meae
1025 451 1138 508 sinerem
1152 459 1251 509 natum
1265 471 1327 508 esse.

294 569 491 634 cresceretque
521 559 589 616 mihi
621 577 657 616 ex
680 577 714 615 eo
735 559 799 633 ipso
822 558 936 629 fiducia,
958 557 1036 632 quod
1057 567 1149 632 posset
1167 559 1196 614 in
1213 559 1325 616 hominis

184 639 186 646 ,
243 668 376 725 etunius
405 667 510 724 virtute
535 674 645 722 tantum
677 663 815 721 momenti
844 681 915 724 esse.
970 667 1013 722 At
1041 665 1125 722 etiam
1152 665 1327 722 Athenienses

294 771 427 830 audiendi
455 779 533 838 sunt,
570 780 677 828 temere
707 769 736 825 in
759 769 886 828 Siciliam
916 771 1023 828 omisso
1053 772 1131 827 domi
1149 771 1223 828 bello
1247 782 1327 826 trans·

242 883 277 939 21
293 879 393 954 gressi.
442 875 502 934 Cur
530 895 617 951 ergo,
650 875 785 950 quoniam
810 875 930 934 Graeces
957 875 1072 933 fabulas
1097 893 1228 934 enarrare
1248 885 1328 932 vacat

293 1004 352 1041 non
367 983 559 1058 Agathoclem
580 981 685 1056 potius,
708 979 919 1056 Syracusanum
944 1001 1052 1058 regem,
1075 1001 1161 1058 quum
1183 983 1230 1038 diu
1246 981 1327 1040 Sicilia

296 1090 407 1148 Punico
429 1089 504 1146 bello
525 1086 669 1154 ureretur,
692 1096 902 1163 transgressum
926 1091 955 1146 in
977 1092 1052 1147 hanc
1073 1090 1194 1146 eandem
1215 1087 1325 1146 African

199 1192 242 1261 44
296 1196 435 1254 avertisse
457 1214 491 1251 eo
513 1193 635 1262 bellurn,
666 1193 742 1250 unde
763 1206 896 1267 venerat,
926 1195 1038 1253 refers?
1086 1195 1145 1254 Sed
1176 1195 1243 1270 quid
1269 1193 1324 1249 ultro

295 1311 400 1360 metum
415 1299 521 1358 infame
540 1300 616 1356 hosti
631 1311 668 1368 et,
690 1299 727 1356 ab
750 1317 781 1356 se
803 1311 914 1358 remoto
930 1302 1067 1376 periculo,
1090 1302 1176 1358 alium
1198 1302 1227 1358 in
1248 1299 1322 1356 discri-

295 1426 359 1464 men
372 1406 515 1464 adducere
529 1405 614 1480 quale
629 1405 675 1474 sit,
690 1406 835 1462 veteribus
846 1408 1028 1482 externisque
1044 1408 1182 1484 exemplis
1195 1407 1321 1464 admonere

263 1515 366 1588 2opus
389 1511 454 1568 est?
501 1512 623 1569 Multum
645 1511 778 1582 interest,
816 1511 923 1570 alienos
952 1514 1092 1589 populere
1121 1516 1193 1572 fines
1225 1531 1260 1570 an
1279 1523 1323 1568 tros

294 1619 347 1689 uri,
371 1617 498 1675 exscindi
521 1617 640 1686 videas3
663 1617 727 1693 plus
750 1617 838 1674 animi
860 1627 904 1675 est
924 1619 1057 1677 inferenti
1079 1621 1237 1695 periculum
1259 1639 1323 1693 quan

262 1722 483 1798 3propulsanti.
530 1724 581 1781 Ad
614 1725 671 1780 hoe
705 1723 799 1780 maior
831 1725 993 1799 ignotarum
1031 1745 1128 1783 rerum
1165 1737 1209 1783 est
1242 1739 1324 1781 terror:

293 1830 371 1886 bona
393 1827 528 1903 malaque
549 1829 673 1885 hostium
697 1849 733 1886 ex
754 1831 918 1906 propinquo
939 1832 1086 1906 ingressus
1108 1834 1180 1890 fines
1194 1832 1323 1908 adspicias.

262 1941 278 1993 4
292 1937 360 1993 Non
375 1945 543 2011 speraverat
559 1934 706 1992 Hannibal
728 1935 800 2006 fore,
822 1944 855 1992 ut
877 1946 920 1994 tot
937 1938 967 1994 in
985 1936 1073 1994 Italia
1097 1938 1135 1995 ad
1150 1957 1182 1995 se
1196 1937 1323 1994 deficerent

242 2081 244 2086 -
287 2044 388 2117 populi
413 2051 481 2117 post
509 2039 689 2098 Cannensem
717 2042 843 2111 cladem3
877 2053 985 2117 quanto
1013 2043 1107 2099 minus
1137 2041 1322 2118 quicquamir

292 2149 395 2206 Africa
417 2145 701 2220 Carthaginiensibus
723 2147 836 2204 firmum
861 2158 912 2205 aut
933 2149 1036 2205 stabile
1058 2149 1112 2219 sit,
1139 2149 1232 2206 infidis
1251 2148 1321 2205 sociis.

260 2255 428 2330 hgravibus
457 2271 491 2309 ae
523 2251 654 2326 superbis
687 2251 831 2310 dominis?
879 2254 928 2311 Ad
952 2255 1008 2311 hoc
1029 2273 1100 2323 nos,
1135 2255 1219 2312 etiam
1241 2251 1321 2310 deserti

291 2361 327 2416 ab
351 2359 453 2428 sociis,
485 2357 594 2414 viribus
615 2357 735 2427 nostris,
772 2357 861 2415 milite
881 2360 1015 2417 Romano
1037 2360 1183 2430 stetimus3
1220 2359 1319 2418 Cartha·

290 2465 412 2540 giniensi
446 2463 516 2520 nihil
548 2463 639 2521 civilis
675 2463 788 2520 roboris
825 2474 883 2534 est,
927 2467 1057 2524 mercede
1089 2477 1208 2542 paratos
1240 2466 1318 2522 milite

230 2588 231 2592 ’
290 2573 414 2638 habent,
447 2569 538 2628 Afros
559 2569 776 2644 Numidasque,
803 2568 950 2627 levissima
970 2571 1037 2628 fidei
1057 2573 1202 2628 mutandae
1220 2571 1316 2646 ingenia

261 2678 349 2734 6Hic
371 2677 460 2734 modo
482 2675 553 2732 nihil
576 2693 664 2732 mores
688 2675 739 2744 sitq
776 2693 833 2732 una
863 2685 892 2732 et·
912 2677 1059 2734 traiecisse
1080 2697 1127 2735 me
1150 2679 1274 2735 audietis.
1298 2686 1316 2730 st

293 2783 396 2839 ardere
417 2782 493 2840 bello
515 2779 665 2850 Africam,
703 2782 882 2839 emolientem
903 2783 970 2839 hine
990 2783 1202 2854 Hannibalem,
1236 2795 1260 2840 et
1280 2783 1314 2838 ob

291 2889 378 2945 sideri
408 2887 623 2962 Carthaginem.
670 2887 808 2944 Laetiores
831 2897 860 2944 et
879 2887 1089 2962 frequentiores
1113 2909 1151 2946 ex
1173 2890 1263 2948 Africa
1278 2907 1313 2945 ex·

262 2995 418 3070 lspectete
443 2993 575 3063 nuntios,
613 3011 699 3068 quern
723 3013 759 3050 ex
784 2994 928 3069 Hispania
949 2995 1145 3069 accipiebatis.
1191 2997 1248 3054 Has
1265 2993 1312 3050 mihi

290 3118 356 3175 spes
389 3098 503 3156 subiicit
534 3096 652 3154 fortuna
682 3099 783 3174 populi
812 3101 952 3170 Romani,
991 3100 1019 3156 di
1051 3099 1170 3160 foederis
1197 3105 1231 3161 ab
1254 3105 1310 3160 hoste

289 3203 391 3261 violati
412 3212 514 3273 testes,
553 3203 673 3278 Syphax
695 3215 723 3260 et
743 3205 899 3263 Masinissa
919 3223 1019 3280 reges,
1057 3225 1179 3281 quorum
1203 3228 1249 3286 ego
1266 3206 1310 3265 tidei

260 3309 330 3366 8ita
351 3309 473 3380 innitar,
503 3319 534 3367 ut
556 3310 628 3366 bene
657 3319 735 3366 tutus
762 3329 780 3366 a
800 3311 921 3386 perfidie
944 3312 1007 3371 sim.
1054 3313 1164 3385 Multa,
1186 3333 1242 3390 qua
1258 3329 1309 3371 nunc

291 3435 327 3472 ex
358 3415 510 3471 intervallo
539 3433 597 3470 non
627 3425 783 3490 apparent,
820 3417 926 3473 bellum
955 3419 1073 3494 aperies
1120 3421 1156 3477 Id
1178 3430 1217 3478 est
1235 3421 1276 3478 vin'
1290 3429 1306 3474 et

291 3520 390 3589 ducis,
411 3539 470 3576 non
493 3519 592 3577 deesse
615 3518 737 3577 fortunae
756 3523 895 3597 praebenti
917 3542 949 3580 se
970 3534 999 3581 et
1020 3524 1121 3581 oblata
1142 3545 1207 3584 casu
1226 3529 1306 3585 flectcre

259 3625 328 3680 tlad
354 3625 514 3684 consilium.
563 3627 698 3696 Habebo,
721 3626 756 3698 Q.
778 3627 870 3696 Fabi,
891 3647 1010 3704 parem,
1033 3649 1119 3704 quem
1142 3634 1207 3704 das,
1226 3632 1305 3691 Hanni·

290 3730 399 3800 belem3
435 3731 486 3787 sed
507 3730 587 3788 illum
610 3750 664 3806 ego
685 3732 781 3807 potius
803 3734 933 3806 traham,
964 3753 1051 3810 quam
1075 3737 1124 3794 ille
1145 3755 1189 3797 me
1207 3741 1303 3797 retineat.

290 3837 326 3892 In
350 3854 403 3892 sua
425 3847 502 3894 terra
524 3856 626 3912 cogam
652 3857 782 3913 pugnare
804 3858 886 3910 eum,
925 3849 954 3897 et
981 3840 1130 3918 Carthago
1154 3847 1238 3918 pobbo
1253 3861 1304 3920 prs·

241 3943 276 3998 10
292 3942 379 3999 mium
409 3942 536 4000 victoriae
564 3944 618 4000 erit
646 3963 731 4019 quam
762 3945 900 4003 semiruta
920 3947 1099 4006 Bruttiorum
1125 3951 1239 4011 cestalla.
1274 3949 1303 4007 lle

292 4048 362 4120 quid
384 4047 515 4117 interim,
539 4047 605 4104 dum
629 4049 750 4120 traiicio‚
772 4051 838 4108 dum
864 4071 978 4127 expono
995 4055 1157 4136 exereitum
1179 4058 1205 4114 in
1223 4055 1303 4115 Africa
