2700 4426
424 119 502 169 Liber
519 119 632 170 xxvn.
670 119 714 181 (A.
729 117 778 173 ch.
792 119 860 182 111.)
1098 123 1135 191 87

113 319 201 373 quam
227 303 306 375 quod
325 301 419 377 primo
436 302 511 359 male
528 310 720 378 pugnaverat,
743 302 820 376 quia,
843 310 969 377 vagante
988 321 1041 377 per
1061 303 1177 360 Italiam

112 405 288 477 Hannibale,
312 406 406 464 media
420 415 520 463 aestate
540 407 701 478 Venusiam
722 408 751 464 in
777 417 853 464 tecta
875 407 979 465 milites
1001 408 1178 466 abduxisset.

63 489 65 499 ‚
112 511 250 568 Inimicus
272 522 336 570 erat
357 513 382 569 ei
404 511 437 572 C.
453 512 745 585 Publiciustibnlus
767 512 1022 586 tribunusplebis.
1066 515 1096 570 Is
1119 514 1177 570 iam
1197 519 1227 574 ll

112 634 131 670 a
163 615 258 690 prima
290 636 403 692 pugna,
437 637 502 691 quae
540 617 663 674 adversa
695 617 805 700 fuerat,
840 618 964 675 assiduis
996 618 1178 675 contionibus

112 719 250 778 infamem
281 722 464 797 invisumque
496 722 592 798 plebei
629 719 782 778 Claudium
819 721 947 793 fecerat,
984 730 1012 778 et
1046 723 1105 779 iam
1142 724 1178 780 de

111 824 233 899 imperio
259 828 429 902 abrogando
452 828 513 885 eius
535 827 651 902 agebat,
674 846 761 901 quum
781 835 879 884 tamen
896 827 1050 884 necessarii
1063 825 1177 884 Claudii
1194 831 1229 887 12

112 929 315 1003 obtinuerunt,
347 943 386 1002 ut,
418 933 519 990 relicto
551 931 689 989 Venusiae
719 931 826 1006 legato,
859 932 1015 990 Marcellus
1050 909 1175 990 Romam
1264 939 1266 943 '

110 1036 216 1092 rediret
259 1038 296 1093 ad
332 1039 485 1112 purganda
518 1057 569 1108 ea,
606 1054 670 1110 quse
701 1034 810 1092 inimici
841 1036 1013 1107 obiicerent,
1052 1056 1105 1093 nec
1140 1037 1176 1094 de

109 1138 231 1215 imperio
271 1143 333 1199 1111
360 1144 530 1216 abrogando
561 1143 681 1198 absente
712 1140 776 1214 ipso
806 1153 948 1216 ageretur.
1003 1144 1093 1199 Forte
1122 1143 1176 1199 sub
1192 1146 1227 1201 13
1256 1129 1257 1132 Ἰ

109 1244 185 1301 idem
215 1255 328 1321 tempus
358 1256 387 1303 et
407 1246 563 1303 Marcellus
586 1247 624 1303 ad
645 1246 856 1320 deprecandam
878 1247 1067 1321 ignominiam
1090 1255 1118 1303 et
1140 1246 1175 1320 Q.

109 1349 230 1407 Fulvius
256 1353 356 1409 consul
385 1352 565 1409 comitiorum
598 1369 687 1408 eausa
715 1352 840 1407 Romam
873 1351 961 1408 venit.
1011 1354 1119 1408 Actum
1140 1353 1176 1409 de
1230 1349 1270 1418 21

107 1453 229 1528 imperio
251 1456 383 1513 Marcelli
405 1457 435 1513 in
458 1458 534 1514 circo
562 1457 707 1514 Flaminio
737 1464 781 1512 est
814 1455 923 1530 ingenti
952 1473 1090 1512 concursu
1112 1455 1175 1531 ple·

109 1560 212 1633 bisque
237 1568 265 1616 et
287 1562 414 1617 omnium
437 1561 586 1634 ordinum,
612 1561 824 1640 ‘accusavitque
849 1560 980 1616 tribunus
1002 1560 1094 1634 plebis
1115 1565 1205 1619 1112

108 1662 280 1720 Marcellum
309 1664 419 1735 modo,
448 1665 499 1722 sed
531 1685 645 1725 omnem
674 1665 868 1723 nobilitatem:
899 1663 1003 1722 fraude
1024 1683 1124 1721 eorum
1147 1673 1176 1721 et

108 1769 289 1826 cunctatione
315 1769 394 1843 fieri,
429 1779 460 1827 ut
489 1771 638 1829 Hannibal
667 1772 808 1834 decimum
834 1770 893 1827 iam
922 1787 1028 1826 annum
1057 1769 1174 1826 Italiam

107 1873 287 1950 provinciam
328 1876 450 1945 habeat,
487 1875 594 1932 diutius
630 1870 672 1932 ibi
712 1893 800 1949 quam
839 1872 1016 1950 Carthagine
1054 1873 1173 1942 vixerit;

107 1980 216 2036 babere
237 1978 362 2036 fructum
384 1979 497 2054 imperii
517 1980 668 2055 prorogati
683 1979 824 2037 Marcello
843 1981 982 2054 populum
994 1977 1204 2048 Romanum33

107 2085 152 2141 bis
184 2103 289 2141 caesum
319 2085 475 2142 exercitum
505 2085 567 2141 eius
595 2084 697 2141 1111111
729 2085 866 2143 Venusiae
897 2086 951 2142 sub
973 2083 1055 2141 tectis
1077 2101 1173 2157 agere.

107 2190 194 2246 Hanc
225 2190 331 2246 tribuni
354 2190 514 2254 orationem
537 2191 578 2246 ita
601 2190 698 2247 obruit
718 2191 875 2247 Marcellus
897 2188 1204 2248 commemorationel

107 2314 202 2352 rerum
232 2314 366 2364 suarum,
402 2305 434 2351 ut
463 2313 520 2352 non
542 2295 656 2369 rogatio
681 2296 775 2352 solum
798 2296 834 2352 de
858 2295 979 2370 imperio
1002 2293 1064 2351 eius
1085 2293 1171 2349 abro-

109 2401 206 2474 gando
238 2401 456 2475 antiquaretur,
496 2400 547 2456 sed
574 2411 692 2476 postero
721 2402 767 2461 die
795 2402 940 2457 consulem
971 2418 1036 2456 enm
1063 2397 1172 2482 ingenti

107 2523 248 2561 consensu
268 2506 403 2562 centuriae
425 2523 524 2562 omues
547 2517 685 2566 crearent.
721 2507 849 2564 Additur
869 2506 982 2580 collega
1004 2506 1040 2562 T.
1065 2502 1204 2576 Quinc-5

104 2611 161 2664 tius
191 2607 357 2682 Crispinus,
393 2611 442 2682 qui
472 2618 532 2666 tum
560 2621 667 2685 praetor
693 2621 765 2672 1111.
812 2613 937 2668 Postero
967 2607 1012 2664 die
1033 2617 1172 2681 praetores
1229 2687 1231 2690 Α

106 2713 195 2769 creati
217 2715 252 2770 P.
275 2713 412 2770 Licinius,
425 2713 549 2770 Crassus
565 2714 667 2783 Dives,
698 2715 830 2789 pontifex
851 2715 1010 2781 maximus,
1037 2713 1072 2768 P.
1096 2712 1171 2768 Lici·

107 2817 171 2874 nius
196 2819 304 2888 Varus,
326 2819 395 2878 Sex.
418 2819 511 2877 Iulius
528 2817 635 2888 Caesar,
661 2817 696 2890 Q.
721 2817 868 2876 Claudius.

191 2923 381 2981 Comitiorum
408 2925 538 3000 ipsorum
572 2922 674 2980 diebus
702 2923 825 2980 sollicita
854 2921 956 2979 civitas
983 2920 1019 2976 de
1047 2918 1201 2975 Etruriaeb

107 3026 267 3085 defectione
299 3028 362 3086 firit.
410 3029 590 3103 Principium
621 3028 683 3085 eius
705 3028 748 3085 rei
783 3030 820 3086 ab
852 3025 997 3086 Arretinis
1025 3024 1102 3094 fieri,
1135 3021 1168 3084 C.

107 3132 280 3208 Calpurnius
302 3132 474 3206 scripserat,
507 3134 556 3206 qui
586 3150 649 3190 eam
672 3132 852 3208 provinciam
874 3149 928 3206 pro
949 3139 1073 3204 praetore
1094 3129 1170 3186 obti-
1192 3182 1195 3189 .

106 3238 202 3296 nebat.
251 3239 357 3311 Itaque
375 3237 523 3295 confestim
545 3258 580 3296 eo
599 3221 703 3296 missus
713 3238 870 3295 Marcellus
882 3235 982 3316 consul
993 3235 1199 3310 designarunt

106 3343 155 3416 qui
187 3361 248 3400 rem
283 3343 436 3416 inspiceret
470 3361 519 3414 ac,
549 3342 574 3400 si
602 3343 691 3418 digna
718 3343 882 3411 videretur,
919 3340 1047 3397 exercitu
1077 3339 1169 3396 accito

106 3446 210 3503 bellum
230 3466 267 3502 ex
286 3448 397 3522 Apulia
410 3447 439 3504 in
459 3448 605 3506 Etruriam
621 3447 800 3506 transferret.
849 3447 895 3504 Eo
918 3453 996 3502 metu
1012 3445 1170 3518 compressi

105 3551 220 3607 Etrusci
250 3551 428 3625 quieverunt
475 3553 700 3611 Tarentinorum
739 3553 842 3627 legatis
876 3569 977 3626 pacem
1006 3549 1200 3625 petentibus8

106 3674 170 3712 oum
202 3655 335 3714 libertate
362 3677 396 3715 ac
424 3658 536 3734 legibus
563 3657 622 3713 suis
651 3674 822 3732 responsum
856 3657 893 3712 ab
921 3662 1022 3712 senatu
1044 3666 1105 3726 est,
1138 3665 1171 3718 nt

106 3759 245 3829 redirent,
267 3779 354 3833 quum
377 3762 487 3819 Fabius
511 3763 612 3818 consul
632 3763 757 3819 Romam
780 3761 915 3818 venisset.

190 3864 264 3920 Ludi
296 3874 325 3921 11
352 3867 478 3924 Romani
506 3876 534 3923 et
562 3867 667 3942 plebeii
707 3884 741 3924 eo
782 3884 858 3924 anno
889 3866 919 3923 in
947 3866 1075 3941 singulos
1107 3865 1199 3923 dies9
