2748 4556
346 254 404 311 204
611 253 687 302 Liber
704 252 804 306 xxlx.
841 253 888 317 (A.
901 269 928 304 u.
941 267 965 302 e.
978 255 1051 318 sao.)

273 438 396 507 liussu,
418 437 515 496 traditi
536 437 565 494 iu
587 437 747 496 custodiam
769 437 896 514 Reginis.
945 439 1059 496 Praetor
1080 437 1209 514 legatique
1231 439 1333 495 Locrm

304 542 426 618 profecti
465 543 605 618 primam,
645 544 728 602 siemi
761 544 927 602 mandatnm
962 554 1045 617 erat,
1076 531 1206 620 religionis
1244 562 1331 601 curan

303 650 443 708 habuere:
475 669 589 708 omnem
619 650 692 707 enim
723 669 835 708 suoram
853 649 1021 726 pecuniam,
1057 669 1170 726 queque
1186 649 1264 724 apud
1283 649 1334 704 Ple·

303 758 412 814 mint'um
429 775 542 831 queque
559 756 636 832 apud
650 755 754 814 milites
771 766 842 828 erat,
864 755 1056 830 conquisitam
1074 774 1131 812 cum
1146 775 1183 824 eo,
1198 774 1282 830 qurum
1291 755 1336 828 ipsi

305 881 400 920 secum
419 861 583 932 attulerant,
604 863 634 919 in
653 862 796 919 thesauris
813 871 1003 937 reposuerunt
1024 879 1059 918 ac
1079 861 1215 937 piaculare
1235 879 1335 916 saunn

275 967 440 1024 bfecerunt.
488 969 565 1025 Tum
586 978 707 1026 vocatos
744 968 782 1024 ad
819 968 981 1026 contionem
1013 967 1117 1024 milites
1146 975 1248 1043 pretor
1267 967 1337 1041 signs

305 1082 388 1130 extra
416 1075 516 1131 urbem
544 1072 645 1132 efferre
672 1075 766 1146 iubet,
798 1083 950 1148 castraque
977 1073 1008 1130 in
1035 1093 1137 1150 campo
1165 1074 1256 1141 locat,
1287 1091 1336 1128 cun

304 1180 387 1255 gravi
408 1179 517 1249 edicto,
547 1180 572 1236 si
594 1181 658 1254 quis
680 1179 761 1238 miles
784 1179 883 1236 autin
905 1181 976 1237 urbe
1003 1181 1154 1238 restitisset
1179 1191 1227 1236 sut
1258 1195 1337 1233 secun

305 1285 466 1355 extulisset,
488 1286 563 1361 quod
583 1305 661 1343 auum
681 1301 734 1343 non
755 1295 838 1356 esset3
860 1286 1052 1344 Locrensibus
1074 1306 1105 1344 se
1124 1286 1337 1361 permitterent

305 1393 383 1466 quod
412 1391 455 1448 sui
486 1392 607 1466 quisque
629 1401 795 1468 cognosset,
828 1392 994 1466 prenderet,
1025 1392 1050 1448 si
1073 1393 1142 1467 quid
1160 1409 1216 1448 non
1240 1408 1339 1463 comps·

274 1501 292 1554 6
305 1506 389 1566 reret,
401 1497 476 1553 unde
486 1499 572 1567 vellet,
584 1508 728 1572 repeteret3
748 1508 815 1568 unte
826 1497 932 1569 omnia,
943 1497 1036 1554 libera
1046 1515 1163 1572 corpora
1173 1499 1284 1572 placere
1294 1496 1337 1550 sine

306 1621 388 1660 mora
402 1603 594 1660 Locrensibus
609 1601 735 1674 restitui;
757 1623 815 1661 non
832 1603 889 1660 levi
904 1603 1104 1661 defuncturum
1123 1623 1215 1679 poeua,
1239 1604 1287 1677 qui
1298 1621 1339 1657 neu

276 1707 482 1764 trestituisset.
532 1709 719 1767 Locrensium
747 1709 850 1767 deinde
878 1709 1040 1766 contionem
1070 1709 1186 1781 hebuit,
1217 1707 1337 1784 atqueiis

305 1815 465 1872 libertatem
506 1816 642 1891 legesque
676 1835 744 1874 suas
789 1815 926 1890 populum
968 1815 1134 1872 Romanum
1174 1826 1339 1887 senatumque

304 1921 452 1978 restituere
485 1920 573 1988 dixit3
606 1920 630 1978 si
663 1921 713 1995 qui
741 1921 914 1980 Pleminium
947 1920 1072 1977 aliumve
1106 1940 1192 1996 quem
1223 1937 1337 1980 accusare

273 2028 399 2096 8vellet,
420 2028 542 2102 Regium
568 2045 599 2084 se
621 2036 802 2100 sequeretur;
826 2028 851 2084 si
872 2027 908 2083 de
928 2027 964 2086 P.
987 2026 1123 2102 Scipione
1144 2029 1257 2103 publice
1278 2025 1339 2101 quen'

304 2134 428 2203 vellent,
463 2152 511 2203 ea,
534 2141 608 2207 'quse
632 2133 733 2190 Locris
766 2133 875 2190 nefarie
907 2133 936 2190 in
964 2131 1035 2188 deos
1065 2133 1254 2209 hominesque
1281 2132 1338 2188 iacta

305 2250 416 2308 essent,
449 2241 526 2297 iussn
556 2249 606 2296 aut
631 2238 779 2297 voluntate
808 2241 841 2299 P.
864 2238 1009 2313 Scipionis
1030 2237 1110 2294 facte
1132 2257 1213 2311 esse,
1248 2239 1336 2312 legans

274 2345 448 2403 dmitterent
478 2347 661 2413 Messanam
693 2344 733 2400 ibi
764 2361 794 2400 se
827 2363 892 2400 cunr
919 2343 1039 2401 consilio
1064 2345 1254 2420 cogniturum.
1295 2341 1336 2396 Lo·

240 2454 246 2464 '
305 2469 418 2507 crenses
440 2451 555 2525 praetori
575 2450 752 2525 legatisque,
784 2439 897 2506 senatui
919 2469 953 2507 ac
973 2451 1074 2526 populi
1094 2453 1230 2509 Romano
1251 2446 1334 2524 grntlt⁴

255 2557 290 2611 10
305 2567 438 2630 egerunt3
477 2575 508 2612 se
540 2557 577 2612 ad
605 2555 778 2612 Pleminium
816 2557 1009 2613 accusandum
1044 2557 1151 2626 itnr0s;
1185 2555 1333 2630 Scipionem.

306 2680 471 2736 quanquam
508 2681 610 2736 perum
642 2660 752 2718 iniuriis
774 2660 898 2717 civitatis
934 2681 993 2718 suae
1025 2662 1166 2732 doluerit,
1204 2680 1266 2718 eum
1292 2671 1332 2711 ent

304 2768 415 2838 virum,
448 2787 532 2842 quem
564 2767 687 2824 amicum
718 2767 773 2824 sibi
795 2786 882 2841 quam
903 2767 1049 2824 inimicum
1072 2767 1176 2824 malint
1197 2785 1270 2832 esse;
1299 2776 1334 2835 prt

305 2884 383 2931 certo
409 2893 440 2930 se
465 2875 587 2943 habere,
620 2892 713 2947 neque
740 2873 819 2932 iussu
849 2879 943 2948 neque
972 2873 1123 2930 voluntate
1152 2875 1188 2932 P.
1219 2863 1332 2946 Scipionis

305 2990 348 3038 tot
369 2992 428 3037 tam
444 2979 570 3036 nefanda
585 2978 746 3050 commissa,
769 2979 884 3036 sedant
902 2979 1044 3036 Pleminio
1057 2979 1189 3050 nimium,
1212 2974 1285 3056 [ant]
1297 2969 1333 3027 sibl

257 3093 287 3144 ll
305 3106 407 3162 parum
427 3086 574 3153 creditum,
599 3092 648 3140 aut
669 3092 773 3140 natura
794 3084 910 3141 insitum
932 3085 1105 3159 quibusdam
1127 3103 1201 3156 esse,
1223 3077 1331 3151 utuugi*

305 3191 419 3267 peccari
443 3190 535 3247 nolint
556 3209 643 3264 quam
658 3190 728 3246 sutis
743 3190 831 3247 urrimi
854 3191 891 3246 ad
903 3190 1078 3247 vindicanda
1091 3202 1216 3265 peccata
1226 3191 1331 3248 habeant

305 3299 344 3354 Et
372 3296 488 3372 praetori
515 3304 543 3352 et
564 3296 684 3353 consilio
705 3296 783 3353 haud
805 3295 951 3353 mediocre
972 3313 1045 3352 onus
1067 3295 1217 3372 demptum
1240 3303 1292 3353 erat
1309 3288 1330 3342 lt

257 3407 291 3463 12
306 3403 441 3479 Scipione
476 3403 676 3477 cognoscendi.
736 3401 908 3459 Pleminium
946 3413 975 3459 et
1012 3403 1049 3458 ad
1081 3402 1140 3459 duo
1177 3413 1208 3460 et
1246 3398 1330 3473 uigintt

306 3510 435 3566 homines
458 3527 522 3567 eum
544 3527 579 3565 eo
600 3508 810 3564 damnaverunt
837 3518 924 3581 atque
944 3508 974 3564 in
995 3507 1104 3564 cetenis
1126 3510 1252 3566 Romam
1273 3504 1330 3561 nist

257 3619 292 3673 13
305 3625 380 3671 runt.
443 3614 505 3690 Ipsi
535 3615 572 3671 ad
609 3613 771 3689 Scipionem
803 3612 939 3688 profecti,
981 3623 1012 3670 ut
1049 3633 1084 3670 ea
1120 3633 1256 3689 quoque,
1290 3622 1328 3681 qut

305 3719 425 3794 vulgata
456 3721 635 3778 sermonibus
667 3729 749 3778 erant
784 3720 819 3775 de
856 3718 933 3776 cultu
969 3737 1003 3775 ac
1035 3719 1147 3777 desidia
1180 3709 1328 3795 imperatui*

308 3825 459 3899 soluteque
482 3826 632 3900 disciplina
654 3825 769 3895 militiae,
791 3834 938 3900 comperte
959 3825 1049 3882 oculis
1071 3824 1215 3883 referrent
1232 3829 1327 3884 Romu

212 3929 255 3997 22
392 3929 580 3987 Venientibus
605 3931 639 3988 iis
662 3931 822 4008 Syracusas
843 3930 941 4006 Scipio
963 3949 1024 4001 res,
1045 3950 1105 3988 non
1124 3933 1217 3990 verba
1237 3931 1271 3988 ad
1286 3941 1328 4002 put·

308 4038 434 4110 gaudum
479 4054 542 4092 sese
581 4037 706 4112 paravit.
766 4037 933 4094 Exercitum
971 4055 1085 4094 omnem
1126 4056 1163 4094 ec
1200 4032 1325 4096 convenit·
