2700 4426
428 125 620 175 Lineaxxvn
657 125 706 188 (A.
720 123 767 176 cn.
780 127 852 189 sio.)
1092 131 1130 186 39

108 305 145 360 de
177 305 338 365 Satricanis
366 307 514 365 sententiae
543 308 671 366 dicenda
703 308 748 366 ius
775 318 860 367 esset.
930 310 1036 383 Itaque
1069 328 1173 368 censeo
1189 311 1220 365 11

108 427 173 466 cum
205 410 327 468 tribunis
356 411 448 486 plebis
476 397 619 487 agendum
648 431 728 485 esse,
756 423 787 470 ut
815 431 914 471 eorum
945 432 1018 471 nnus
1040 414 1175 488 pluresve

107 516 289 590 rogationem
303 516 400 574 ferant
419 517 457 573 ad
478 517 601 592 plebem,
624 537 682 592 qua
702 518 786 575 nobis
801 519 945 575 statuendi
966 520 1002 576 de
1017 517 1174 595 Campanis

106 619 156 678 ius
178 623 257 681 fiat.“
317 623 352 679 L.
375 623 483 680 Atilius
504 623 635 680 tribunus
669 623 761 698 plebis
793 642 829 679 ex
857 624 1030 680 auctoritate
1057 634 1173 680 senatus
1191 623 1225 680 12

107 725 221 800 plebem
249 726 279 782 in
308 728 370 784 haec
402 730 493 785 verba
522 729 653 803 rogavit:
694 727 823 796 „Omnes
845 725 1003 803 Campani,
1036 729 1174 799 Atellani,

108 829 243 902 Calatini,
266 832 409 904 Sabatini,
431 833 534 906 quise
556 833 726 891 dediderunt
751 833 781 888 in
803 834 952 891 arbitrium
976 833 1175 908 dicionemque

107 939 208 1013 populi
216 939 341 996 Romani
351 937 384 1006 Q.
392 938 498 996 Fulvio
506 938 681 1013 proconsuli,
689 937 836 1015 [quosque
844 956 1004 996 unasecum
1014 934 1174 1013 dedidere],
1190 939 1225 994 13

109 1061 230 1117 quaeque
252 1062 311 1100 una
334 1061 431 1101 secum
454 1044 600 1110 dedidere,
633 1062 734 1118 agrum
757 1045 930 1118 urbemque,
953 1044 1051 1100 divina
1072 1045 1174 1100 huma·

108 1166 204 1222 naque
237 1150 428 1224 utensiliaque
461 1150 523 1205 sive
547 1148 616 1221 quid
645 1148 722 1205 aliud
744 1148 929 1219 dediderunt,
962 1147 1012 1204 del
1025 1148 1060 1204 iis
1088 1149 1175 1204 rebus

108 1253 178 1327 quid
191 1254 253 1311 fieri
266 1255 370 1325 velitis,
391 1272 445 1311 vos
468 1273 551 1329 rogo,
573 1253 729 1326 Quirites.“
775 1254 879 1311 Plebes
894 1254 936 1310 sic
949 1253 1047 1310 iussit:
1070 1253 1176 1326 ,Quod
1190 1254 1227 1309 14
1279 1311 1287 1324 ,

107 1368 225 1415 senatus
239 1359 360 1430 iuratus,
383 1360 511 1416 maxima
532 1377 611 1433 pars,
634 1368 758 1430 censeat,
782 1358 831 1432 qui
852 1359 974 1428 adsient,
995 1359 1025 1414 id
1041 1358 1174 1415 volumus
1264 1432 1266 1436 ,

107 1464 326 1540 iubemusque.“
385 1466 433 1522 Ex
465 1466 538 1524 hoc.
552 1464 720 1539 plebeiscito
747 1474 864 1520 senatus
894 1462 1041 1520 consultus
1070 1462 1174 1538 Oppiae
1227 1457 1271 1526 34

108 1567 277 1644 Cluviaeque
297 1571 421 1646 primum
446 1573 524 1628 bona
562 1590 597 1628 ac
621 1571 784 1627 libertatem
806 1568 942 1626 restituit:
982 1567 1007 1624 si
1035 1587 1093 1643 qua
1117 1567 1176 1624 alia

107 1675 228 1749 praemia
251 1685 349 1749 petere
370 1677 408 1732 ab
430 1686 531 1732 senatu
553 1674 674 1744 vellent,
713 1675 812 1731 venire
836 1692 886 1730 eas
907 1675 1043 1734 Romam.
1087 1671 1206 1729 Cam-2

107 1779 191 1854 panis
231 1779 261 1835 iu
293 1779 420 1837 familias
450 1780 580 1854 singulas
613 1780 729 1837 decreta
757 1778 852 1848 iacta,
893 1797 958 1852 quae
990 1797 1049 1834 nou
1079 1797 1178 1853 operte

107 1884 230 1960 pretium
254 1894 297 1942 est
318 1886 417 1942 omnia
441 1904 624 1942 enumerare:
645 1884 767 1941 aliorum
789 1883 868 1939 bona
889 1883 1204 1958 publicanda„ips0s3

107 1989 272 2063 liberosque
305 2010 404 2047 eorum
437 1999 466 2047 et
497 1990 634 2064 coniuges
670 1988 835 2044 vendendas
868 1997 951 2045 extra
981 1989 1072 2058 filias,
1111 2007 1175 2062 quae

108 2095 299 2169 enupsissent,
312 2097 491 2171 priusquam
514 2095 543 2150 in
564 2094 666 2170 populi
692 2093 818 2152 Romani
841 2102 1012 2168 potestatem
1034 2093 1174 2162 venirent,

107 2200 181 2257 alios
209 2201 239 2257 in
269 2201 385 2258 vincula
414 2201 579 2257 condendos
607 2219 641 2257 ac
662 2200 699 2256 de
720 2201 754 2256 iis
783 2199 926 2274 posterius
958 2197 1207 2257 consulendum4

107 2305 242 2362 Aliorum
281 2305 498 2380 Campanorum
536 2323 679 2361 summam
715 2304 802 2360 etiam
837 2321 940 2361 census
973 2303 1174 2371 distinxerunt,

107 2411 284 2484 publicanda
310 2428 400 2466 necne
427 2411 505 2466 bona
532 2418 641 2478 essent3
680 2427 773 2483 pecua
798 2409 916 2484 captiva
946 2418 1051 2483 praeter
1073 2408 1205 2480 equos,5

109 2524 137 2571 et
159 2515 303 2589 mancipia
324 2525 428 2589 praeter
449 2517 573 2590 puberes
594 2513 685 2570 virilis
706 2532 802 2584 sexus,
836 2522 865 2571 et
886 2513 993 2583 omnia,
1026 2531 1090 2588 quae
1111 2511 1174 2569 solo

108 2639 166 2676 non
189 2621 417 2691 continerentur,
438 2620 616 2678 restituenda
637 2629 808 2676 censuerunt
829 2619 960 2678 dominis.
1007 2617 1205 2692 Campanosd

109 2741 224 2793 omnes,
246 2724 408 2795 Atellanos,
431 2724 590 2794 Calatinos,
617 2723 784 2796 Sabatinos,
806 2732 978 2797 extraquam
1001 2723 1049 2795 qui
1074 2740 1173 2778 eorum

109 2837 160 2886 aut
187 2830 243 2904 ipsi
264 2839 315 2886 aut
334 2840 468 2904 parentes
491 2849 590 2887 eorum
620 2831 698 2904 apud
718 2831 817 2887 hostes
838 2838 947 2898 essent,
974 2826 1081 2883 liberos
1111 2845 1174 2884 esse

107 2935 262 3004 iusserunt,
285 2935 327 2991 ita
342 2945 373 2991 ut
386 2955 472 2992 nemo
494 2944 594 2992 eorum
615 2936 686 2993 civis
701 2937 851 2994 Romanus
874 2944 925 2990 aut
938 2933 1036 3020 Latini
1050 2931 1204 2990 nominis?

108 3047 200 3113 esset,
241 3039 320 3096 neve
344 3042 408 3115 quis
437 3060 553 3113 eorum,
594 3040 643 3114 qui
682 3039 791 3114 Capuae
821 3039 938 3109 fuisset,
982 3039 1049 3096 dum
1083 3045 1174 3112 portae

109 3144 214 3200 clausae
244 3155 353 3216 essent,
389 3147 418 3204 in
445 3148 516 3204 urbe
541 3164 651 3220 agrove
674 3143 825 3218 Campano
852 3144 928 3200 intra
959 3153 1066 3200 certam
1098 3143 1172 3216 diem

109 3257 253 3319 maneret;
279 3249 370 3322 locus,
395 3253 445 3309 nbi
466 3251 644 3319 habitarent,
673 3260 752 3306 trans
774 3249 919 3318 Tiberim,
947 3248 997 3324 qui
1022 3266 1081 3319 nqn
1106 3247 1206 3305 con-8

109 3354 233 3428 tingeret
254 3356 401 3424 Tiberim,
433 3356 565 3425 daretur3
595 3356 644 3429 qui
665 3373 718 3412 nec
739 3353 848 3430 Capuae
869 3355 972 3412 necin
994 3354 1065 3409 urbe
1087 3350 1174 3409 Cam·

109 3478 202 3534 pana,
235 3480 300 3535 quae
323 3481 342 3517 a
366 3461 475 3535 populo
497 3463 632 3518 Romano
654 3460 822 3530 defecisset,
842 3480 894 3536 per
916 3457 1022 3515 bellum
1044 3456 1175 3527 inissent,

109 3582 160 3621 eos
174 3565 223 3622 cis
246 3565 337 3622 Lirim
360 3584 474 3624 amnem
495 3569 620 3625 Romam
642 3584 758 3635 versum
780 3565 830 3639 qui
851 3565 888 3621 ad
910 3566 1060 3623 Romanos
1080 3564 1205 3620 trans-9

108 3669 214 3741 issent,
241 3670 411 3744 priusquam
441 3670 573 3747 Capuam
604 3671 754 3728 Hannibal
776 3670 901 3738 veniret,
930 3669 971 3725 cis
998 3669 1175 3726 Vulturnum

86 3827 89 3830 ,
109 3775 287 3831 emovendos
301 3785 482 3847 censuerunt,
503 3796 540 3833 ne
563 3777 626 3849 quis
648 3794 747 3832 eomm
770 3774 889 3848 propius
911 3792 991 3831 mare
1012 3773 1174 3850 quindecim

111 3879 235 3936 millibus
266 3897 405 3955 passuum
439 3899 540 3956 agrum
576 3880 765 3948 aedificiumve
798 3880 928 3937 haberet.
984 3880 1043 3953 Qui
1075 3898 1174 3938 eorum
1190 3887 1226 3942 10
