2678 4560
303 251 358 306 146
551 246 628 296 Liber
646 243 771 298 xxvnl.
808 245 855 308 (A.
869 259 894 297 ιι.
908 259 933 294 c.
946 247 1022 310 548.)

258 434 352 492 dicere
380 431 510 510 cognatis
549 431 768 500 communibus,
806 448 858 488 nec
880 429 968 486 alium
991 429 1112 486 deorum
1131 427 1334 485 hominumve

227 539 344 618 dquam
357 541 481 599 Martem
497 555 529 596 se
545 537 667 594 iudicem
684 535 834 593 habituros
849 553 920 592 esse.
967 535 1090 594 Robore
1103 535 1198 602 maior,
1214 535 1337 590 minor

257 649 329 706 llere
353 646 446 704 astatis
466 644 559 714 ferox,
582 652 703 701 mortem
724 643 754 698 in
773 642 938 711 certamine,
960 659 1051 716 quam
1070 651 1102 698 ut
1120 640 1239 697 alteralt
1262 641 1302 687 '·
1324 664 1338 689 ε

258 754 379 829 imperio
398 751 595 820 subiiceretur,
616 757 819 825 preoptantes,
842 767 929 822 quum
954 747 1052 804 dirimi
1077 747 1115 804 ab
1137 756 1214 804 tanta
1230 747 1328 803 rabi

258 859 423 934 nequirent,
452 857 564 932 insigne
598 856 791 931 spectaculum
820 853 958 912 exercitui
990 853 1144 928 praebuere
1167 851 1319 908 documen

259 975 385 1039 tumque,
409 973 547 1038 quantum
570 961 712 1038 cupiditas
732 961 846 1037 imperii
864 961 971 1018 malum
986 959 1065 1016 inter
1080 957 1215 1016 mortales
1234 982 1265 1006 a:
1285 984 1298 1005 ·-

210 1072 246 1126 10
259 1070 356 1128 Maior
392 1087 447 1126 usu
483 1087 629 1127 armorum
663 1077 691 1124 et
723 1078 787 1124 astu
818 1066 903 1126 facile
934 1065 1058 1122 stolidas
1090 1065 1168 1121 vires
1203 1063 1275 1120 mino
1336 1085 1337 1090 “

261 1175 418 1251 superavit.
465 1175 543 1233 Huic
571 1175 762 1250 gladiatorum
795 1173 959 1250 spectaculo
986 1171 1047 1228 ludi
1071 1170 1209 1227 funebres
1232 1167 1335 1224 addin·

261 1301 315 1358 pro
337 1282 422 1357 copia
443 1281 614 1357 provinciali
638 1290 666 1338 et
687 1281 826 1338 castrensi
849 1288 1002 1355 apparatu.

166 1387 210 1458 22
344 1389 403 1446 Res
420 1388 532 1446 interim
555 1387 643 1444 nihilo
666 1388 760 1444 minus
781 1387 819 1443 ab
843 1387 946 1461 legatis
961 1385 1149 1460 gerebantur.
1186 1376 1319 1436 Marcius.

262 1503 396 1569 superato
425 1493 505 1550 Baete
535 1494 628 1564 amni,
665 1511 749 1568 quem
784 1492 886 1558 iucolae
918 1490 1026 1548 Certim
1053 1487 1222 1565 appellant,
1253 1485 1326 1540 tuas

262 1599 412 1674 opulentas
453 1598 584 1656 civitates
624 1601 685 1657 sine
724 1598 878 1655 certamine
922 1599 952 1653 in
988 1596 1167 1653 deditionem
1206 1591 1328 1666 accepit.

229 1706 376 1778 2Astapa
398 1705 466 1761 urbs
491 1703 772 1780 Carthaginiensium
792 1722 906 1778 semper
925 1703 1017 1777 partis
1032 1704 1147 1774 sueram
1180 1717 1273 1772 neque
1289 1695 1323 1752 id

262 1818 320 1865 tam
344 1809 461 1888 dignum
482 1810 528 1868 ira
550 1805 620 1882 erat,
643 1829 729 1886 quam
753 1811 831 1884 quod
852 1818 936 1866 extra
956 1807 1145 1864 necessitates
1168 1805 1238 1862 belli
1254 1822 1323 1879 prae·

230 1915 375 1991 3cipuum
407 1915 436 1972 in
466 1917 616 1974 Romanos
645 1918 785 1992 gerebant
811 1915 916 1972 odium.
967 1915 1032 1972 Nec
1059 1915 1163 1970 urbem
1193 1921 1247 1968 aut
1270 1911 1325 1965 utu

261 2030 312 2078 aut
341 2022 516 2078 munimento
543 2029 634 2078 tutam
662 2023 827 2091 habebant,
863 2039 927 2096 quae
960 2019 1119 2078 ferociores
1145 2018 1184 2075 iis
1213 2018 1324 2074 animos

260 2127 384 2196 faceret3
407 2127 458 2184 sed
478 2127 594 2201 ingenia
614 2127 773 2185 incolarum
798 2126 948 2184 latrocinio
970 2125 1052 2194 laeta,
1083 2133 1117 2182 ut
1138 2125 1322 2181 excursiones

260 2233 289 2290 in
311 2233 460 2289 finitimum
494 2251 596 2308 agrum
617 2233 760 2290 sociorum
782 2233 883 2309 populi
902 2231 1027 2290 Romani
1048 2230 1199 2300 facerent,
1230 2231 1317 2304 impu-

261 2340 363 2407 lerant,
386 2347 414 2394 et
435 2356 527 2413 vegos
546 2338 650 2396 milites
670 2341 819 2398 Romanos
840 2340 973 2414 lixasque
995 2346 1023 2395 et
1047 2348 1228 2395 mercatores
1250 2335 1312 2393 end

230 2448 371 2519 dperent.
420 2445 559 2520 Magnum
583 2444 669 2501 etiam
691 2445 868 2517 comitatum,
891 2445 959 2520 quia
980 2444 1082 2520 paucis
1103 2463 1211 2518 parum
1232 2452 1313 2499 tartum

260 2549 371 2620 fuerat,
403 2550 659 2624 transgredientem
696 2552 784 2622 fines,
816 2553 918 2628 positis
952 2549 1063 2609 insidiis
1096 2551 1311 2607 circumventum

232 2655 361 2729 binique
393 2656 457 2712 loco
497 2655 707 2717 interfecerant.
766 2659 816 2716 Ad
850 2659 926 2716 hanc
958 2657 1062 2714 'urbem
1095 2655 1310 2731 oppugnandam

263 2780 349 2836 quum
374 2763 507 2819 admotus
530 2762 672 2820 exercitus
694 2773 782 2833 esset,
815 2764 952 2840 oppidani
974 2760 1153 2820 conscientia
1176 2760 1310 2817 scelerare.

264 2867 332 2941 quia
361 2887 413 2925 nec
441 2867 548 2924 deditio
570 2877 633 2925 tuta
656 2869 693 2925 ad
715 2878 774 2926 tam
795 2868 915 2926 infestos
937 2867 1107 2937 videbatur,
1141 2885 1238 2942 neque
1258 2881 1310 2940 spes

261 2973 403 3030 moenibus
425 2982 475 3030 aut
496 2975 583 3032 armis
605 2975 717 3032 tuenda
739 2975 839 3032 salutis
861 2985 938 3044 erat,
966 2973 1079 3032 facinus
1097 2974 1129 3029 in
1148 2991 1182 3029 se
1204 2991 1239 3029 ac
1258 2987 1310 3028 suos

232 3077 369 3135 bfcsdum
393 3095 427 3134 ac
447 3077 541 3138 ferum
563 3081 751 3138 consciscunt.
801 3081 911 3139 Locum
934 3081 963 3136 in
984 3078 1050 3136 foro
1073 3078 1241 3148 destinant,
1265 3093 1310 3151 quo

263 3182 471 3258 pretiosissima
491 3203 586 3242 rerum
609 3205 725 3245 suarum
740 3195 936 3262 congererent.
982 3185 1078 3260 Super
1096 3203 1164 3242 eum
1181 3185 1309 3242 cumulum

265 3289 400 3364 coniuges
422 3307 456 3347 ac
478 3289 584 3348 liberos
607 3293 755 3349 considere
776 3311 864 3366 quum
886 3291 1050 3362 iussissent,
1070 3289 1155 3365 ligna
1177 3297 1310 3348 exstruunt

128 3452 133 3464 ,
234 3397 249 3450 7
264 3393 417 3469 fascesque
432 3395 620 3469 virgultorum
638 3397 800 3456 coniiciunt.
848 3396 1067 3471 Quinquaginta
1086 3396 1194 3454 deinde
1209 3393 1309 3454 armati

264 3499 414 3557 iuvenibus
426 3501 603 3577 precipiunt,
615 3513 655 3573 ut,
668 3503 759 3559 donec
770 3503 895 3560 incertus
906 3510 1025 3558 eventus
1037 3517 1145 3576 pugnae
1155 3511 1241 3570 esset,
1251 3517 1308 3576 pre»

266 3604 368 3662 sidium
391 3625 425 3663 eo
450 3606 516 3662 loco
538 3605 718 3664 fortunarum
739 3627 857 3666 suarum
880 3625 1103 3682 corporumque,
1126 3625 1194 3682 quas
1215 3607 1307 3664 cariem

235 3706 387 3766 8f0rtunis
419 3721 528 3781 essent,
561 3722 723 3783 servarent;
755 3714 780 3770 si
808 3733 868 3771 rem
895 3712 1062 3770 inclinatam
1087 3712 1222 3770 viderent
1241 3722 1306 3786 atque

264 3812 294 3869 in
319 3833 353 3871 eo
374 3815 432 3872 iam
455 3835 526 3887 esse,
548 3826 581 3874 ut
602 3819 669 3876 urbs
688 3827 847 3893 caperetur,
868 3819 981 3888 scirent,
1004 3835 1115 3889 omnes,
1138 3837 1215 3894 qnos
1229 3829 1305 3876 cunm

229 3920 251 3975 -9
265 3916 294 3973 in
321 3917 454 3992 proelium
483 3933 647 3993 cernerent,
680 3932 799 3980 mortem
827 3923 857 3979 in
878 3923 943 4000 ipsa
963 3941 1063 3998 pugna
1084 3925 1232 3984 obituros:
1258 3924 1304 3980 illos

265 4038 296 4077 se
326 4041 378 4096 per
407 4023 477 4080 deos
498 4043 618 4101 superos
639 4027 804 4102 inferosque
826 4047 927 4100 orare,
960 4039 992 4086 ut·
1012 4047 1158 4088 memores
1179 4027 1303 4090 libetab
