2678 4560
325 257 381 316 148
575 254 653 304 Liber
671 253 798 306 xxvm.
835 254 882 316 (Δ.
896 269 919 306 u.
936 269 959 306 c.
973 255 1044 317 548.)

249 441 374 510 stur-be,
389 457 447 496 non
462 449 546 497 esset.
596 440 644 496 Ita
656 443 772 514 Astapa
790 439 851 496 sine
865 441 965 515 preda
983 439 1102 497 militum
1124 438 1206 497 ferro
1225 439 1309 513 igniqn

280 547 434 622 absumpta
457 555 508 607 est.
557 546 700 615 Marcius,
736 545 837 602 ceteris
867 545 928 603 eins
958 545 1084 620 regionis
1104 556 1190 603 metu
1210 547 1240 602 in
1259 547 1313 602 dedi

279 652 386 712 tionem
409 651 542 726 acceptis,
563 650 701 708 victorem
722 650 877 708 exercitum
894 649 1100 726 Carthaginem
1117 653 1161 708 ad
1180 527 1325 726 Scipionenl

279 758 403 820 reduxit.

250 867 267 922 6
365 865 424 920 Per
453 880 502 919 eos
533 861 612 938 ipsos
639 862 701 920 dies
722 861 851 938 perfugas
872 881 891 919 a
912 863 1046 922 Gadibus
1068 871 1233 931 venerunt,
1263 861 1325 942 P⁰ffil

282 978 387 1038 centes,
409 969 508 1025 urbem
524 968 724 1041 Punicumque
746 968 929 1043 praesidinm,
951 969 1031 1042 quod
1052 969 1083 1026 in
1105 989 1144 1025 ea
1168 969 1244 1024 urbe
1263 973 1325 1146 essqq

251 1079 310 1134 let
337 1075 540 1150 imperatorem
567 1074 693 1148 praesidii
723 1091 787 1131 cum
817 1073 909 1130 classe
929 1074 1099 1150 prodituros
1122 1093 1202 1132 esee.
1259 1075 1315 1145 tta„

281 1183 321 1240 ibi
350 1200 387 1240 ex
413 1179 485 1256 fuga
506 1179 688 1247 substiterat,
721 1180 900 1254 navibusque
929 1179 959 1234 in
981 1177 1103 1236 Oceano
1125 1180 1275 1242 collectis,
1293 1178 1320 1233 nli

282 1298 419 1362 quantum
452 1285 624 1344 auxiliorum
658 1293 687 1341 et
718 1294 797 1342 trans
827 1283 931 1341 fretum
965 1303 1003 1340 ex
1030 1284 1138 1342 Africa
1177 1304 1233 1342 ora
1260 1295 1284 1341 et

281 1393 420 1470 proximis
452 1391 602 1468 Hispanis
632 1391 702 1448 locis
723 1410 776 1465 per
797 1391 970 1447 Hannonem
999 1389 1175 1465 praefectum
1205 1403 1322 1464 coegerat

250 1500 355 1559 8Fide
383 1506 502 1572 accepta
530 1498 656 1572 dataque
678 1495 825 1572 perfugis,
862 1503 890 1552 et
911 1496 1039 1553 Marcius
1064 1515 1101 1554 eo
1127 1517 1198 1556 cum
1222 1496 1305 1570 espcdi

282 1605 435 1664 cohortibus
464 1611 490 1660 ct
503 1603 616 1660 'Lelius
636 1621 695 1659 cum
716 1609 825 1676 septem
848 1601 1030 1670 triremibus,
1065 1602 1272 1678 quinqueremi
1289 1619 1315 1654 nn

283 1720 327 1769 est
348 1712 466 1781 missus,
502 1716 534 1764 nt
555 1718 633 1766 terra
654 1708 784 1782 marique
806 1707 951 1764 communi
972 1705 1093 1765 consilio
1118 1729 1185 1767 rem
1209 1717 1318 1784 gereren·

186 1813 230 1881 24
367 1816 465 1892 Scipio
486 1815 549 1890 ipse
569 1813 653 1889 gravi
674 1815 776 1870 morbo
799 1787 962 1888 implicitus,
982 1815 1122 1889 graviore
1143 1825 1247 1872 tamen
1262 1811 1308 1868 fan

285 1942 373 1999 quum
396 1923 434 1980 ad
458 1921 487 1978 id
509 1920 644 1996 quisque,
674 1921 752 1995 quod
776 1916 1325 2006 andierat,insitehominnmlibldin1

285 2029 380 2086 alendi
415 2028 451 2084 de
488 2027 629 2084 industria
663 2043 793 2085 rumores
832 2025 969 2082 adiiceret
997 2026 1130 2100 aliquid,
1170 2022 1305 2101 provincia

253 2137 398 2193 lomnem
436 2151 471 2189 ac
502 2132 627 2188 maxime
662 2131 821 2207 longinque
862 2132 923 2188 eins
960 2131 1103 2200 turbevit;
1145 2129 1323 2207 apparuitque

285 2248 423 2313 quantem
453 2237 613 2296 excitatura
641 2238 745 2296 molem
772 2256 843 2294 vera
869 2237 972 2295 luisset
992 2237 1107 2306 clades,
1144 2257 1235 2313 quum
1256 2248 1321 2289 venus

284 2363 384 2402 rumor
414 2353 511 2401 tantas
540 2339 683 2420 procellas
707 2344 868 2404 excivisset.
913 2344 983 2400 Non
1013 2344 1085 2400 socii
1121 2345 1153 2402 in
1186 2345 1255 2411 fide,
1284 2355 1319 2394 nou

254 2450 428 2510 3exercitus
454 2449 483 2505 in
515 2449 611 2507 officio
644 2451 758 2506 mansit.
805 2449 980 2508 Mandonius
1002 2458 1031 2506 et
1051 2451 1204 2517 Indibilis,
1235 2447 1318 2521 quibus.

286 2555 355 2630 quia
387 2574 506 2632 regnum
543 2556 597 2612 sibi
637 2557 787 2632 Hispania
821 2556 910 2630 pulsis
950 2555 1016 2612 inde
1057 2549 1318 2631 Carthaginiensibus

255 2661 463 2722 ldestinarant
484 2662 605 2732 animis,
639 2660 710 2718 nihil
730 2679 784 2736 pro
807 2680 858 2736 spe
879 2662 1056 2737 contigerat,
1079 2659 1233 2718 concitatis
1251 2673 1317 2731 popu·

285 2767 393 2824 laribus
435 2767 587 2839 (Lacetani
625 2777 720 2826 nutem
759 2764 855 2843 erant)
892 2780 920 2824 et
952 2769 1102 2824 inventute
1136 2766 1316 2826 Celtiberorum

285 2872 389 2944 excita,
413 2891 514 2948 agrum
538 2874 740 2932 Suessetanum
758 2873 989 2947 Sedetanumque
1008 2873 1156 2930 sociorum
1171 2869 1263 2948 popnh
1275 2867 1314 2922 Ru

285 2981 364 3036 mani
388 2980 529 3036 hostiliter
549 2979 716 3056 depopulati
739 2987 812 3036 sunt.

256 3093 273 3146 5
369 3083 470 3143 Civilis
500 3087 572 3144 ebus
602 3086 684 3144 furor
706 3086 735 3142 in
765 3085 865 3142 cestris
895 3084 932 3140 ad
962 3083 1120 3142 Sucronem
1150 3091 1241 3148 ortus;
1269 3085 1325 3160 octo}

285 3190 325 3247 ibi
347 3191 437 3246 millia
458 3190 578 3247 militum
601 3200 691 3260 erant,
713 3191 877 3266 praesidium
898 3189 1040 3264 gentibus,
1063 3207 1128 3263 quae
1143 3190 1186 3246 cis
1203 3182 1325 3245 flitenu'

256 3297 429 3366 6incolunt,
450 3296 625 3371 impositum.
672 3297 761 3378 Motae
798 3304 894 3354 autem
923 3315 1022 3352 eornm
1054 3305 1166 3352 mentes
1196 3301 1253 3350 sunt
1273 3301 1309 3342 non

286 3413 346 3460 tum
369 3403 508 3478 primum,
543 3421 630 3477 quum
660 3403 696 3458 de
726 3402 786 3458 vite
812 3401 993 3476 imperatoris
1015 3421 1139 3458 rumores
1163 3399 1238 3458 dubii
1255 3388 1309 3450 nllati

265 3521 361 3580 sunt,
383 3510 433 3566 sed
455 3510 513 3566 iam
536 3520 602 3565 ente
626 3497 739 3566 licentia
761 3526 797 3564 ex
817 3507 943 3577 diutino,
965 3516 996 3562 ut
1017 3508 1059 3576 fit,
1082 3509 1143 3564 otio
1166 3508 1277 3566 collecta
1291 3505 1307 3549 0¹

285 3618 430 3688 nonnihil,
463 3616 540 3691 quod
568 3616 597 3672 in
627 3613 740 3688 hostico
768 3613 862 3669 laxius
883 3622 968 3688 rapto
991 3615 1080 3671 suetis
1102 3614 1200 3673 vivere
1220 3608 1304 3668 artiore-⁴

256 3722 315 3780 lin
345 3741 417 3796 pace
444 3741 490 3782 res
519 3732 609 3780 erant.
636 3715 699 3779 ¹Ac
721 3719 813 3794 primo
835 3738 981 3776 sermones
1007 3731 1119 3780 tentum
1142 3718 1240 3778 occulti
1256 3728 1304 3770 sert·

286 3828 404 3885 bantur:
437 3829 469 3887 Si
495 3827 600 3885 bellum
623 3827 652 3883 in
676 3825 825 3900 provincia
846 3835 930 3894 esset,
953 3828 1021 3901 quid
1043 3845 1106 3884 sese
1127 3829 1200 3884 inter
1220 3825 1302 3898 pacatos

285 3935 402 3993 iacere?
449 3935 480 3994 Si
513 3935 684 3993 debellatum
715 3933 771 3989 iam
795 3941 823 3988 et
844 3931 975 3990 confecta
997 3934 1149 4008 provincia
1169 3941 1249 3995 esset,
1273 3938 1303 3978 ⁰⁰1

256 4041 315 4098 8in
339 4042 454 4100 Italiam
476 4060 533 4098 non
555 4039 675 4098 revehi?
720 4039 896 4114 Flagitntum
920 4059 1035 4114 qnoque
1051 4041 1218 4116 stipendium
1233 4046 1300 4111 procu·
