2812 4556
373 263 450 316 luber
467 263 543 318 xxl.
586 266 631 328 (Δ.
646 262 694 314 cn.
712 265 787 329 urs.)
1032 271 1070 327 33

34 446 131 504 miniis
159 450 291 525 trepido,
320 448 358 505 ed
386 449 500 506 Pedum
532 448 704 518 festinandi,
729 443 849 508 uicum
873 425 957 509 hoste
986 452 1114 510 nondum

32 552 149 611 reiecto
187 537 295 612 manus
331 561 502 612 consereret.
566 552 625 612 Sed
665 572 753 628 quum
790 555 971 614 Placentiam
1012 557 1144 616 consuli

33 658 126 728 venit,
151 659 218 717 iem
244 678 282 716 ex
304 657 417 716 stativis
439 643 1012 735 moverat'HannibalTaurinorumque
1026 680 1113 720 unam

35 765 160 835 urbem,
197 773 288 840 caput
318 764 412 838 gentis
440 764 516 835 eius,
553 743 638 839 quia
654 765 795 822 volentes*
816 765 844 822 in
867 765 1024 824 amicitiam
1055 785 1114 824 non

32 869 216 941 veniebant,
246 869 276 925 vi
299 881 496 944 expugnarat;
529 881 556 928 et
585 871 730 928 iunxisset
751 871 806 926 sibi
827 889 886 928 non
909 879 987 929 metu
1010 872 1144 942 solum,5

35 975 89 1030 sed
113 975 209 1032 etiam
233 975 385 1032 voluntate
414 974 519 1034 Gallos
542 975 659 1033 accolas
681 976 772 1046 Padi,
795 976 825 1032 ni
846 993 896 1032 eos
921 975 1113 1051 circumspec-

35 1088 135 1136 tantes
164 1078 337 1138 defectionis
364 1088 477 1154 tempus
508 1080 605 1138 subito
635 1081 761 1139 adventu
791 1080 891 1138 consul
913 1081 1113 1157 oppressisset.

35 1184 76 1240 Et
97 1184 260 1244 Hannibal
281 1185 373 1242 movit
394 1204 431 1242 ex
456 1185 605 1256 Taurinis,
626 1185 762 1257 incertos,
786 1205 850 1260 quae
872 1205 942 1263 pars
964 1187 1144 1261 sequendad
1272 1251 1276 1264 ,

38 1299 127 1358 esset,
152 1289 260 1350 Gallos
283 1299 452 1365 presentem
475 1299 626 1348 secuturos
648 1300 739 1352 ratus.
782 1291 846 1348 Iam
874 1309 966 1366 prope
993 1292 1023 1348 in
1045 1299 1142 1352 oon-7
1191 1247 1340 1396 stiffi*

39 1404 146 1468 spectu
181 1402 266 1454 erant
296 1397 438 1454 exercitus
468 1351 722 1470 convenerllrtque
750 1395 838 1452 duces
870 1395 954 1452 sicuti
980 1395 1054 1452 inter
1082 1414 1113 1452 se
1149 1409 1155 1421 ‘

41 1502 174 1558 nondum
196 1501 269 1558 satis
292 1501 369 1571 noti,
393 1503 435 1558 ita
455 1503 515 1559 iam
534 1501 664 1580 imbutus
694 1511 815 1576 uterque
837 1501 964 1576 quadam
987 1499 1113 1558 admira·

42 1605 276 1680 tionealten'ns.
324 1607 403 1665 Noni
426 1582 602 1666 Hannibalis
634 1616 663 1664 et
685 1607 763 1681 apud
784 1607 935 1664 Romanos
964 1607 1022 1664 iam
1046 1613 1143 1668 antess

45 1708 170 1785 Sagunti
186 1711 331 1770 excidium
347 1713 565 1772 celeberrimum
581 1731 688 1770 nomen
710 1721 790 1781 erat,
805 1686 833 1768 et
848 1711 1014 1787 Scipionem
1029 1713 1113 1770 Han·

45 1813 127 1872 nibal
148 1835 183 1873 eo
204 1817 289 1892 ipso,
304 1818 383 1892 quod
406 1807 546 1876 adversus
575 1837 607 1875 se
628 1819 689 1876 dux
712 1816 894 1892 potissimum
915 1817 1006 1875 lectus
1029 1827 1113 1886 esset,

47 1929 231 1991 prestantem
254 1922 348 1980 virum
378 1925 528 1994 credebet3
557 1933 602 1982 et·
616 1933 760 1980 auxerant
787 1922 862 1979 inter
884 1939 915 1978 se
938 1921 1143 1997 opinionem,9

49 2019 155 2099 Scipio,
176 2028 265 2100 quud,
288 2028 405 2086 relictus
422 2029 452 2085 in
467 2029 578 2100 Gallia,
600 2005 704 2086 obvius
718 2027 815 2085 fuerat
835 2027 866 2084 in
879 2027 997 2084 Italiam
1020 2036 1112 2083 trans-

49 2143 148 2198 gresso
168 2131 344 2204 Hannibali,
376 2133 520 2191 Huuuidul
549 2143 578 2192 et
608 2141 715 2192 conatu
741 2143 802 2189 tam
834 2133 938 2190 audaci
967 2132 1113 2190 traiioien·

51 2229 150 2290 darum
176 2235 296 2310 Alpium
325 2247 354 2295 et
382 2237 495 2297 effectu.
549 2237 713 2314 Occupavit
741 2249 839 2296 tamen
870 2239 968 2313 Scipio
996 2239 1110 2297 Padum
1129 2253 1163 2307 ιο

50 2337 189 2410 traiicere,
210 2351 238 2397 et
260 2343 299 2399 ad
321 2343 456 2402 Ticinum
473 2362 587 2402 amnem
610 2345 696 2402 motis
718 2339 830 2416 castris,
850 2331 1019 2419 priusquam
1042 2346 1111 2402 edu-

53 2450 126 2498 ceret
146 2445 176 2500 in
197 2447 300 2518 aciem,
324 2448 574 2506 adhortandorum
590 2448 713 2506 militum
736 2467 825 2507 causa
846 2449 933 2506 talem
950 2451 1111 2508 orationem

53 2555 94 2600 est
114 2566 239 2608 exorsus.
708 2533 711 2540 ¹

134 2656 183 2726 „si
203 2675 268 2714 eum
291 2658 459 2730 exercitum,
481 2657 595 2727 milites,
617 2658 769 2715 educerem
790 2659 820 2715 in
844 2660 953 2730 aciem,
975 2677 1059 2733 quem
1082 2660 1112 2716 in
1162 2660 1206 2730 40

57 2753 150 2832 Gallia
181 2781 292 2820 mecum
322 2763 428 2833 habui,
459 2763 686 2837 supersedissem
717 2764 799 2838 loqui
827 2765 906 2839 apud
939 2783 1009 2834 vos3
1042 2740 1142 2840 quid⁵2

57 2863 126 2919 enim
146 2866 292 2924 adhortari
313 2867 435 2930 referret
446 2879 501 2924 aut
522 2887 573 2925 eos
589 2870 710 2944 equites,
731 2869 780 2944 qni
802 2870 963 2943 equitatum
984 2869 1110 2925 hostium

59 2967 93 3020 ud
112 2969 281 3029 Rhodanum
304 2975 411 3030 flumen
434 2973 549 3048 egregie
570 2974 718 3046 vicissent,
742 2965 792 3032 ent
814 2993 863 3032 eas
884 2973 1022 3048 legiones,
1046 2988 1111 3028 cum

59 3053 153 3142 quibus
182 3073 340 3149 fugientem
371 3079 448 3136 hunc
481 3077 577 3153 ipsum
609 3079 723 3136 hostem
752 3059 867 3136 seculus
900 3076 1111 3162 confessionem

60 3177 174 3236 cedentis
205 3198 240 3237 uo
269 3183 455 3240 detractantis
483 3191 629 3240 certamen
658 3203 711 3259 pro
733 3181 857 3243 victoria
884 3162 995 3242 h'abuii
1024 3183 1112 3240 Nunc
1125 3187 1144 3258 3,

62 3283 123 3354 quia
140 3283 186 3340 ille
199 3287 352 3371 exercitus,
373 3287 523 3364 Hispaniae
538 3289 696 3363 provinciae
717 3291 852 3365 scriptus,
869 3291 911 3348 ibi
932 3309 997 3348 cum
1020 3287 1112 3346 fratre

63 3383 109 3445 Cn.
130 3387 259 3464 Scipione
280 3391 352 3448 meis
374 3393 510 3468 auspiciis
524 3413 586 3450 rem
608 3394 692 3468 gerit,
710 3397 763 3462 nbi
786 3381 850 3453 eirm
871 3414 972 3470 gerere
993 3402 1111 3452 senatus

63 3493 228 3569 populusque
249 3497 400 3553 Romanus
422 3497 530 3570 voluit,
558 3518 627 3574 ego,
656 3509 688 3556 ut
711 3501 857 3559 consulem
881 3502 983 3559 ducem
1007 3500 1141 3558 adver-4

65 3611 106 3651 sus
124 3598 314 3657 Hannibalem
337 3617 372 3656 ac
392 3602 501 3660 Poenos
523 3605 685 3676 haberetis,
706 3607 770 3681 ipse
791 3625 837 3664 me
858 3607 925 3664 huic
945 3606 1111 3662 voluntario

67 3704 198 3760 certamini
225 3705 332 3774 obtuli,
361 3723 439 3788 noro
470 3708 639 3783 imperatori
669 3712 747 3787 apud
775 3729 867 3769 novos
890 3710 995 3766 milites
1016 3727 1112 3784 pauca

67 3806 142 3873 verba
159 3808 292 3868 iacienda
319 3819 398 3880 sunt.
443 3813 491 3870 Ne
519 3799 611 3889 genus
632 3816 700 3872 belli
727 3835 800 3873 neve
821 3817 933 3884 hostem
961 3813 1141 3890 ignoretis,5

69 3914 169 3970 cuniis
196 3899 239 3972 est
259 3916 362 3986 robis,
391 3915 512 3990 milites,
541 3921 745 3995 pugnandum,
775 3940 847 3994 quos
874 3930 951 3976 terra
980 3919 1112 3992 marique

69 4016 147 4087 priore
167 4021 242 4078 bello
269 4019 396 4090 vicistis,
424 4040 443 4078 a
473 4024 579 4098 quibus
606 4025 781 4099 stipendium
809 4041 862 4100 per
888 4023 992 4098 viginti
1019 4042 1111 4082 annos

89 4133 140 4174 usu
155 4149 177 4176 u
190 4147 226 4178 m.
240 4138 338 4188 nntvuu
366 4139 397 4177 ιιι.
878 4131 893 4172 ³
