2704 4552
562 193 640 242 utar
657 193 746 245 xxu.
784 191 832 254 (a.
846 206 873 243 u.
889 191 1000 254 esee.)

135 423 138 430 .
223 377 393 439 3homines.
441 375 478 450 Q.
501 375 619 434 Baebius
640 375 804 434 Herennius
826 374 1090 449 tribunusplebis,
1120 379 1268 447 cognatas
1293 377 1308 419 t

253 482 398 552 Terentii,
432 481 612 539 criminando
639 501 698 538 nou
720 489 852 538 sonatum
874 480 972 549 modo,
1002 479 1173 536 sedetiam
1196 496 1265 544 ang·
1289 490 1311 561 Ἰ

254 588 332 664 quod
348 588 519 645 dictatorern
539 585 755 662 prohibuissent
784 585 903 643 comitia
922 586 1077 660 perticere,
1108 605 1167 660 per
1188 581 1285 641 invidi

223 701 353 753 lacrum
375 691 508 750 favorem
530 683 686 749 candidato
707 707 761 746 suo
782 690 986 748 conciliabatt.
1007 691 1057 748 ab
1080 691 1256 747 hominibus
1280 714 1297 737 ιι

253 800 368 869 bilibus,
389 816 442 874 per
463 795 569 854 multos
591 813 683 853 annos
707 795 814 852 bellum
839 793 1049 878 quarentibus,
1071 791 1313 852 Hannibalemn

253 905 369 964 Italiam
385 903 558 970 adductum
580 901 618 959 ab
631 901 744 970 iisdem,
758 919 848 974 quum
864 898 1002 957 debellari
1016 899 1120 974 possit,
1140 897 1252 956 fraude
1265 897 1310 951 bl

224 1011 311 1068 blunr
333 1009 420 1068 trahi.
464 1007 561 1080 Quum
582 1015 720 1080 quattuor
742 1003 903 1079 legionibus
925 1005 1067 1063 universis
1089 1003 1220 1080 pugnari
1241 1015 1312 1077 possa

253 1115 436 1191 apparuisset
464 1131 514 1181 eo,
555 1111 633 1185 quod
663 1110 703 1169 M.
726 1109 871 1166 Minucius
903 1111 1023 1168 absente
1051 1111 1148 1169 Fabio
1183 1123 1311 1184 prospere

223 1225 429 1296 bpugnesset,
459 1217 533 1274 duas
554 1215 683 1290 legiones
704 1215 781 1271 hosti
803 1215 841 1271 ad
863 1216 970 1272 coedem
993 1216 1137 1286 obiectas,
1159 1215 1264 1272 deinde
1282 1229 1309 1266 er

252 1326 317 1400 ipsa
352 1325 430 1396 cande
460 1329 589 1396 creptae,
621 1331 654 1377 ut
681 1331 766 1395 pater
796 1329 996 1395 patronusque
1025 1323 1240 1396 appellaretur,
1272 1315 1308 1390 qul

223 1431 333 1505 'lprius
363 1429 479 1485 vincere
512 1425 707 1500 prohibuisset
736 1426 887 1484 Romanos
917 1443 1007 1498 quam
1034 1425 1120 1487 vinci.
1179 1423 1306 1484 Consules

253 1533 356 1590 deinde
367 1531 507 1590 Fabianis
523 1531 642 1600 artibus,
659 1549 747 1604 quum
759 1529 906 1587 debellare
920 1539 1048 1604 possent,
1063 1531 1170 1588 bellum
1186 1529 1305 1587 traxisse

201 1662 204 1700 a
252 1639 289 1696 Id
310 1635 405 1694 fmdus
427 1637 501 1695 inter
523 1654 623 1692 omnes
645 1636 757 1693 nobiles
777 1635 876 1705 ictum,
898 1637 1059 1692 acclinem
1081 1647 1151 1694 ante
1172 1635 1303 1694 belliha·

254 1743 374 1811 biturca,
397 1759 485 1816 quam
502 1741 648 1799 consulem
670 1759 739 1800 vere
753 1740 908 1816 plebeium,
929 1741 1027 1812 idest,
1048 1743 1196 1798 hominem
1212 1756 1304 1798 novun

222 1854 239 1910 8
253 1846 404 1918 fecissent3
419 1866 487 1904 nam
502 1847 631 1921 plebeios
645 1846 757 1904 nobiles
771 1846 830 1902 iam
844 1845 951 1902 eisdem
967 1845 1095 1903 initiatos
1111 1865 1175 1905 esse
1189 1845 1274 1904 sacris
1283 1853 1303 1898 et

232 1931 237 1938 Ι
254 1965 437 2011 contemnere
448 1953 572 2028 plebem,
584 1971 620 2009 ex
633 1971 690 2026 quo
703 1952 847 2008 contemni
858 1971 877 2008 a
887 1951 1019 2025 patribus
1030 1951 1177 2021 desierint,
1188 1951 1303 2025 coepisse.

191 2078 193 2086 ’
223 2059 311 2121 acui
325 2077 384 2114 non
408 2076 561 2132 apparere,
583 2056 612 2114 id
635 2065 776 2113 actumst
799 2056 951 2130 quaesitum
967 2075 1045 2127 esse,
1068 2066 1101 2114 ut
1124 2057 1301 2130 interregnum

205 2172 240 2226 10
253 2162 387 2232 iniretur,
415 2169 447 2216 ut
467 2162 498 2218 in
519 2170 634 2237 patrum
662 2170 808 2237 potestate
834 2161 952 2218 comitia
981 2159 1095 2218 essent?
1122 2163 1159 2218 Id
1188 2159 1301 2218 consules

254 2266 357 2322 ambos
387 2266 425 2322 ad
454 2267 612 2323 exercitum
639 2269 782 2326 morando
804 2265 957 2343 quasissc;
985 2267 1015 2322 id
1036 2275 1159 2340 postea,
1186 2267 1253 2342 quia
1269 2265 1301 2319 in·

178 2438 184 2448 Ι
253 2371 320 2428 vitis
340 2371 377 2428 iis
399 2370 525 2427 dictator
547 2381 623 2428 esset
655 2373 748 2431 dictus
779 2374 962 2432 comitiorum
990 2390 1095 2438 causa,
1122 2380 1299 2447 expugnatum

206 2487 236 2540 tt
254 2495 326 2547 esse,
355 2485 387 2533 ut
413 2475 535 2534 vitiosus
557 2477 682 2535 dictator
710 2497 763 2554 per
791 2495 915 2554 augures
942 2477 1033 2534 fieret.
1086 2479 1206 2535 Habere
1230 2466 1300 2550 igitur

252 2583 447 2656 interregnum
464 2600 529 2652 eos3
552 2583 733 2640 consulatum
751 2603 838 2640 unum
861 2592 939 2640 certe
962 2582 1055 2657 plebis
1077 2584 1218 2641 Romanae
1239 2593 1302 2642 esset

253 2688 392 2763 populum
419 2688 541 2746 liberum
563 2689 729 2746 habiturum
758 2689 948 2747 sudaturam
970 2687 1012 2757 ei,
1043 2688 1093 2762 qui
1122 2697 1233 2744 mature
1253 2684 1300 2740 vin·

253 2813 318 2850 cere
340 2811 427 2868 quam
454 2792 503 2849 diu
524 2793 668 2868 imperare
691 2794 780 2852 malit

158 2897 202 2966 35
287 2963 294 2972 Ι
333 2897 434 2982 Ωωιπι
454 2895 500 2954 his
523 2900 703 2957 orationibus
725 2917 848 2956 aceensa
869 2898 952 2972 plebs
973 2906 1057 2967 esset,
1078 2898 1170 2954 tribus
1191 2893 1300 2972 patriciis

252 3001 432 3076 petentibus,
464 3003 501 3062 P.
535 3002 671 3061 Cornelio
698 3004 854 3072 Merenda,
888 3003 922 3062 L.
951 3003 1063 3059 Manlio
1094 3003 1238 3072 Vulsone,
1269 2999 1299 3055 ll.

223 3105 376 3168 2AEmilio
398 3105 526 3179 Lepido,
559 3109 672 3166 duobus
694 3108 840 3166 nobilibus
860 3109 919 3165 iam
941 3106 1118 3164 familiarum
1141 3107 1247 3182 plebei,
1274 3101 1299 3159 C.

252 3209 345 3266 Atilio
377 3209 504 3268 Serrano
533 3221 562 3268 et
594 3212 630 3284 Q.
664 3214 746 3271 AElio
780 3215 881 3283 Poeto,
916 3231 1040 3287 quorum
1073 3211 1148 3269 alter
1179 3209 1299 3287 pontifex,

252 3315 326 3370 alter
356 3332 450 3389 augur
480 3327 556 3385 erat,
590 3315 624 3378 C.
647 3319 802 3376 Terentius
825 3318 926 3376 consul
958 3335 1031 3375 unus
1063 3328 1194 3386 creatur,
1225 3327 1254 3373 ut
1277 3313 1297 3368 in
1336 3351 1337 3354 η

223 3427 239 3482 3
253 3437 341 3476 manu
363 3419 424 3476 eius
446 3431 542 3478 essent
557 3423 675 3480 comitia
689 3425 820 3499 rogando
836 3424 965 3497 collegae.
1008 3423 1084 3479 Tum
1101 3431 1223 3497 experta
1235 3417 1297 3476 nob'·

251 3523 328 3593 litas,
342 3543 446 3600 parum
467 3524 556 3584 fuisse
577 3528 682 3586 virium
703 3529 734 3586 in
754 3529 992 3604 competitoribus
1013 3528 1084 3596 eius,
1107 3527 1142 3587 L.
1164 3524 1296 3584 AEmiliun

254 3630 393 3699 Paulum,
421 3631 471 3705 qui
493 3651 558 3690 cum
583 3634 625 3694 M.
648 3633 734 3690 Livio
756 3634 858 3697 consul
878 3632 975 3690 iuerat
1002 3642 1031 3690 et
1051 3633 1236 3690 damnatione
1254 3626 1295 3686 ccl·

253 3739 325 3814 legas
352 3748 381 3795 et
408 3756 462 3795 sua
488 3757 581 3814 prope
607 3740 759 3798 ambustus
787 3746 937 3808 evaserat,
969 3738 1104 3797 infestum
1127 3739 1235 3813 plebei,
1261 3734 1295 3790 diu
1342 3737 1343 3746 ’

223 3849 288 3901 tao
311 3844 432 3900 multum
454 3854 635 3902 recusantem
664 3843 892 3919 adpetitionem
914 3845 1068 3919 compellit.
1123 3845 1156 3901 Is
1183 3842 1294 3919 proximo

253 3949 391 4006 comitiali
414 3949 470 4018 die,
493 3928 717 4007 concedentibus
739 3949 884 4019 omnibus,
907 3949 958 4022 qui
979 3967 1044 4007 cum
1067 3950 1202 4006 Varrone
1225 3954 1294 4006 cens·
