2700 4426
404 213 482 264 Liber
498 213 586 263 xxv,
624 213 670 276 (a.
685 213 733 263 ou.
747 213 821 276 ala.)
1039 214 1098 270 253

78 399 168 474 polim
192 407 221 455 et
241 397 374 473 Tycham
397 394 528 473 (nomina
547 416 582 453 ea
603 398 727 472 partium
756 396 835 453 urbis
866 404 895 452 et
915 397 1007 453 instar
1029 395 1141 452 urbium

79 503 159 580 suut)
172 504 272 579 posuit
297 511 410 572 castra,
424 502 551 571 timens,
582 521 633 569 ne,
662 501 686 557 si
718 501 882 577 frequentia
909 502 1047 557 intrasset
1068 501 1142 567 loca,

79 609 219 666 contineri
248 609 285 664 ab
308 607 438 664 discursu
461 607 542 664 miles
564 607 666 665 avidus
688 608 793 683 praedse
814 626 872 663 non
888 614 995 682 posset.
1039 605 1173 679 Legati6

79 733 115 770 eo
138 716 175 771 ab
198 714 302 788 Tycha
323 720 353 768 et
373 711 500 791 Neapoli
528 731 592 769 cum
622 712 720 770 infulis
747 721 775 768 et
796 712 965 768 velamentis
994 721 1142 780 venerunt,

79 828 240 895 precantes,
262 828 294 873 ut
315 836 333 872 a
355 817 484 878 caedibus
503 819 592 880 et,ab
614 818 752 874 incendiis
774 830 951 893 parceretur.
998 819 1045 874 Do
1067 820 1172 890 quo-7

79 944 143 981 rum
165 924 298 999 precihus
322 941 409 996 quam
431 922 584 996 postulatis
605 924 699 997 magis
721 924 840 981 oonsilio
855 923 965 993 habito,
987 923 1142 979 Marcellus

80 1048 117 1086 ex
139 1029 266 1084 omnium
289 1026 431 1084 sententia
453 1026 543 1082 edixit
564 1027 715 1096 militibus,
738 1047 773 1083 ne
801 1029 865 1102 quis
886 1029 1007 1084 liberum
1036 1046 1141 1102 corpus

79 1134 217 1190 violaret:
243 1141 340 1189 cetera
362 1132 467 1207 praedae
490 1130 598 1191 futura.
646 1131 751 1189 Castra
775 1134 888 1190 obiectu
917 1133 1057 1207 parietum
1087 1137 1172 1207 prod

80 1257 162 1296 muro
197 1247 303 1314 saepta3
337 1237 429 1313 portis
451 1237 570 1312 regione
604 1237 765 1311 platearum
794 1238 970 1311 patentibus,
1003 1238 1141 1294 stationes

79 1345 272 1420 praesidiaque
293 1343 448 1417 disposuit,
470 1360 507 1397 ne
529 1344 593 1416 quis
614 1344 643 1399 in
666 1343 796 1399 discursu
825 1343 944 1398 militum
967 1343 1091 1417 impetus
1113 1343 1142 1399 in

80 1460 182 1509 castra,
198 1450 260 1506 fieri
282 1458 389 1523 posset.
432 1447 506 1504 Inde
532 1448 614 1522 signo
638 1449 706 1505 dato
732 1448 835 1505 milites
859 1449 1069 1516 discurrerunt3
1097 1454 1172 1508 re·9

78 1555 238 1629 fractisque
260 1553 387 1622 foribuS,
411 1571 499 1626 quum
521 1553 620 1608 omnia
641 1561 751 1608 terrore
772 1572 807 1610 ac
828 1555 951 1611 tumultu
973 1563 1142 1628 streperent,

80 1681 98 1717 a
141 1661 267 1718 caedibus
309 1669 407 1716 tamen
450 1668 641 1733 temperatum
685 1668 744 1729 est3
787 1658 897 1734 rapinis
931 1659 1026 1714 nullus
1074 1668 1142 1714 ante

80 1767 183 1824 modus
204 1764 268 1833 fuit,
301 1783 388 1838 quam
422 1763 520 1820 omnia
552 1765 688 1821 diutumra
719 1763 856 1821 felicitate
888 1763 1035 1821 cumulata
1064 1763 1142 1818 bona

27 1940 32 1948 ,
71 1880 255 1953 egesserunt.
313 1871 392 1927 Inter
429 1870 491 1926 haec
526 1878 554 1926 et
586 1869 789 1938 Philodemus,
826 1888 914 1942 quum
945 1887 1011 1943 spes
1042 1866 1142 1923 auxilii
1157 1873 1193 1926 10
1225 1881 1227 1885 “

78 1976 158 2033 nulla
179 1985 271 2044 esset,
302 1975 359 2031 fide
389 1984 525 2049 accepta,
562 1983 593 2030 ut
619 1975 775 2057 inviolatus
797 1975 835 2029 ad
856 1974 1005 2048 Epicyden
1026 1972 1141 2038 rediret,

79 2082 203 2138 deducto
225 2080 360 2154 praesidio
381 2080 500 2136 tradidit
522 2080 662 2136 tumulum
678 2079 828 2138 Romanis.
872 2079 993 2136 Aversis
1006 2077 1142 2134 omnibus
1159 2084 1191 2138 ll

62 2187 117 2244 ad
149 2186 303 2243 tumultum
335 2195 475 2260 exparte
508 2192 600 2258 captae
628 2183 723 2254 urbis,
756 2184 903 2241 Bomilcar
931 2193 1043 2240 noctem
1077 2201 1141 2239 eam
1208 2236 1211 2240 .

76 2301 195 2361 nactus,
228 2309 287 2365 qua
315 2290 521 2365 proptervim
551 2289 731 2363 tempestatis
761 2298 838 2344 stare
872 2289 909 2344 ad
938 2306 1077 2344 ancoram
1112 2288 1142 2344 in

41 2471 46 2475 ,
79 2397 141 2454 salo
164 2399 300 2454 Romana
321 2394 420 2450 classis
441 2412 500 2449 non
514 2405 622 2469 posset,
644 2412 709 2450 cum
731 2394 848 2468 triginta
871 2393 997 2468 quinque
1017 2393 1141 2449 navibus
1157 2396 1192 2452 12

39 2501 43 2506 ’
78 2521 116 2558 ex
147 2489 245 2575 portu*
268 2498 453 2574 Syracusano
486 2498 634 2572 profectus
649 2475 758 2555 ⁴libero
791 2498 864 2554 mari
897 2498 962 2555 vela
995 2499 1024 2554 in
1051 2497 1140 2554 altum

78 2606 166 2676 dedit,
188 2604 315 2678 quinque
336 2613 365 2660 et
385 2604 594 2678 quinquaginta
609 2605 733 2660 navibus
748 2604 885 2678 Epicydae
908 2613 935 2660 et
950 2604 1141 2679 Syracusanis
1202 2625 1207 2632 ·

77 2711 199 2779 relictis;
230 2709 398 2782 edoctisque
424 2707 726 2782 Carthaginiensibus,
752 2709 782 2764 in
810 2720 918 2783 quanto
940 2727 986 2764 res
1015 2708 1191 2782 Syracu-13

78 2835 152 2874 sana
173 2814 337 2872 discrimine
359 2823 449 2882 esset,
478 2831 543 2870 cum
573 2823 686 2869 centum
716 2815 838 2869 navibus
861 2824 926 2888 post
949 2831 1058 2888 paucos
1080 2813 1141 2868 dies

77 2922 161 2991 redit,
183 2919 290 2991 multis,
311 2928 343 2976 ut
363 2918 444 2976 fama
464 2929 517 2988 est,
539 2919 623 2974 donis
645 2937 682 2975 ex
703 2919 840 2978 Hieronis
862 2938 936 2994 gaza
958 2919 995 2974 ab
1010 2918 1141 2992 Epicyde
1200 2932 1203 2936 ·

77 3029 213 3085 donatus.

161 3129 327 3200 Marcellus,
350 3129 480 3205 Euryalo
501 3137 618 3204 recepto
640 3129 832 3204 praesidioque
856 3105 970 3199 addito,
991 3148 1049 3185 una
1071 3147 1140 3186 cura
1186 3124 1232 3192 26
1291 3177 1294 3182 .

77 3243 141 3292 erat
171 3235 254 3303 liber,
285 3252 322 3289 ne
353 3253 412 3308 qua
439 3235 476 3290 ab
499 3244 581 3309 tergo
609 3235 806 3311 visxhostium
833 3236 862 3292 in
893 3254 988 3292 arcem
1020 3245 1140 3309 accepta

76 3340 203 3397 inclusos
230 3338 442 3414 impeditosque
468 3343 610 3399 moenibus
642 3359 711 3397 suos
742 3343 880 3398 turbaret.
940 3340 1169 3397 Achradinam?

76 3443 153 3514 inda,
174 3443 256 3500 trinis
278 3445 380 3501 castris
402 3464 455 3519 per
475 3446 581 3504 idonea
603 3447 750 3521 dispositis
772 3447 847 3515 loca,
868 3465 929 3521 spe,
951 3446 989 3501 ad
1010 3445 1137 3518 inopiam

78 3547 204 3606 omnium
228 3568 323 3606 rerum
346 3549 472 3606 inclusos
496 3552 690 3621 redacturum,
721 3551 909 3609 circumsedit.
966 3551 1061 3623 Quum
1088 3551 1169 3624 per3

76 3653 189 3728 aliquot
209 3623 270 3711 dies
293 3655 397 3728 quietae
418 3656 558 3712 stationes
581 3657 713 3729 utrinque
734 3655 864 3725 fuissent,
887 3665 1006 3729 repente
1028 3656 1139 3716 adven-

75 3767 122 3816 tus
144 3759 334 3835 Hippocratis
358 3770 387 3817 et
407 3758 589 3832 Himilconis,
611 3769 643 3817 ut
664 3761 739 3817 ultro
762 3760 887 3834 undique
902 3771 1140 3835 oppugnarentur

75 3864 211 3932 Romani,
233 3863 309 3921 fecit.
352 3865 431 3922 Nam
454 3876 483 3922 et
502 3866 706 3942 Hippocrates,
728 3866 829 3923 castris
851 3866 889 3921 ad
911 3876 1048 3940 magnum
1071 3867 1168 3938 por-4

45 3985 48 3988 ’
75 3976 136 4026 tum
157 3969 340 4027 communitis
370 3969 512 4046 signoque
532 3970 567 4027 iis
591 3971 670 4041 dato,
700 3971 748 4044 qui
771 3971 970 4028 Achradinam
994 3971 1138 4040 tenebant,
