2812 4556
317 277 354 331 26
576 290 579 298 ¹
599 273 677 326 Liber
695 272 769 328 XXI.
805 273 848 338 (A.
864 287 889 322 u.
903 287 924 322 c.
940 275 1012 335 536.)

636 373 649 408 t

226 460 260 514 10
273 457 414 526 Romam,
448 464 536 530 caput
569 457 647 512 orbis
680 466 838 526 terrarum,
871 456 1034 530 petentibus
1072 457 1234 531 quiequam
1256 459 1349 514 ‚adeo

225 565 257 620 ll
274 577 408 635 asperum
438 570 525 633 atque
546 560 668 617 arduum
691 560 798 628 videri,
829 559 907 632 quod
936 559 1081 633 inceptum
1103 561 1262 618 moretur?
1295 561 1349 619 Ce-

273 663 351 739 pisse
373 663 518 736 quondam
542 664 646 722 Gallos
670 682 720 731 ea,
754 681 818 746 quae
846 663 921 719 adiri
942 682 1028 737 posse
1050 665 1159 722 Poenus
1189 667 1350 742 desperet;

273 767 395 843 proinde
416 775 467 823 aut
488 769 623 826 cederent
644 768 741 825 animo
770 776 856 840 atque
886 769 992 825 virtute
1014 769 1091 844 genti
1116 789 1170 844 per
1197 790 1255 829 eos
1289 773 1350 828 dies

273 872 358 928 toties
381 873 418 929 ab
440 890 472 928 se
492 873 590 941 viotae,
620 880 671 928 eut
693 873 803 930 itineris
831 875 918 930 finem
942 884 1058 948 sperent
1083 893 1222 951 campum
1257 878 1348 933 inter·

169 1020 173 1026 .
273 977 412 1034 iacentem
436 976 536 1034 Tiberi
558 994 592 1032 eo
614 977 755 1034 moenibus
777 976 928 1034 Romanis.

178 1077 218 1148 31
260 1122 263 1126 -
357 1082 412 1138 His
444 1080 693 1138 adhortationibus
725 1081 859 1138 incitatos
890 1099 1014 1156 corpora
1043 1101 1146 1140 curare
1178 1090 1277 1157 etque
1312 1084 1348 1138 ed

242 1185 328 1244 liter
361 1187 392 1241 se
425 1203 531 1260 parare
564 1184 653 1245 iubet.
708 1187 832 1242 Postero
865 1185 911 1242 die
943 1185 1090 1260 profectus
1113 1188 1242 1244 adversa
1282 1187 1348 1260 ripe

273 1288 408 1346 Rhodani
426 1289 636 1346 mediterranea
658 1287 763 1348 Galliae
783 1291 865 1365 petit,
886 1309 944 1348 non
967 1292 1036 1364 qnia
1055 1292 1162 1366 rectior
1183 1291 1222 1346 ad
1248 1292 1347 1365 Alpes

187 1379 191 1394 Ι
273 1394 322 1450 via
340 1403 423 1464 esset,
445 1395 506 1463 sed,
528 1407 667 1468 quantum
691 1413 708 1450 a
730 1392 804 1450 mari
824 1395 1002 1466 recessisset,
1024 1398 1118 1454 minus
1134 1396 1257 1453 obvium
1283 1396 1348 1452 fore

243 1499 437 1558 3Romanum
465 1499 600 1568 credens,
633 1516 697 1554 cum
728 1516 803 1571 quo,
836 1499 1006 1574 prinsquam
1026 1502 1056 1558 in
1078 1501 1194 1565 ltaliam
1218 1510 1345 1557 ventum

243 1602 365 1673 lioret,
395 1621 452 1660 non
483 1611 545 1659 eret
572 1603 603 1658 in
633 1603 729 1660 aninno
759 1623 862 1660 manus
887 1623 1046 1662 conserere.
1087 1584 1206 1678 Quartis
1236 1606 1347 1662 castris

274 1709 311 1764 ad
334 1709 462 1764 Insulam
484 1707 625 1783 pervenit.
675 1708 722 1765 Ibi
743 1709 828 1765 Isara
849 1708 1067 1782 Rhodanusque
1090 1729 1190 1768 amnes
1214 1711 1343 1768 diversis

165 1845 171 1868 t
273 1831 310 1870 ex
334 1814 459 1888 Alpibus
492 1813 689 1881 decurrentes,
723 1813 785 1886 agri
818 1813 996 1886 aliquantum
1030 1814 1156 1888 amplexi
1190 1817 1345 1872 confluunt

243 1917 301 1976 5in
334 1936 436 1985 nnum;
471 1916 571 1972 mediis
608 1917 718 1991 campis
749 1918 856 1974 Insulae
885 1937 991 1975 nomen
1021 1917 1151 1974 inditum.
1202 1917 1342 1975 Incolunt

269 2003 363 2096 'prope
386 2021 579 2096 Allobroges,
601 2039 672 2096 gens
697 2021 755 2077 iam
780 2022 847 2078 inde
872 2024 952 2080 nulla
974 2023 1091 2081 Gallica
1119 2031 1204 2097 gente
1233 2023 1342 2098 opibus

243 2131 323 2185 baut
344 2123 425 2181 ieme
449 2124 575 2183 inferior,
620 2127 697 2184 Tum
720 2127 830 2184 discors
853 2138 924 2187 erat.
968 2128 1061 2202 Regni
1077 2127 1235 2184 certamine
1256 2127 1340 2206 amb·

272 2229 390 2303 igabent
428 2227 547 2298 fratres3
582 2232 688 2300 maior,
721 2240 750 2286 at
789 2231 839 2304 qui
868 2233 948 2306 prius
975 2232 1170 2306 imperitaret,
1205 2233 1340 2288 Braneus

272 2334 397 2402 nomine,
419 2333 529 2389 minore
556 2335 593 2391 ab
622 2334 712 2390 fratre
734 2344 763 2392 et
787 2345 861 2392 coetu
888 2335 1046 2407 iuniorum,
1069 2337 1118 2410 qui
1147 2337 1210 2392 iure
1233 2337 1340 2403 minus,

243 2439 302 2500 7vi
339 2439 404 2513 plus
437 2446 566 2512 poterat,
599 2439 768 2513 pellebatur.
818 2441 915 2498 Huius
939 2440 1087 2498 seditionis
1114 2450 1337 2516 peropportuna

198 2587 202 2591 .
273 2543 443 2618 disceptatio
469 2562 557 2618 quum
588 2545 625 2602 ed
650 2545 845 2602 Hannibalem
868 2546 976 2602 reiecta
1003 2555 1096 2615 esset,
1123 2546 1232 2602 arbiter
1253 2545 1338 2620 regni

271 2647 375 2716 factus,
394 2649 473 2721 quod
488 2667 524 2703 ee
538 2657 655 2704 sanetus
670 2649 889 2724 principumque
904 2650 1046 2707 sententia
1061 2649 1165 2731 fueret,
1180 2651 1335 2726 imperium

240 2751 376 2812 8maiori
406 2753 539 2812 restitnit.
591 2753 637 2810 Ob
664 2753 695 2808 id
723 2755 855 2811 meritum
888 2765 1051 2812 commeatu
1073 2755 1216 2830 copiaque
1237 2774 1335 2813 rerum

272 2858 409 2933 omnium,
432 2858 559 2913 maxime
582 2857 680 2926 vestis,
702 2868 746 2940 est
767 2859 891 2928 adiutus,
917 2879 1005 2936 quam
1028 2859 1151 2916 infames
1175 2859 1335 2934 frigoribus

155 3025 159 3030 ,
240 2963 363 3038 9Alpes
395 2961 555 3037 praeparari
588 2963 740 3035 cogebant.
796 2963 911 3022 Sedatis
947 2964 1096 3020 Hannibal
1128 2965 1335 3022 certaminibus

270 3069 464 3142 Allobrogum
492 3085 579 3140 quum
604 3067 663 3122 iam
685 3067 777 3141 Alpes
803 3053 929 3141 pateret,
950 3087 1008 3124 non
1030 3079 1110 3125 recta
1131 3047 1251 3143 regione
1281 3071 1334 3125 iter

269 3174 400 3242 instituit,
429 3173 480 3228 sed
502 3170 539 3227 ad
563 3171 665 3226 laevam
687 3171 716 3226 in
739 3171 919 3232 Tricastinos
939 3173 1034 3242 flexit3
1060 3174 1126 3230 inde
1158 3193 1211 3249 per
1239 3184 1333 3230 extre-

270 3297 347 3334 mam
364 3297 445 3334 oram
461 3275 671 3334 Vocontiorum
695 3276 757 3350 agri
774 3277 864 3333 tendit
883 3277 912 3333 in
935 3276 1093 3346 Tricorios,
1114 3277 1193 3334 haud
1208 3295 1331 3352 usquam

222 3383 256 3438 10
270 3382 408 3458 impedite
430 3381 487 3449 via,
516 3381 684 3455 priusquam
716 3381 754 3436 ad
784 3381 955 3438 Druentiam
983 3381 1088 3438 flumen
1115 3383 1258 3457 pervenit.
1303 3382 1331 3437 le

270 3497 299 3544 et
329 3488 391 3562 ipse
418 3486 545 3561 Alpinus
577 3487 669 3543 amnis
699 3462 785 3560 longe
809 3486 937 3544 omnium
963 3485 1068 3544 Gallie
1097 3489 1247 3546 fluminum
1278 3485 1331 3546 dii·

269 3593 410 3650 ficillimus
432 3593 555 3648 transitu
583 3601 640 3661 est;
669 3609 747 3660 nam,
770 3609 858 3664 quum
881 3611 964 3666 aquae
985 3592 1044 3650 vim
1069 3595 1157 3650 vehet
1177 3594 1330 3668 ingentem,

222 3697 252 3750 ll
268 3715 327 3754 non
359 3707 455 3754 tamon
484 3679 603 3754 navium
630 3696 743 3772 patiens
771 3703 828 3764 est,
860 3697 929 3769 quia
955 3698 1040 3754 nullis
1075 3699 1217 3756 coercitus
1252 3697 1330 3777 ripis,

268 3802 399 3877 pluribus
421 3803 507 3858 simul
529 3822 622 3877 neque
643 3803 745 3859 iisdem
768 3800 858 3856 alveis
878 3802 984 3875 fluens,
1014 3822 1091 3860 nova
1117 3822 1233 3879 semper
1255 3806 1329 3861 vade

268 3925 419 3981 novosque
450 3907 580 3981 gurgites
614 3907 655 3979 (et
683 3907 721 3962 ob
750 3901 851 3962 eadem
884 3908 974 3980 pediti
1002 3925 1117 3982 quoque
1144 3907 1255 3966 incerta
1282 3910 1329 3967 via

269 4017 333 4084 est),
363 4013 401 4068 ad
425 4013 482 4068 hoc
507 4029 581 4068 sexa
613 4010 749 4086 glareosa
773 4012 909 4082 volvens,
940 4013 1011 4070 nihil
1032 4013 1136 4070 stabile
1157 4032 1210 4072 nse
1225 4017 1328 4073 'tutum
