2700 4426
379 148 458 198 arser
474 131 575 200 xxvi.
611 145 803 211 (acuero.)
1041 153 1078 206 57

59 328 173 388 venisse
198 348 247 387 eos
265 330 294 386 in
318 331 418 407 populi
439 331 564 390 Romani
586 341 775 408 potestatem,
801 331 851 406 qui
872 331 1012 390 beneficio
1034 334 1153 406 qnnm8

60 440 137 492 metu
153 435 282 510 obligare
300 437 431 494 homines
446 438 528 494 malit
550 448 723 512 exterasque
738 447 839 512 gentes
854 439 911 495 fide
936 456 971 495 ao
986 438 1123 495 societate

58 541 171 599 iunctas
195 543 303 599 habere
325 561 411 616 quam
434 542 509 599 tristi
530 544 673 601 subiectas
698 544 826 602 servitio.
860 544 983 614 Deinde,
999 543 1154 619 acceptis9

59 647 224 704 nominibus
246 645 415 717 civitatium,
437 649 579 706 recensuit
600 650 747 724 captivos,
769 657 842 723 quot
865 649 1003 723 cuiusque
1024 647 1124 723 populi

60 760 172 823 essent,
194 762 223 809 et
243 753 359 810 nuutios
381 753 498 809 domum
521 753 607 822 misit,
629 763 661 810 ut
677 755 714 810 ad
730 772 798 811 suos
810 755 932 829 quisque
944 752 1124 830 recipiendos

60 858 179 915 veniret
226 858 259 917 si
281 876 404 932 quarum
427 856 503 915 forte
525 848 685 915 civitatium
707 859 795 934 legati
817 860 951 930 aderant,
985 860 1026 916 eis
1046 878 1123 934 prae·
1140 861 1174 916 10

61 963 189 1021 sentibus
216 981 285 1020 suos
315 963 452 1033 restituit;
485 973 646 1021 ceterorum
673 983 772 1021 curam
801 964 925 1038 benigne
952 963 1122 1021 tuendorum

61 1069 95 1128 O.
124 1069 269 1127 Flaminio
302 1068 439 1142 quaestori
466 1069 605 1127 attribuit.
658 1071 739 1126 Inter
773 1071 834 1127 haec
867 1089 883 1126 e
914 1069 1010 1125 media
1038 1069 1124 1125 turba
1140 1071 1173 1126 ll

62 1175 195 1232 obsidum
216 1175 318 1232 mulier
329 1192 436 1249 magno
448 1184 527 1243 natu,
548 1174 700 1231 Mandonii
712 1193 794 1245 uxor,
814 1175 864 1249 qui
878 1173 969 1241 frater
982 1167 1124 1242 Indibilis,
1224 1218 1231 1235 .

61 1281 220 1356 Ilergetum
248 1280 358 1354 reguli,
381 1290 461 1350 erat,
490 1280 562 1335 flens
592 1280 629 1336 ad
656 1281 745 1354 pedes
766 1279 950 1354 imperatoris
972 1278 1125 1354 procubuit

63 1385 261 1459 obtestarique
283 1385 386 1460 coepit,
410 1394 441 1441 ut
461 1402 560 1441 curam
584 1385 749 1459 cultumque
770 1385 943 1443 feminarum
967 1384 1124 1460 impensius

62 1491 229 1547 custodibus
257 1491 480 1548 commendaret.
530 1490 624 1562 Quum
649 1489 747 1564 Scipio
774 1490 845 1547 nihil
866 1487 1030 1546 defuturum
1054 1508 1124 1564 pro·
1141 1489 1175 1544 12

61 1594 138 1653 fecto
161 1595 282 1665 diceret,
313 1605 372 1651 tum
403 1613 504 1651 rursus
525 1595 628 1652 mulier
651 1596 758 1663 „Haud
781 1595 880 1670 magni
901 1594 958 1651 ista
980 1592 1122 1650 facimus“

62 1701 169 1776 inquit3
205 1696 296 1774 „quid
321 1699 396 1756 enim
425 1700 492 1757 hnic
520 1700 643 1758 fortunae
676 1718 734 1754 non
760 1699 831 1756 satis
860 1697 923 1756 est?
980 1699 1050 1756 Alia
1079 1717 1125 1755 me

62 1826 132 1864 cura
150 1816 263 1864 aetatem
288 1807 391 1862 harum
415 1806 573 1863 intuentem
595 1803 677 1882 (uam
698 1805 764 1879 ipsa
784 1805 843 1861 iam
863 1814 946 1861 extra
966 1804 1125 1879 periculum

61 1911 173 1968 iniuriae
195 1911 342 1967 muliebris
364 1914 440 1982 sum)
462 1910 619 1969 stimulat.“
665 1910 703 1966 Et
725 1920 809 1967 aetate
831 1920 860 1967 et
880 1909 975 1967 forma
990 1911 1125 1966 florentes
1143 1907 1176 1962 l3

62 2017 140 2074 circa
168 2035 232 2073 eam
262 2026 341 2073 aaut
369 2015 595 2072 Indibilis-filice
621 2016 741 2087 aliaeque
767 2014 928 2078 nobilitate
944 2014 1025 2088 puri,
1060 2033 1125 2088 quae

60 2141 160 2180 omnes
189 2141 253 2179 earn
284 2129 480 2196 properante
504 2119 646 2179 colebant.
692 2120 769 2175 Tum
792 2118 890 2193 Scipio
917 2119 1010 2187 „Meae
1031 2119 1176 2195 popu-14

59 2229 138 2302 liqna
168 2228 294 2285 Romani
324 2226 481 2301 disciplinae
514 2202 604 2283 causa
639 2223 784 2280 facerem“
816 2224 925 2298 inquit,
963 2243 1017 2294 „ne
1046 2224 1124 2298 quid,

61 2332 139 2407 quod
164 2340 295 2388 sanctum
319 2349 440 2404 usquam
465 2340 550 2399 esset,
573 2331 650 2405 apud
673 2348 726 2386 nos
748 2328 922 2395 violaretur3
945 2347 1020 2385 nunc
1042 2325 1074 2386 ut
1094 2329 1124 2386 id
1141 2328 1175 2382 15

60 2454 158 2492 curem
180 2436 351 2511 impensius,
374 2443 472 2493 vestro
494 2454 611 2510 quoque
633 2428 724 2492 iirtus
746 2434 930 2509 dignitasque
952 2433 1036 2503 lacit,
1059 2453 1124 2508 quae

60 2561 97 2597 ne
123 2541 153 2596 in
181 2540 265 2596 malis
297 2541 411 2614 quidem
443 2541 540 2599 oblitae
561 2540 674 2598 decoris
698 2539 866 2595 matronalis
888 2541 984 2601 estis.“
1035 2539 1124 2615 Spec·
1142 2539 1177 2594 16

60 2653 129 2701 tatus
150 2644 254 2701 deinde
274 2645 445 2719 integritatis
468 2646 532 2702 viro
554 2645 673 2702 tradidit
693 2663 759 2714 eas,
792 2645 922 2719 tuerique
941 2646 1020 2703 haud
1042 2664 1124 2702 secus

61 2751 223 2807 verecunde
257 2770 292 2808 ac
325 2751 453 2807 modeste
488 2769 575 2825 quam
607 2750 754 2824 hospitum
789 2750 925 2823 coniuges
956 2768 990 2808 aa
1017 2758 1124 2807 matres

59 2855 151 2913 iussit.

151 2961 277 3038 Captiva
309 2962 412 3019 deinde
445 2981 464 3018 a
496 2961 633 3018 militibus
667 2960 818 3018 adducitur
850 2960 887 3016 nd
923 2979 987 3017 eum
1022 2960 1122 3018 adulta
1170 2951 1217 3021 50

61 3064 153 3141 virgo,
174 3068 248 3124 adeo
269 3067 375 3124 eximia
386 3066 491 3137 forma,
512 3073 553 3135 ut,
574 3084 745 3140 quacunque
759 3066 919 3135 incedebat,
941 3074 1121 3122 converteret
1150 3103 1152 3108 2

62 3172 188 3228 omnium
211 3172 320 3230 oculos.
368 3172 466 3247 Scipio
482 3179 667 3246 percontatus
683 3171 807 3246 patriam
824 3182 1025 3246 parentesque,
1047 3169 1152 3225 inter2

62 3286 158 3334 cetera
175 3277 311 3352 accepit,
346 3275 520 3350 desponsam
543 3295 608 3333 eam
629 3277 752 3352 principi
774 3276 997 3344 Celtiberorum
1021 3273 1121 3331 adole-

61 3382 152 3438 scenti
197 3382 320 3440 Aluccio
364 3400 470 3464 nomen
510 3391 581 3439 erat.
639 3382 796 3457 Extemplo
833 3383 921 3456 igitur
955 3380 1152 3456 parentibus3

61 3504 227 3559 sponsoque
254 3489 290 3545 ab
322 3489 409 3546 domo
441 3487 554 3559 accitis,
587 3507 674 3562 quum
697 3488 809 3545 interim
833 3488 963 3555 audiret,
994 3485 1124 3560 deperire

62 3609 127 3647 aum
148 3608 262 3665 sponsa
279 3613 388 3665 amore,
410 3593 461 3650 ubi
470 3593 594 3668 primum
610 3593 697 3663 venit,
720 3593 899 3649 accuratiore
914 3609 979 3648 eum
992 3608 1125 3648 sermone

63 3673 308 3771 qnam'parentes
324 3697 488 3773 alloquitur.
525 3698 680 3767 „Iuvenis“
703 3698 796 3771 inquit
823 3699 973 3766 „iuvenem
997 3696 1152 3772 appello‚4

62 3820 115 3874 quo
149 3800 245 3858 minor
276 3804 314 3860 sit
344 3804 419 3861 inter
450 3820 504 3859 nos
535 3802 619 3859 huius
651 3802 791 3858 sermonis
818 3804 999 3863 verecundia.
1049 3804 1123 3878 Ego,

65 3925 153 3980 quum
175 3917 353 3982 sponsatas
374 3918 460 3983 capta
482 3926 501 3965 a
523 3907 659 3964 militibus
681 3909 787 3967 nostris
811 3910 848 3965 ad
872 3901 917 3966 ma
936 3909 1023 3966 ducta
1040 3919 1123 3978 esset,
