2700 4426
413 121 629 172 araerxxvnr.
666 120 714 184 (a.
728 117 859 184 chaos.)
1067 98 1119 180 lat

109 302 253 380 publicam
285 307 454 380 gessissent,
490 308 545 378 ita,
582 324 748 381 quanquam
779 325 816 362 ex
850 305 969 362 diversis
1001 306 1165 381 regionibus

109 412 308 480 convenirent,
330 431 387 469 uno
411 422 540 487 ternpore
562 412 601 469 ad
622 413 722 469 urbem
745 410 927 479 accederent3
947 413 1094 468 Praeneste
1115 413 1165 486 qui

108 517 189 591 prior
209 518 342 588 venisset,
366 518 506 592 collegam
530 518 571 574 ibi
593 517 720 592 opperiri
740 517 845 573 iussus.
889 517 979 573 Forte
999 517 1040 573 ita
1062 519 1195 587 evenit‚5

108 633 141 680 ut
163 624 263 680 eodem
286 624 331 680 die
352 624 437 679 ambo
459 623 605 679 Praeneste
621 623 760 678 venirent.
807 623 879 679 Inde
896 619 1044 697 praemisso
1062 622 1165 694 edicto,

107 740 141 787 ut
170 731 264 787 triduo
291 738 357 806 post-
385 728 519 801 frequens
549 738 665 784 senatus
701 727 739 782 ad
767 727 856 784 aedem
885 728 1013 786 Bellona
1042 730 1164 800 adesset,

108 838 188 893 omni
214 836 393 893 multitudine
422 835 542 905 obviam,
565 832 657 890 effusa
695 833 731 891 ad
770 834 870 891 urbem
892 853 1047 897 accessere.
1095 837 1195 894 Nonii

107 944 274 1000 salutabant
305 942 391 998 modo
424 941 549 997 universi
581 939 761 1010 circumfusi,
799 941 851 996 sed
892 960 944 1015 pro
982 962 1010 999 se
1042 943 1163 1018 quisque

107 1049 238 1105 victrices
260 1049 377 1104 dextras
407 1046 554 1103 consulum
583 1046 728 1121 capientes
766 1045 814 1101 alii
837 1047 1073 1120 gratulabantur,
1114 1047 1162 1105 alii

105 1155 216 1228 gratias
239 1155 372 1228 agebant,
395 1153 473 1228 quod
491 1172 589 1210 eorum
613 1171 702 1227 opera
720 1150 870 1208 incolumis
886 1169 932 1208 res
948 1153 1063 1228 publica
1077 1164 1161 1214 esset.

106 1261 142 1316 In
164 1269 264 1316 senatu
290 1279 376 1333 quum
405 1278 485 1316 more
508 1260 635 1316 omnium
655 1259 881 1332 imperatorum,
917 1260 1055 1335 expositis
1076 1263 1191 1319 rebus7

107 1368 144 1423 ab
165 1385 196 1422 se
214 1366 311 1440 gestis,
332 1365 534 1440 postulassent,
556 1373 587 1419 ut
606 1382 660 1437 pro
678 1382 709 1418 re
729 1363 845 1437 publica
863 1363 976 1420 fortiter
985 1364 1162 1441 feliciterque

105 1472 307 1528 administrata
340 1481 367 1528 et
401 1471 461 1527 deis
493 1469 704 1526 immortalibus
732 1469 886 1526 haberetur
914 1472 1007 1528 honos
1035 1482 1063 1529 et
1091 1474 1162 1548 ipsis

105 1577 348 1652 triumphantibus
362 1579 462 1633 urbem
480 1576 552 1632 inire
566 1575 674 1644 liceret,
696 1591 728 1630 se
742 1592 812 1630 vero
830 1595 873 1646 ea,
896 1594 959 1650 quae
973 1579 1162 1652 postularent,
1175 1579 1192 1634 8

106 1684 258 1740 decernere
279 1693 376 1758 patres
397 1683 498 1739 merito
523 1682 641 1738 deorum
663 1679 797 1756 primum,
819 1681 884 1737 dein
909 1685 1064 1740 secundum
1092 1687 1161 1744 deos

105 1788 254 1844 consulum
285 1788 507 1862 responderunt3
540 1796 569 1844 et
589 1785 798 1862 supplicatione
827 1787 977 1844 amborum
999 1791 1114 1848 nornine
1133 1791 1191 1849 et9

102 1894 249 1968 triumpho
272 1895 384 1967 utrique
405 1892 539 1961 decreto,
567 1893 642 1949 inter
661 1893 756 1966 ipsos,
786 1910 831 1961 ne,
854 1910 941 1965 quum
956 1895 1061 1952 bellum
1083 1916 1161 1954 com·

106 2000 184 2056 muni
211 2000 307 2055 animo
333 1999 504 2073 gessissent,
536 1996 712 2070 triumphum
737 2007 921 2072 separarent,
956 1999 998 2055 ita
1019 2003 1160 2073 convenit,

106 2115 154 2176 ut,
190 2106 325 2179 quoniam
354 2114 382 2162 et
403 2105 432 2160 in
453 2103 602 2179 provincia
623 2102 666 2160 M.
688 2101 764 2158 Livii
784 2121 830 2159 res
851 2112 934 2188 gesta
956 2115 1043 2176 esset,
1075 2116 1104 2162 et
1125 2128 1159 2166 eo
1177 2110 1212 2163 10

105 2212 168 2283 die,
206 2230 262 2286 quo
290 2219 447 2286 pugnatum
480 2208 570 2279 foret,
606 2208 667 2264 eius
697 2206 774 2266 forte
802 2209 960 2284 auspicium
981 2211 1098 2285 fuisset,
1132 2225 1161 2274 et

105 2318 248 2375 exercitus
270 2317 407 2373 Livianus
435 2316 573 2372 deductus
594 2315 719 2371 Romam
741 2314 880 2386 venisset,
911 2316 1037 2376 Neronis
1058 2321 1160 2379 deduci

106 2425 142 2480 de
173 2424 323 2498 provincia
353 2441 412 2479 non
442 2422 591 2496 potuisset,
618 2432 650 2476 ut
677 2421 718 2476 M.
740 2420 855 2476 Livium
886 2423 1032 2498 quadrigis
1059 2427 1158 2483 urbem

105 2531 250 2585 ineuntem
272 2528 374 2584 milites
396 2536 598 2599 sequerentur,
625 2524 659 2582 C.
682 2524 821 2582 Claudius
843 2545 917 2600 equo
939 2528 1000 2584 sine
1022 2531 1158 2590 militibus

105 2635 296 2690 inveheretur.
344 2633 392 2688 Ita
417 2631 597 2687 consociatus
624 2630 785 2704 triumphus
817 2648 904 2703 quum
930 2633 1059 2707 utrique,
1098 2645 1158 2694 tum
1174 2632 1207 2686 11

106 2739 200 2813 magis
216 2739 250 2808 ei,
274 2737 331 2812 qui,
354 2745 490 2810 quantum
514 2737 616 2793 merito
631 2736 767 2805 anteibat,
789 2743 899 2791 tantum
918 2738 1027 2794 honore
1042 2741 1158 2816 collegae

106 2852 246 2914 cesserat,
277 2843 399 2918 gloriam
426 2843 515 2898 auxit.
563 2841 647 2896 illum
676 2840 800 2914 equitem
829 2841 944 2898 aiebant
972 2861 1024 2900 sex
1049 2841 1210 2924 dierum12

105 2951 199 3026 spatio
221 2946 424 3005 transcurrisse
452 2946 657 3021 longitudinem
689 2945 781 3003 Italiae
814 2954 842 3002 et
866 2966 900 3003 eo
927 2948 973 3005 die
994 2968 1059 3007 cum
1080 2953 1158 3010 Has·

103 3057 225 3113 drubale
253 3056 282 3111 in
310 3051 409 3110 Gallia
437 3053 525 3127 signis
552 3052 663 3109 collatis
690 3070 852 3126 pugnasse,
880 3071 938 3126 quo
971 3074 1035 3112 eum
1063 3068 1158 3116 castra

106 3162 244 3218 adversus
273 3177 336 3217 sese
369 3159 398 3214 in
423 3159 532 3233 Apulia
561 3157 657 3231 posita
686 3158 793 3214 habere
815 3156 962 3214 Hannibal
983 3161 1158 3218 credidisset.

104 3269 153 3324 Ita
181 3286 267 3323 unum
300 3265 445 3321 consulem
475 3283 528 3339 pro
560 3270 681 3337 utraque
709 3272 791 3337 parte
812 3263 904 3320 Italiae
925 3265 1063 3323 adversus
1086 3267 1158 3324 duos
1174 3267 1209 3322 13

107 3371 223 3448 [duces,
259 3367 345 3446 duos]
375 3370 563 3444 imperatores
592 3370 658 3426 hine
681 3369 829 3425 consilium
853 3388 946 3439 suum,
966 3370 1033 3427 hinc
1054 3390 1159 3447 corpus

106 3476 283 3551 opposuisse.
343 3476 459 3532 Nomen
495 3476 630 3537 Neronis¹
656 3476 726 3532 satis
761 3474 850 3531 fuisse
884 3475 921 3530 ad
957 3476 1156 3535 continendum
1173 3481 1209 3534 14

107 3581 208 3639 castris
240 3581 449 3651 Hannibalem3
489 3582 702 3638 Hasdrubalem
736 3597 806 3636 vero
840 3598 898 3654 qua
931 3582 988 3637 alia
1013 3601 1045 3638 re
1070 3602 1156 3657 quam

107 3689 232 3744 adventu
265 3686 325 3742 eius
361 3689 492 3744 obrutum
525 3697 612 3760 atque
644 3685 814 3742 exstinctum
841 3683 925 3740 esse?
971 3689 1075 3763 Itaque
1102 3689 1157 3746 iret
1172 3693 1208 3746 15

105 3793 179 3849 alter
200 3792 299 3849 consul
321 3792 450 3848 sublimis
470 3812 554 3849 curru
581 3792 752 3866 multiiugis,
784 3789 809 3846 si
830 3789 938 3862 vellet,
962 3794 1060 3868 equis;
1099 3815 1157 3852 uno

105 3917 179 3973 equo
201 3918 253 3974 per
274 3898 372 3955 urbem
395 3917 492 3956 verum
519 3899 692 3973 triumphum
715 3895 790 3964 vehi,
814 3896 1025 3973 Neronemque,
1047 3901 1160 3958 etiamsi

931 4001 961 4051 9*
