2700 4426
420 160 498 268 nael
514 217 617 287 xxry.
654 217 851 282 taenara)
1065 221 1122 277 aot

104 409 233 476 possent,
255 401 383 476 peditum
409 401 595 476 equitumque
629 401 720 476 copiae
749 402 779 459 in
802 400 932 461 Siciliam
960 400 1167 463 traiicereutur.
1190 410 1193 415 “

107 505 276 562 Adveniens
306 506 499 576 Heracleam,
531 506 609 564 intra
638 526 747 582 paucos
779 506 845 563 inde
879 506 941 564 dies
974 506 1198 581 Agrigentumss
1277 541 1290 556 ι

104 609 226 684 recepit3
256 610 437 684 aliarumque
468 611 642 681 civitatium,
676 632 740 687 quae
771 612 863 686 partis
885 611 1167 685 Carthaginiensium

105 722 202 784 arant,
231 715 305 771 adeo
327 735 456 774 accensa
476 727 543 774 sunt
569 734 635 791 spes
657 718 695 774 ad
715 718 865 792 pellendos
888 716 988 776 Sicilia
1008 718 1167 785 Romanos,

104 827 138 874 ut
158 828 305 893 postremo
328 822 425 891 etiam,
450 823 500 896 qui
522 823 730 879 obsidebantur
752 823 914 898 Syracusis,
939 822 1052 878 animos
1073 829 1168 877 sustu·

104 923 191 981 lerint
219 934 256 995 et,
278 935 362 999 parte
385 926 535 1002 copiarum
559 909 767 985 satisdefeudi
798 928 898 984 urbem
920 945 1007 1001 posse
1028 926 1099 996 rati,
1127 925 1197 982 itat

103 1027 181 1085 inter
200 1047 232 1086 se
254 1050 374 1088 munera
396 1031 462 1088 belli
485 1033 584 1106 partiti
607 1034 673 1104 sint,
695 1043 728 1089 ut
749 1031 894 1107 Epicydes
909 1041 1051 1110 praesset
1069 1041 1168 1087 custo·

104 1133 161 1190 dias
182 1135 276 1206 urbis,
307 1135 503 1210 Hippocrates
525 1138 684 1196 Himilconi
708 1137 877 1197 coniunctus
901 1135 1007 1192 bellum
1029 1135 1168 1192 adversus

105 1240 254 1300 consulam
275 1243 439 1324 Romanum
471 1253 592 1316 gereret.
641 1243 715 1300 Cum
748 1244 846 1299 decem
875 1241 1001 1298 millibus
1030 1234 1200 1314 peditum,8

105 1345 270 1420 quingentis
291 1347 435 1421 equitibus
464 1356 548 1404 nocte
577 1367 629 1423 par
649 1347 814 1404 intermissa
841 1346 978 1404 custodiis
1006 1346 1071 1402 loca
1098 1363 1169 1419 pro·

104 1449 197 1507 iectus
230 1460 328 1508 castra
364 1451 440 1509 circa
472 1451 599 1509 Acrillas
638 1453 737 1508 urbem
774 1452 911 1525 ponebat.
973 1450 1199 1507 Munientibus9

104 1555 272 1629 supervenit
293 1556 448 1613 Marcellus
470 1558 507 1613 ab
525 1557 685 1632 Agrigento
700 1558 758 1613 iam
782 1566 934 1631 occupato,
957 1574 1044 1631 quum
1062 1555 1170 1612 frustra

92 1670 143 1715 'eo
165 1660 323 1732 praevenire
342 1662 454 1718 hostem
476 1661 616 1719 festinans
638 1662 814 1728 tetendisset,
845 1662 968 1731 rediens,
988 1660 1060 1717 nihil
1076 1661 1170 1717 minus

104 1772 197 1833 ratus,
219 1783 306 1838 quam
329 1764 378 1822 illo
401 1774 532 1841 tempore
553 1785 588 1823 ao
609 1767 674 1823 loco
697 1766 914 1840 Syracusanum
936 1767 991 1823 sibi
1012 1766 1170 1823 exercitum

106 1869 225 1926 obvium
256 1868 333 1940 fore3
366 1872 418 1928 sed
445 1881 543 1929 tamen
570 1880 647 1927 metu
670 1870 842 1927 Himilconis
872 1872 1104 1944 Poenorumque,
1140 1877 1172 1926 ut
1186 1867 1221 1920 10

106 1973 212 2048 quibus
234 1993 416 2051 nequaquam
440 1978 481 2035 eis
503 1976 604 2050 copiis,
630 1993 703 2049 quas
725 1976 867 2046 habebat,
896 1984 1061 2050 parasset,
1083 1992 1169 2047 qnam

105 2087 222 2155 poterat
243 2080 370 2140 maxime
396 2084 522 2141 intentus
544 2089 632 2155 atque
654 2080 770 2154 agmine
798 2081 836 2137 ad
865 2098 965 2137 omnes
986 2097 1070 2136 casus
1092 2097 1170 2136 com·

105 2184 202 2259 posito
223 2185 295 2245 ibat.
345 2188 435 2244 Forte
457 2206 493 2243 co
514 2205 598 2254 cura,
620 2204 684 2259 quae
706 2185 857 2243 adversas·
870 2186 977 2242 Poenos
1007 2193 1171 2259 praeparata
1218 2171 1264 2240 36

90 2289 175 2360 'arca
200 2290 340 2348 adversos
362 2291 475 2350 Siculos
497 2291 562 2348 usui
584 2289 648 2350 fuit.
697 2288 808 2347 Castris
832 2289 973 2365 ponendis
993 2289 1170 2364 incomposi-

106 2403 153 2451 tos
174 2413 209 2452 ao
231 2368 380 2470 dispersos
398 2404 519 2453 nanctus
541 2414 592 2454 eos
607 2405 635 2452 et
656 2394 812 2470 plerosque
832 2396 966 2464 inermes,
989 2393 1067 2468 quod
1088 2393 1171 2468 pedi·
1212 2419 1220 2446 a

67 2519 70 2524 ·
105 2509 167 2556 tum
188 2499 252 2570 fuit,
273 2500 472 2569 circumvenit3
495 2519 591 2575 eques,
613 2501 670 2558 levi
693 2501 850 2558 certamine
871 2501 952 2570 inito,
974 2518 1039 2557 cum
1054 2498 1170 2573 Hippo-

106 2613 188 2662 crate
209 2607 305 2663 Acras
326 2605 461 2681 perfugit

190 2710 237 2768 ua
260 2730 358 2786 pugna
387 2711 551 2768 deficientes
581 2710 619 2767 ab
641 2711 782 2767 Romanis
815 2728 903 2785 quum
927 2709 1103 2767 cohibuisset
1124 2707 1202 2766 Si-2

106 2814 198 2886 culos,
220 2815 377 2873 Marcellus
399 2816 561 2893 Syracusas
582 2814 681 2882 rediit;
703 2825 732 2871 et
753 2824 821 2889 post
841 2833 951 2890 paucos
968 2814 1030 2870 dies
1045 2813 1171 2870 Himilco

108 2918 244 2978 adiuncto
276 2921 457 2996 Hippocrate
488 2920 526 2977 ad
557 2920 664 2976 flumen
692 2922 846 2995 Anapum,
880 2930 952 3002 octo
980 2918 1072 2975 ferma
1106 2910 1173 2973 inde

107 3023 207 3094 millia,
228 3032 325 3081 castra
345 3026 452 3100 posuit.
499 3026 561 3084 Sub
583 3025 659 3081 idem
681 3024 757 3082 forte
781 3018 894 3099 tempus
915 3032 945 3081 et
967 3041 1057 3080 naves
1079 3022 1203 3096 longae3

109 3129 237 3204 quinque
259 3139 288 3187 et
319 3130 530 3206 quinquaginta
552 3128 834 3205 Carthaginiensium
862 3146 927 3184 oum
949 3126 1115 3185 Bomilcare
1143 3125 1174 3182 in

108 3253 246 3309 magnum
280 3246 395 3310 portum
423 3236 584 3312 Syracusas
617 3254 655 3291 ex
687 3235 746 3291 alto
775 3234 945 3302 decurrere,
977 3223 1007 3311 et
1038 3233 1204 3289 Romanat

108 3340 178 3397 item
199 3340 310 3410 classis,
330 3340 449 3415 triginta
471 3340 702 3414 quinqueremes,
724 3339 867 3413 legionem
889 3337 1014 3413 primam
1033 3335 1174 3393 Panormi

107 3461 284 3518 exposuer03
305 3463 480 3520 versumque
504 3446 541 3502 ab
556 3445 645 3503 Italia
665 3444 776 3502 bellurn
794 3443 881 3515 (adeo
906 3452 1028 3516 uterque
1049 3439 1173 3515 populus

107 3547 139 3606 in
153 3547 283 3608 Siciliam
304 3550 430 3608 intentus
451 3548 518 3624 fuit)
541 3549 633 3606 videri
654 3555 778 3624 poterat.
824 3546 983 3621 Legionem
999 3547 1204 3613 Romanam,5

108 3672 174 3729 qun
194 3655 329 3730 exposita
349 3655 489 3712 Panormi
511 3663 583 3724 erat,
607 3653 769 3710 venientem
792 3650 954 3727 Syracusas
969 3651 1074 3725 praedae
1095 3648 1174 3705 hand

108 3758 197 3817 dubie
217 3758 273 3816 sibi
293 3758 421 3817 futuram
443 3759 571 3816 Himilco
593 3766 673 3814 ratus
696 3757 745 3814 via
767 3755 917 3830 decipitur.
962 3754 1205 3814 Mediterraneofi

108 3881 237 3938 nemque
257 3865 366 3922 Poenus
386 3865 489 3922 itinere
510 3863 606 3932 duxit3
626 3862 703 3937 legio
718 3860 870 3918 maritimis
891 3859 972 3928 locis,
993 3857 1085 3915 classe
1105 3875 1174 3931 pro·

108 3978 263 4045 quente,
296 3969 336 4026 ad
356 3973 438 4045 App.
461 3967 617 4028 Claudium
638 3968 809 4042 Pachynum
831 3982 897 4022 cum
919 3972 1003 4038 parta
1026 3960 1192 4037 copiamm‘
