2674 4542
314 225 373 282 242
585 222 666 274 Liber
683 221 772 276 XXV.
807 223 851 286 (A.
866 237 892 272 ιι.
905 238 928 274 c.
940 225 1015 288 stu.)

240 407 372 482 5potuit.
421 407 532 463 Flavus
553 407 689 464 Lucanus
717 405 787 476 fuit,
816 416 905 481 caput
931 409 1024 482 pertis
1056 409 1123 466 eius
1150 410 1322 479 Lucanorun,

271 531 358 586 quum
401 529 470 586 pars
504 511 541 568 ad
572 511 768 569 Hannibalem
799 510 968 584 defecisset,
1000 530 1068 586 quae
1102 533 1180 570 cum
1211 511 1326 572 Rtmt'w‘

270 620 381 686 stabat3
416 627 445 674 et
477 616 536 673 iam
574 634 671 672 annuo
702 615 733 672 in
764 615 937 690 magistratu
963 627 1041 685 erat,
1076 619 1116 674 ab
1156 619 1258 675 iisdem
1331 682 1332 685 Ἴ

239 725 384 780 horestus
411 732 527 796 praetor.
578 720 609 778 ls
638 730 750 776 mutata
778 731 898 795 repente
921 720 1073 778 voluntate
1106 723 1216 780 locum
1246 722 1303 798 grat
1331 794 1332 805 χ

270 827 348 901 apud
370 828 493 884 Poenum
516 843 663 899 quarens,
683 843 779 902 neque
800 825 924 883 transire
951 827 1014 902 ipse
1037 846 1138 901 neque
1162 831 1275 886 trahere
1293 823 1332 885 tl¹

270 931 460 989 defectionem
486 931 620 988 Lucanos
642 930 713 988 satis
735 931 846 999 habuit,
869 931 924 988 nisi
948 933 1139 1007 imperatoris
1157 944 1195 990 .et
1220 933 1320 991 eineder

269 1037 393 1113 hospitis
438 1033 547 1112 proditi
582 1035 677 1109 capite
716 1052 751 1092 ac
787 1035 928 1109 sanguine
965 1036 1061 1095 foedus
1088 1053 1173 1094 ‘cum
1212 1039 1333 1102 hostum

241 1142 423 1199 ‘lsanxisset
477 1140 527 1200 Ad
549 1141 722 1215 Magonem,
752 1141 801 1216 qui
829 1142 858 1196 in
880 1139 1002 1197 Bruttiis
1030 1152 1179 1214 praeerat,
1211 1143 1279 1200 clam
1297 1141 1333 1208 itr

270 1246 445 1320 colloquium
467 1246 555 1315 venit,
576 1247 692 1319 fideque
707 1247 744 1304 ab
766 1265 801 1302 eo
823 1253 953 1320 accepta,
974 1246 1000 1301 si
1013 1246 1186 1302 Romanum
1201 1248 1283 1304 iisiu
1332 1281 1333 1314 ι

269 1362 397 1408 retorem
413 1352 588 1421 tradidisset,
609 1352 718 1408 liberos
732 1369 797 1408 cum
813 1350 873 1407 suis
894 1349 1006 1424 legibus
1029 1361 1174 1408 venturos
1196 1352 1229 1408 in
1244 1351 1333 1410 amicir

270 1456 340 1512 tiam
358 1457 503 1527 Lucanos,
526 1457 641 1514 deducit
655 1457 778 1512 Poeuum
794 1454 823 1511 in
837 1454 943 1519 locum,
965 1474 1019 1528 quo
1040 1475 1103 1512 cum
1125 1459 1233 1532 paucis
1247 1457 1333 1525 Greci

239 1560 356 1618 8chu1n
387 1561 577 1618 adducturum
601 1561 654 1616 ait:
686 1560 778 1635 Mago
806 1559 848 1616 ibi
876 1559 987 1634 pedites
1009 1561 1187 1636 equitesque
1210 1555 1318 1618 ιιιιιιιιιόι

240 1663 314 1740 9(et
335 1684 439 1741 capere
461 1683 510 1722 eas
531 1667 659 1724 latebras
686 1666 831 1740 ingentem
860 1663 1024 1739 numerum)
1053 1668 1211 1727 occuleret.
1258 1668 1333 1736 tos*

271 1771 342 1828 satis
374 1771 505 1847 inspecto
527 1780 616 1845 atque
643 1771 771 1844 undique
803 1769 966 1844 explorato,
991 1769 1053 1826 dies
1089 1775 1255 1848 composita
1277 1789 1317 1846 gt·

270 1875 367 1933 rendae
399 1875 442 1934 rei
473 1883 525 1932 est.
584 1875 695 1932 Flavus
732 1874 769 1929 ad
801 1875 968 1932 Romanum
1003 1875 1215 1951 imperatorem
1249 1877 1333 1946 veni„

223 1982 344 2040 toaem
366 2000 398 2038 se
420 1981 461 2039 ait
483 1999 618 2055 magnam
640 1981 803 2049 inchoasse,
830 1980 867 2036 ad
899 1998 985 2053 quam
1009 1960 1219 2054 perficiendam
1245 1983 1333 2057 ipsius}

271 2087 400 2146 Gracchi
432 2103 523 2161 opera
545 2091 618 2160 opus
648 2092 733 2140 esset.
784 2081 921 2142 Omnium
954 2085 1132 2159 populorum
1155 2088 1333 2162 pratoribmr

271 2195 321 2266 qui
343 2193 381 2248 ad
403 2193 525 2248 Poenum
548 2189 577 2246 in
599 2189 649 2244 illo
674 2188 819 2246 communi
841 2188 934 2245 Italiae
965 2199 1046 2246 motu
1069 2191 1243 2260 descissent,
1263 2209 1333 2266 pes-q

221 2294 255 2348 ll
271 2298 412 2364 suasisse,
444 2304 476 2351 ut
502 2295 629 2351 redirent
654 2295 684 2351 in
711 2293 867 2350 amicitiam
894 2296 1113 2368 Romanorum,
1143 2299 1255 2371 qnando
1278 2311 1333 2368 reti

272 2420 388 2476 quoqne
409 2402 559 2468 Romana,
581 2418 646 2473 quae
666 2415 758 2473 prope
780 2397 899 2454 exitium
926 2399 1009 2455 clade
1031 2398 1183 2458 Cannensi
1204 2371 1333 2468 vertisset,1

271 2509 300 2564 in
323 2508 384 2563 dies
406 2505 507 2562 melior
528 2513 617 2578 atque
639 2503 751 2558 auctior
773 2503 869 2571 fieret,
902 2503 1078 2560 Hannibalis
1102 2506 1148 2562 vis
1177 2512 1313 2562 senesceret

223 2611 258 2667 12
273 2632 308 2670 ac
329 2631 421 2687 prope
442 2610 481 2666 ad
501 2607 621 2664 nihilum
643 2607 782 2664 venisset:
805 2608 894 2663 veteri
916 2607 1021 2664 delicto
1035 2610 1117 2666 haud
1139 2607 1312 2685 implacabiles

272 2718 336 2775 lore
368 2720 533 2782 Romanos3
572 2711 680 2768 nullam
721 2730 848 2786 unquam
882 2723 997 2788 gentem
1031 2715 1127 2789 magis
1159 2713 1311 2772 exorabilem

272 2817 538 2894 promptioremque
559 2816 650 2873 veniae
678 2817 781 2874 dandae
800 2803 905 2886 luisse3
932 2818 1045 2892 quoties
1072 2821 1223 2878 rebellioni
1245 2819 1311 2875 etiam

224 2928 261 2983 13
274 2923 415 2979 maiorum
438 2941 556 2980 suorum
575 2920 726 2995 ignotum?
751 2922 822 2980 Haec
845 2924 882 2979 ab
904 2941 936 2979 se
957 2923 1047 2993 dicta3
1069 2935 1198 2982 ceterum
1219 2923 1310 2996 abipso

223 3057 227 3062 ·
274 3028 410 3086 Graccho
431 3028 613 3085 eademthaec
635 3027 735 3111 audire
763 3027 850 3084 malle
871 3045 922 3084 eos
942 3028 1152 3102 praesentisque
1171 3030 1311 3102 contingere

225 3137 261 3191 14
275 3135 423 3203 dextram;
455 3134 484 3189 id
506 3133 611 3206 pignus
633 3131 701 3187 fidei
721 3150 818 3188 secum
840 3131 914 3190 fore.
959 3133 1068 3189 Locum
1093 3153 1125 3191 se
1152 3135 1263 3192 concilio
1283 3131 1310 3186 iis

275 3239 383 3294 dixisse
405 3257 423 3294 a
453 3246 609 3310 conspectu
641 3246 786 3305 amotum,
812 3237 891 3292 haud
921 3237 1023 3312 procul
1055 3241 1161 3297 castris
1181 3236 1309 3298 Romwb:

275 3345 314 3401 ibi
336 3344 436 3419 paucis
457 3343 554 3398 verbis
579 3340 700 3414 transigi
729 3359 790 3397 rem
819 3359 920 3415 posse,
947 3352 979 3398 ut
998 3362 1084 3400 omne
1113 3364 1219 3402 nomen
1238 3345 1306 3400 Luct-

226 3450 261 3505 15
275 3469 342 3507 num
365 3450 394 3506 in
416 3450 473 3505 fide
494 3445 689 3528 acsocietate
709 3448 845 3503 Romana
872 3447 919 3506 sit.
965 3447 1120 3506 Gracchus
1149 3449 1306 3506 heudone

274 3554 401 3612 sermoni
423 3563 452 3610 et
472 3553 514 3609 rei
536 3554 639 3608 abesse
659 3561 740 3607 ratus
768 3569 803 3608 oc
832 3551 1019 3608 similitudine
1039 3553 1101 3609 veri
1124 3565 1238 3629 captus,
1263 3565 1305 3606 cun

274 3660 422 3716 lictoribus
446 3675 480 3715 ac
503 3664 599 3713 turura
622 3655 749 3729 equitum
781 3675 796 3712 e
824 3657 927 3712 castris
953 3656 1101 3732 profectus
1129 3660 1203 3717 duce
1222 3654 1306 3730 hospite

227 3765 262 3818 16
275 3767 302 3820 in
323 3764 441 3820 insidias
457 3762 627 3838 precipitat.
669 3762 778 3818 Hostes
800 3762 896 3818 subito
912 3763 1019 3831 exorti;
1041 3773 1079 3834 et,
1101 3783 1137 3821 ne
1160 3766 1244 3822 dubia
1262 3777 1307 3836 pru

258 3870 346 3926 ·ditio
369 3878 460 3938 asset,
490 3869 600 3924 Flavus
629 3867 664 3923 iis
691 3885 723 3924 se
753 3868 892 3942 adiungit.
941 3869 1016 3924 Tela
1036 3869 1165 3943 undique
1186 3871 1215 3926 in
1239 3867 1308 3926 Grac

227 3973 361 4030 lichum
385 3982 472 4045 atque
494 3971 604 4045 equites
633 3971 833 4028 coniiciuntur.
881 3971 1034 4030 Gracchus
1065 3992 1102 4030 ex
1124 3993 1199 4048 equo
1227 3969 1309 4030 desilit}
