2704 4552
374 249 558 302 usssrxxn.
594 245 792 312 (annun.)
929 220 933 229 ’
1033 253 1067 306 τι

15 445 68 484 am
93 427 163 486 hue
188 431 405 506 progressus?
436 433 575 504 Tantum,
601 451 665 508 pro,
696 432 905 506 degeneramus
936 450 954 488 a
982 431 1143 506 patribus6
1191 457 1224 505 ,¹

12 533 133 602 nostris,
160 544 212 606 nt,
242 546 461 612 praeterquam
484 556 566 595 oram
587 537 629 594 illi
654 537 782 595 Punicas
803 536 908 611 vagari
931 536 1038 594 classes
1063 538 1113 594 de·
1183 534 1187 543 ’

10 638 101 694 decus
136 656 218 696 esse
255 640 372 716 imperii
392 643 437 700 sui
470 642 618 712 duxerint,
650 661 714 700 cam
745 659 820 700 nnnc
841 641 957 716 plenam
986 642 1112 700 hostium

7 741 303 820 Numidarumque
336 765 372 804 ae
401 749 573 814 Maurorum
604 747 663 804 iam
698 746 806 804 factam
845 745 1019 804 videamus?
1055 747 1141 820 Qui?

8 848 103 904 modo
138 847 330 924 Saguntum
353 853 516 928 oppugnari
543 852 722 928 indignando
743 869 803 908 non
829 851 959 909 homines
990 861 1112 923 tantum,

8 954 62 1010 sed
82 951 223 1012 foedera
253 964 284 1013 et
304 957 375 1014 deos
399 959 556 1028 ciebanus,
579 957 765 1014 scandentem
781 957 888 1014 muenia
902 958 1042 1014 Romana
1064 975 1112 1015 co·

8 1059 100 1116 loniae
125 1061 352 1120 Hannibalem
366 1063 436 1136 lenti
464 1073 637 1138 spectamus.
684 1064 796 1122 Fumus
825 1080 862 1118 ex
887 1060 1026 1119 incendiis
1056 1058 1143 1119 vil-8

9 1162 112 1220 lerum
139 1183 362 1242 agrorumque
381 1168 413 1223 in
440 1167 540 1226 oculos
568 1177 655 1243 atque
678 1187 732 1225 ora
747 1167 844 1236 vvenit;
874 1175 1005 1241 strepunt
1028 1186 1113 1225 aures

12 1268 218 1328 clamoribus
250 1271 428 1346 plorantium
455 1271 615 1341 sociorum,
641 1265 747 1348 sapius
776 1281 905 1328 nostram
934 1290 1020 1346 quam
1043 1273 1113 1329 deo·

15 1392 83 1430 rum
104 1353 331 1434 invocantium
353 1395 454 1451 opem3
483 1394 537 1434 uos
565 1376 612 1434 hic
640 1395 777 1451 pecorum
807 1376 894 1434 modo
924 1397 977 1452 per
998 1377 1113 1435 restivos

16 1479 114 1537 saltus
154 1481 332 1557 deviasque
360 1483 448 1540 ealles
481 1481 637 1538 exereitum
671 1481 817 1554 ducimus,
849 1482 958 1540 conditi
989 1482 1113 1540 nubibus

21 1583 188 1660 silvisque.
246 1587 280 1646 Si
311 1565 368 1645 huc
392 1589 480 1646 modo
507 1587 691 1662 peragrando
722 1589 874 1646 eacumina
901 1587 1050 1662 saltusque
1071 1588 1144 1647 Μ.9

21 1689 138 1748 Furius
162 1693 347 1768 reciperen
369 1691 466 1750 Gallis
485 1691 586 1750 urbem
608 1692 763 1762 voluisset,
785 1711 843 1768 quo
873 1693 920 1751 hic
941 1711 1034 1750 novus
1057 1691 1113 1750 Oa·

26 1796 139 1868 millns,
165 1798 263 1855 nobis
284 1798 409 1854 dictator
429 1797 530 1854 unicus
551 1797 583 1880 in
602 1799 689 1854 rebus
704 1795 816 1854 affectis
831 1799 976 1872 quaesitus,
998 1797 1113 1855 Italiam

27 1902 65 1956 ab
91 1903 280 1961 Hannibale
300 1921 472 1978 recuperare
491 1911 591 1977 parat,
609 1901 763 1982 Gallorum
787 1904 885 1962 Roma
912 1911 996 1973 essct,
1026 1920 1112 1976 quam
1130 1903 1164 1958 10

31 2023 141 2063 vereor
164 2026 226 2076 ne,
255 2007 297 2064 sic
318 2009 519 2086 cunctantibus
540 2007 640 2079 nobis,
667 2007 828 2065 Hannibali
850 2025 885 2064 ae
907 2009 1006 2065 Poenis
1029 2007 1114 2064 toties

32 2113 229 2169 servaverint
259 2113 384 2170 maiores
397 2113 508 2181 nostri,
552 2113 611 2172 Sed
633 2114 679 2170 vir
707 2131 743 2170 ae
769 2131 838 2170 vere
859 2114 1024 2182 Romanus,
1056 2131 1113 2186 quo
1131 2113 1162 2166 ll

36 2214 82 2271 die
112 2217 296 2275 dictatorem
328 2236 392 2275 eum
418 2209 465 2274 'ex
498 2219 672 2276 anctoritate
700 2227 816 2294 patrum
844 2217 982 2292 iussuque
1013 2216 1114 2292 populi

38 2317 149 2378 dictum
174 2323 273 2380 Veios
295 2323 413 2380 allatum
438 2332 491 2396 est,
514 2341 602 2398 quum
625 2332 701 2380 esset
729 2323 800 2380 satis
831 2322 921 2380 altum
942 2322 1114 2393 Ianiculum,

39 2424 89 2480 nbi
120 2425 232 2485 sedens
261 2437 462 2504 prospectaret
490 2429 619 2499 hostem,
648 2428 795 2486 deseendit
822 2428 853 2484 in
884 2446 997 2502 aequum
1028 2436 1114 2502 atquc

42 2528 91 2585 illo
111 2531 183 2606 ipso
207 2533 255 2590 die
275 2534 372 2591 media
393 2533 423 2590 in
444 2534 525 2604 urbe,
554 2551 613 2608 qua
634 2552 710 2590 nune
731 2534 817 2590 busta
838 2533 954 2592 Gallica
975 2543 1056 2601 sunt,
1085 2541 1116 2589 et

44 2643 165 2705 postero
197 2639 244 2695 die
277 2639 350 2696 citra
379 2638 494 2697 Gabios
525 2638 628 2696 cecidit
650 2637 803 2697 Gallorum
835 2639 973 2714 legiones.
1017 2637 1114 2711 Quid?
1132 2635 1166 2690 12

49 2749 113 2811 post
134 2743 246 2801 multos
275 2760 368 2798 anuos
399 2760 487 2816 quum
517 2743 555 2800 ad
583 2743 725 2800 Furculas
747 2742 895 2802 Caudinas
924 2744 962 2801 eb
985 2744 1115 2803 Samnite

50 2842 131 2902 hoste
165 2844 350 2922 subiugum
383 2849 464 2907 missi
496 2867 609 2919 sumus,
639 2860 735 2906 utrum
767 2851 883 2908 tandem
915 2852 949 2910 L.
978 2848 1115 2923 Papirius

54 2943 169 3010 Cursor
186 2953 258 3028 iuga
280 2953 390 3012 Samnii
417 2955 620 3030 perlustrando
642 2973 680 3010 an
701 2953 854 3010 Luceriam
883 2954 1042 3028 premendo
1063 2953 1123 3010 ob«

53 3052 230 3132 sidendoque
252 3067 281 3114 et
301 3059 470 3116 lacessendo
493 3061 631 3117 victorem
661 3061 784 3128 hostem,
814 3058 965 3132 depulsum
995 3061 1033 3116 ab
1055 3062 1116 3118 Ro·

57 3161 143 3218 manis
165 3163 328 3221 cervicibus
352 3163 452 3238 iugum
480 3164 606 3238 superbo
634 3162 759 3223 Samniti
779 3163 936 3238 imposuit?
968 3165 1059 3222 Modo
1081 3163 1115 3225 C.
1131 3169 1166 3224 13

60 3263 170 3326 Lutatio
198 3288 263 3343 quae
290 3267 349 3325 ulia
379 3286 426 3324 res
455 3286 542 3342 quam
572 3268 703 3326 celeritas
735 3268 886 3325 victoriam
909 3268 1004 3340 dedit,
1037 3271 1116 3345 quod

60 3382 168 3442 postero
184 3374 240 3444 die,
262 3393 351 3448 quam
373 3375 485 3431 hostem
508 3373 590 3443 vidit,
611 3372 732 3430 classem
757 3391 875 3446 manem
898 3376 1116 3446 commeatibus,

59 3473 219 3552 inpeditam
242 3489 357 3536 suomet
380 3479 474 3554 ipsam
497 3478 686 3534 instrumento
709 3486 797 3552 atque
820 3488 974 3553 apparatu,
996 3498 1115 3555 oppres·

63 3578 111 3637 uit?
140 3583 272 3642 Stultitia
308 3592 352 3640 est
372 3583 501 3641 sedendo
529 3591 579 3639 aut
601 3583 676 3638 votis
706 3581 843 3639 debellari
874 3584 991 3660 credere
1017 3602 1114 3658 posse.
1133 3583 1167 3636 14

66 3684 147 3744 Arma
169 3689 270 3764 capias
291 3698 408 3764 oportet
428 3699 458 3746 et
478 3687 636 3746 descendas
657 3687 687 3744 iu
712 3705 826 3761 {equum
849 3697 877 3743 et
898 3688 944 3744 vir
965 3707 1030 3746 cnm
1051 3690 1115 3747 viru
1219 3702 1223 3716 ⁴

65 3794 257 3868 congrediaris.
304 3795 451 3852 Audendo
474 3801 563 3867 atque
585 3792 699 3867 agendo
720 3810 767 3848 res
781 3793 917 3850 Romana
937 3794 1036 3864 crevit,
1057 3811 1116 3850 non

65 3891 102 3949 bis
119 3898 254 3973 segnibus
276 3897 419 3968 consiliis,
447 3915 512 3972 qua
532 3895 625 3954 timidi
651 3904 738 3954 cauta
759 3901 894 3952 vocant.“
943 3898 1016 3954 Haee
1034 3877 1117 3956 ¹velut
1132 3897 1167 3950 15

68 4001 230 4060 condecenti
250 4002 381 4060 Minucio
410 4000 695 4059 circumfundebatur
720 4000 900 4058 tribunorum
930 4002 1116 4076 equitumque
