2700 4426
430 205 508 254 biber
525 161 614 258 XXII?
652 206 697 269 (A.
712 203 761 255 Cb.
777 207 851 268 216.)
885 256 889 266 ,
1073 210 1128 264 105

105 388 334 463 suaderentque,
361 396 406 458 ut,
428 398 509 447 tanto
537 388 706 464 perfunctus
730 389 822 459 bello,
844 389 901 446 diei
923 390 1000 464 quod
1029 390 1170 464 reliquum

105 504 181 550 esset
195 493 347 567 noctuque
360 495 536 569 insequentis
559 494 684 567 quietem
699 503 728 550 et
741 495 804 570 ipse
818 494 873 552 sibi
896 503 1022 551 sumeret
1044 503 1072 550 et
1087 494 1171 552 fessis

105 600 189 656 daret
203 598 351 670 militibus,
373 600 530 658 Maharbal
544 598 697 674 praefectus
713 600 851 674 equitum,
867 599 1202 679 minimecessauduml
1234 660 1245 686 x

106 714 196 774 ratus,
220 705 332 772 „Immo
350 715 389 776 ut,
412 706 481 779 quid
495 708 551 762 hac
566 724 664 780 pugna
687 705 724 762 sit
746 715 852 773 actum,
874 705 958 775 scias,
981 706 1028 761 die
1050 706 1170 778 quinto“

105 809 200 883 inquit
223 810 387 877 „victorin
411 809 556 886 Capitolio
579 809 749 884 epulaberis.
795 809 937 884 Sequere;
973 829 1039 868 cum
1067 811 1172 884 equite,

105 923 138 969 ut
168 914 249 989 prius
273 916 387 972 venisse
411 934 498 988 quam
527 926 681 972 venturum
708 915 815 984 sciant,
845 916 1037 988 praecedam.“
1090 909 1202 972 Han-3

106 1018 198 1075 nibali
219 1019 303 1076 nimis
327 1020 461 1077 lactares
484 1030 527 1077 est
548 1021 613 1076 visa
635 1020 800 1094 maiorque,
824 1039 910 1093 quum
933 1030 965 1076 ut
987 1039 1051 1076 earn
1074 1021 1171 1078 statim

107 1141 211 1198 capere
234 1124 331 1180 animo
353 1134 461 1200 posset.
510 1127 615 1198 ltaque
641 1124 820 1182 voluntatem
849 1143 881 1181 se
907 1123 1030 1180 laudare
1052 1125 1171 1182 Mahar-

106 1227 181 1284 balis
203 1227 258 1297 ait;
280 1231 319 1286 ad
341 1231 491 1289 consilium
514 1231 693 1307 pensandum
715 1230 854 1304 temporis
877 1248 950 1303 opus
972 1247 1046 1288 esse.
1095 1224 1202 1287 'l'um⁴¹

106 1333 278 1391 Maharbal:
301 1336 389 1403 „Non
405 1336 503 1392 omnia
517 1336 652 1392 nimirum
668 1335 760 1392 eidem
776 1336 806 1391 di
821 1336 933 1396 dedere.
967 1334 1092 1390 Vincere
1107 1334 1172 1402 scis,

106 1440 271 1509 Hannibal;
298 1441 422 1498 vict-oria
443 1442 485 1499 uti
506 1441 627 1497 nescis.“
677 1441 762 1498 Mora
784 1442 845 1498 eius
868 1441 925 1498 diei
954 1439 1024 1496 satis
1047 1439 1173 1495 creditur

106 1545 194 1602 saluti
217 1544 306 1602 fuisse
329 1546 393 1603 urbi
415 1556 503 1621 atque
524 1546 656 1621 imperio.

191 1653 314 1708 Postero
337 1651 392 1720 die,
414 1652 464 1707 ubi
479 1653 603 1726 primum
624 1651 727 1719 illuxit,
751 1651 787 1707 ad
803 1650 897 1725 spolia
911 1651 1035 1725 legenda
1049 1649 1172 1707 foedam·
1187 1643 1203 1695 5

107 1774 164 1829 que
185 1746 272 1813 etiam
294 1756 426 1813 bost-ibus
448 1757 638 1831 spectandam
662 1764 789 1830 stragem
813 1766 928 1815 exeunt.
971 1756 1113 1812 Iacebant
1129 1749 1203 1810 tatii

106 1863 305 1918 Romanorum
328 1862 427 1931 millia,
450 1862 561 1936 pedites
576 1861 685 1936 passim
707 1861 885 1935 equitesque,
907 1870 939 1917 ut
962 1879 1046 1934 quem
1070 1860 1173 1934 cuique

106 1964 168 2023 fors
199 1977 249 2023 aut
280 1985 378 2042 pugna
404 1967 540 2024 iunxerat
573 1976 624 2023 aut
647 1965 731 2040 fuga3
766 1976 949 2038 assurgentes
986 1965 1103 2038 quidam
1119 1999 1120 2004 κ
1137 1983 1174 2019 cx

106 2083 206 2146 strage
236 2073 331 2129 media
350 2073 477 2142 cruenti,
507 2090 580 2147 quos
605 2073 706 2129 stricta
728 2071 870 2127 matutino
892 2069 1002 2144 frigore
1025 2069 1173 2126 excitave-

108 2186 175 2233 rant
197 2177 334 2245 vulnera,
364 2178 404 2235 ab
432 2179 516 2234 hoste
544 2179 676 2253 oppressi
705 2186 784 2244 sunt;
817 2177 959 2250 quosdam
990 2185 1019 2232 et
1045 2171 1201 2231 iacentes?

108 2281 192 2338 m'vos
225 2274 343 2339 succisis
374 2281 529 2340 feminibus
561 2283 776 2358 poplitibusque
807 2281 993 2350 invenerunt,
1029 2281 1171 2337 nudantes

109 2387 249 2443 cervicem
274 2388 462 2462 iugulumque
484 2399 512 2445 et
526 2388 668 2462 reliquum
692 2387 861 2460 sanguinem
883 2387 1016 2444 iubentes
1041 2386 1172 2454 haurire;

52 2520 60 2535 =
108 2491 218 2571 inventi
239 2492 355 2566 quidam
378 2503 446 2549 sunt
470 2494 570 2550 mersis
591 2494 620 2550 in
641 2493 777 2550 effossam
800 2506 907 2551 terram
924 2492 1075 2566 capitibus,
1099 2484 1202 2565 quos8

108 2599 164 2655 sibi
190 2599 270 2673 ipsos
303 2598 406 2657 fecisse
434 2599 537 2656 foveas
566 2600 779 2674 obruentesque
807 2619 859 2656 ora
893 2598 1055 2673 superiecta
1084 2597 1173 2652 humo

108 2703 303 2761 interclusisse
332 2704 463 2778 spiritum
488 2706 657 2778 apparebat.
711 2705 863 2779 Praecipue
896 2703 1037 2760 convert-it
1073 2696 1203 2758 omnce9

108 2805 273 2866 substratus
286 2809 416 2866 Numida
437 2817 552 2864 mortuo
568 2809 803 2884 superincubanti
824 2811 958 2866 Romano
980 2807 1074 2872 vivus,
1099 2827 1172 2863 naso

110 2915 287 2988 auribusque
317 2913 466 2982 laceratis,
500 2931 604 2987 quum,
643 2914 775 2970 manibus
808 2913 846 2969 ad
879 2913 1050 2987 capiendum
1083 2912 1171 2968 telum

94 2998 272 3087 inutilibus,
308 3019 336 3075 in
363 3019 477 3076 rabiem
510 3020 556 3074 ira
586 3036 687 3086 versa,
720 3018 857 3074 laniando
892 3018 1025 3074 dentibus
1059 3019 1170 3074 hostem

109 3127 295 3201 exspirasset.

194 3231 302 3306 Spoliis
324 3231 361 3287 ad
384 3231 504 3286 multum
526 3229 583 3284 diei
607 3228 703 3296 lectis,
725 3227 876 3283 Hannibal
897 3226 934 3282 ad
959 3227 1073 3283 minora
1094 3226 1172 3281 ducit
1225 3217 1268 3285 52

111 3345 208 3392 castra
238 3336 450 3411 oppugnanda,
481 3343 509 3391 et
533 3333 660 3389 omnium
682 3332 807 3405 primum
830 3334 948 3390 brachio
973 3333 1087 3389 obiecto
1116 3333 1171 3387 flu-

110 3442 188 3498 mine
225 3460 276 3498 ecs
317 3441 459 3511 excludit3
501 3447 626 3495 ceterum
663 3439 700 3495 ab
739 3438 871 3494 omnibus
909 3439 1025 3508 labore,
1058 3434 1204 3512 vigiliis,2

112 3546 278 3603 vulneribus
307 3548 394 3604 etiam
424 3546 508 3603 fessis
540 3544 682 3601 maturior
704 3543 794 3617 ipsius
816 3561 867 3617 spe
889 3543 997 3600 deditio
1020 3553 1064 3600 est
1084 3542 1172 3604 facta.

100 3651 211 3738 §Pactu
245 3661 280 3709 ut.
309 3670 392 3709 arma
420 3661 508 3724 atque
539 3668 630 3725 equos
660 3651 823 3717 traderent,
855 3649 884 3703 in
921 3649 1018 3722 capita
1038 3643 1195 3705 Romana'

110 3755 233 3812 trecenis
255 3758 378 3813 nummis
405 3756 593 3831 quadrigatis,
614 3757 644 3814 in
666 3757 761 3814 socios
783 3754 911 3824 ducenis,
932 3753 962 3808 in
984 3771 1084 3809 servos
1105 3772 1172 3810 cen-

110 3862 202 3930 tenis,
236 3872 266 3924 et
293 3871 326 3917 ut
352 3880 386 3917 eo
414 3860 508 3935 pretio
537 3862 685 3936 persoluto
714 3880 779 3919 cum
803 3859 923 3935 singulis
951 3859 1064 3916 abirent
1084 3857 1202 3915 vesti-3

91 3966 231 4036 mentis,
250 3967 282 4024 iu
303 3976 399 4024 castra
425 3968 524 4023 hostes
557 3977 743 4042 acceperunt,
773 3966 930 4038 traditique
959 3966 989 4021 in
1012 3964 1172 4022 custodiam
