2812 4556
596 259 656 304 m

84 440 223 496 scribitur
244 440 389 498 desideret
409 449 438 496 et
459 439 595 514 quorum)
619 436 623 515 Ι
648 439 804 498 abalienati
827 438 900 513 (Mq.
921 439 986 502 Em.
1007 441 1081 514 254)
1123 446 1155 498 17

86 523 190 595 Quam
214 541 327 598 ego...
356 522 506 580 accusare!
535 521 614 599 (Urs.
629 522 798 580 Proor'mime
815 521 972 596 Torquatis
993 524 1159 582 vehementer

86 607 260 678 mterroqut,
283 606 358 680 quod
376 625 461 678 qenes
481 608 597 678 iqncvioe
615 614 731 662 accuset.
779 605 900 678 Corripit
919 618 970 681 sc.)
1007 608 1042 664 19
1064 625 1159 680 neque

85 689 136 745 his
160 689 305 746 sexcentis
329 689 445 762 [millis]
467 689 565 746 hostes
586 686 660 763 (Mq.
681 688 760 763 apud
776 688 925 762 querslcu.
944 689 974 746 P
990 707 1083 763 neque
1104 689 1159 747 biis

86 781 227 828 sescenta
236 771 317 828 milis
327 774 436 841 hostes)
460 774 495 828 21
510 781 606 846 potest
615 770 705 829 fuisse
717 782 775 828 tum
787 772 1001 847 erumpentibus
1014 769 1087 847 (Mq.
1093 772 1159 834 Em.

86 855 163 912 254.
179 855 208 910 Ρ
218 865 315 929 potest
328 855 418 912 fuisse
434 863 465 912 ut
479 851 707 931 erumpentibus)
726 856 764 912 22
781 852 837 929 (At
851 856 889 912 sd
909 855 1018 912 Wem'us
1027 873 1083 930 pro
1097 855 1158 933 Ad)

89 939 130 995 23
156 938 225 999 vitae
248 939 384 994 abessent
407 938 499 1010 (codd.
523 956 591 995 rece.
612 939 727 1011 aliquot.
749 938 779 995 P
795 937 862 996 uitis
884 938 1033 996 abdesunt.
1067 939 1161 996 Potest

87 1021 218 1078 subesse:
233 1021 473 1096 absumpsissent)
490 1024 529 1080 24
545 1022 582 1078 eb
597 1021 728 1078 hostibus
743 1020 904 1078 ad'vellum
920 1037 1066 1078 secessum
1083 1019 1158 1097 (edd.

86 1113 156 1169 vett.
173 1104 202 1159 P
218 1106 256 1161 ab
271 1104 403 1161 hostibus
419 1105 457 1160 sd
473 1124 499 1164 v.
515 1104 645 1162 accessit.
678 1104 785 1160 Errorc
799 1106 932 1178 scriptum
946 1105 1087 1174 hostibus,
1103 1113 1160 1162 tum

89 1188 129 1244 ab
153 1187 296 1257 additum,
325 1197 357 1244 ut
385 1192 400 1256 ξ
424 1187 440 1242 7
461 1190 488 1244 in
510 1188 540 1243 P
556 1189 704 1262 ceterisque
724 1188 853 1244 scribitur
873 1189 911 1244 eb
933 1187 968 1243 iis
990 1187 1039 1261 qui
1061 1187 1159 1245 Venu-

88 1267 190 1346 siam.)
231 1272 268 1326 25
292 1270 425 1342 (istorum
461 1271 558 1330 Weiss.
583 1289 639 1345 pro
665 1269 806 1344 ipsorum)
846 1272 884 1328 26
913 1270 964 1344 (Et
985 1288 1039 1327 vos
1062 1269 1159 1331 Alsclt.

86 1372 144 1427 pro
168 1370 230 1414 vos.
253 1353 281 1409 P
299 1349 409 1430 quos)(
435 1372 586 1428 erumpere
608 1353 709 1410 cestris
738 1353 810 1429 (cod.
832 1371 877 1408 urs.
905 1351 973 1426 rec.)
999 1355 1005 1429 (
1034 1371 1159 1423 munere,

89 1445 192 1494 castre
214 1434 290 1511 (Mq.
312 1435 377 1492 Em.
399 1433 474 1513 255)
505 1437 596 1506 LXI,
633 1437 651 1492 2
676 1453 735 1510 qus.
764 1454 818 1492 nec
840 1435 915 1509 (edd.
938 1445 1001 1494 cett.
1024 1435 1054 1492 P
1072 1454 1162 1510 quem

89 1518 160 1594 nec)
199 1522 216 1576 3
240 1519 389 1592 questibus
416 1539 469 1578 om.
499 1539 556 1594 que
584 1516 665 1594 (Om.
687 1520 718 1588 2,
739 1516 822 1594 reso.)
865 1522 900 1575 10
930 1516 1085 1594 (Sipplem.
1107 1518 1160 1574 Al·

89 1601 222 1676 sclrcfslcii
241 1603 303 1674 est.)
327 1599 332 1677 (
355 1603 392 1666 ed
427 1621 492 1660 sum
526 1603 599 1660 diem
637 1598 713 1676 (edd.
733 1611 797 1663 cett.
826 1598 855 1658 P
872 1601 973 1660 eedem
996 1599 1084 1680 diem)
1125 1603 1159 1660 13

88 1703 222 1760 unquam
245 1681 257 1760 (
283 1681 304 1757 ).

179 1768 238 1830 bib·
261 1767 350 1828 ttttt.
398 1765 470 1842 Csp.
492 1768 518 1838 Ι,
545 1772 556 1824 1
575 1767 697 1843 (Trebio
711 1767 809 1824 addid.
828 1764 926 1842 Goon.)
948 1769 966 1825 3
982 1763 1066 1844 (urbe
1080 1767 1164 1824 scribi

90 1851 219 1908 debuisse
234 1851 361 1907 admonet
374 1853 505 1925 scriptum
518 1850 636 1918 XXIV,
658 1851 688 1920 3,
704 1852 742 1906 15
756 1852 785 1906 in
798 1851 828 1908 P
838 1848 994 1908 Crotonem
1011 1867 1160 1907 excessum

91 1945 139 1991 est
161 1934 254 1990 codem
275 1935 379 1994 mendo.
406 1933 463 2007 Cfr.
475 1938 558 2008 precs.
581 1934 640 1991 Vol.
665 1935 725 2008 lp.
742 1935 760 1988 1
774 1933 815 1990 cd
826 1932 886 2003 III,
899 1933 949 2000 58,
965 1933 1067 2004 10.)11‚
1081 1935 1097 1988 4
1109 1931 1163 1988 init

92 2014 278 2091 (ceddrecc.)
292 2020 308 2074 6
321 2026 441 2092 nuptum
451 2017 533 2074 Livio
546 2015 772 2090 (commosse)
787 2021 802 2072 7
813 2017 915 2073 senatu
927 2033 1050 2071 vacuam
1062 2032 1161 2073 errore.

96 2105 133 2156 10
150 2098 268 2173 reliquit
282 2100 366 2171 (Leo.
387 2103 417 2170 5,
439 2102 509 2156 mter
528 2100 609 2156 iubet
630 2108 655 2155 et
669 2098 773 2173 possit)
794 2099 852 2167 ΙΙΙ,
876 2100 893 2154 2
909 2097 939 2154 in
955 2098 1064 2156 curiam
1087 2098 1161 2170 (Mq.

92 2183 160 2238 Em.
173 2181 243 2258 tto.)
268 2186 284 2239 b
300 2183 416 2251 iubebo,
432 2182 468 2240 de
480 2201 603 2256 quorum
619 2183 693 2255 (Mq.
705 2182 770 2240 Em.
782 2182 854 2255 257)
865 2181 921 2251 IV,
938 2185 1063 2238 tectum
1080 2180 1164 2238 eliter

94 2263 171 2341 (Mq.
193 2265 260 2326 mn.
281 2266 342 2322 258
363 2266 432 2322 ePr
458 2263 601 2341 ecteliter)
632 2263 740 2335 8(Non
761 2267 820 2321 sine
839 2283 924 2322 causa
948 2263 1073 2322 Creverio
1094 2266 1162 2320 scri·

95 2349 213 2406 bendum
234 2349 396 2405 videbatur.-
425 2358 466 2418 et,
498 2367 587 2422 quum
615 2347 785 2416 militarent,
810 2367 860 2404 om.
881 2346 982 2423 quod.)
1004 2347 1048 2418 V,
1083 2351 1099 2404 5
1122 2356 1163 2415 ut,

95 2431 167 2506 quia
206 2431 315 2506 aliquid
357 2429 450 2506 (codd.
482 2433 588 2506 aliquot
617 2449 687 2487 recc.
721 2431 849 2488 Consulis
882 2431 1043 2504 siprificotio
1069 2447 1164 2506 proco

95 2523 145 2572 est.
168 2515 262 2570 Drclc.
294 2523 341 2584 ut,
370 2512 466 2590 quusi)
501 2517 518 2570 8
541 2513 593 2587 (ad
614 2514 701 2570 Satio.
722 2513 820 2574 Alsolt.
842 2515 871 2570 P
888 2514 1039 2585 estricula,
1069 2513 1163 2570 Drolc.

95 2598 175 2672 opud
214 2597 316 2670 Setis.)
350 2600 367 2654 9
402 2597 542 2654 dediticiis
575 2595 675 2672 (Grec.
701 2596 778 2654 Pet
808 2599 891 2654 ceteri
923 2595 1050 2654 dedistis.
1099 2593 1163 2652 Non

95 2682 190 2754 cqitcr
211 2680 355 2753 deqenere
375 2681 571 2748 dediticiorum,
592 2681 643 2736 scd
663 2688 717 2736 est:
738 2688 894 2755 postquem
916 2697 969 2736 vos
991 2676 1163 2753 dedidistis.)

100 2768 133 2821 ll
160 2763 298 2838 indigena
328 2764 422 2836 (codd.
452 2781 520 2820 rece.
543 2763 734 2820 Remotissima
755 2763 907 2820 Pomorum
934 2765 1010 2835 oriqo
1031 2763 1099 2818 nibil
1124 2761 1165 2818 ad

96 2865 156 2902 rem
180 2849 313 2921 pertinet,
342 2847 392 2904 sed
415 2849 547 2903 coercitus
576 2865 608 2902 ne
631 2846 783 2920 Africanus
812 2847 934 2920 quidem,
966 2845 1016 2902 sed
1036 2863 1069 2901 ec
1082 2861 1164 2919 pere·

96 2932 179 3002 qm'oc
201 2929 329 2986 barbarie
350 2929 500 3003 collectus.)
536 2933 569 2986 14
593 2929 758 2986 Romanum
782 2929 874 2999 (codd.
896 2928 972 3003 quid.
995 2929 1079 2999 rece.)
1110 2927 1164 2994 VI,

103 3019 115 3070 1
141 3013 217 3082 Hac,
240 3032 290 3071 om.
313 3013 350 3069 ab
373 3011 486 3086 (Grec.)
510 3017 514 3086 (
540 3031 576 3068 ex
597 3011 642 3068 his
680 3016 696 3068 5
720 3011 810 3068 vincit
832 3008 924 3087 (codd.
946 3008 1029 3085 reso.)
1052 3011 1069 3067 8
1091 3027 1164 3083 prae-

99 3095 283 3152 tsrmisersnt
313 3097 387 3168 (Mq.
418 3096 548 3170 Apparet
576 3096 626 3151 boo
647 3095 716 3163 dici,
747 3113 800 3150 nori
816 3095 1053 3169 pretermissuros
1066 3093 1165 3166 fuisse,

99 3187 131 3234 ut
145 3181 396 3253 pretermiserunt,
417 3181 472 3234 cisi
484 3195 597 3234 occisum
617 3178 795 3250 debuissent.)
818 3178 890 3246 VII,
918 3181 928 3236 1
948 3175 1165 3234 condicionibus

101 3259 232 3318 iecerunt
255 3261 328 3334 (Mq.
349 3262 414 3320 Em.
436 3263 505 3318 258.
526 3261 748 3330 Poondicionis
769 3260 910 3333 fecerunt)
941 3264 956 3318 7
981 3259 1095 3317 occulte
1118 3256 1167 3334 (M

101 3346 167 3414 m2,
189 3361 257 3400 rccc.
278 3345 359 3402 codd.
381 3342 447 3420 duo)
487 3349 522 3401 10
546 3344 681 3418 privatim
710 3358 742 3400 se
770 3342 885 3416 (Grec.)
922 3346 954 3400 11
978 3342 1113 3416 diemque
1134 3351 1166 3398 ut

105 3427 167 3502 ipss
190 3424 299 3501 (Grct.)
321 3427 408 3498 VIII,
436 3430 462 3504 2ἱ
477 3427 510 3500 (e
535 3427 631 3486 Weiss.
648 3445 704 3502 pro
726 3427 789 3498 ebs,
811 3428 841 3484 P
858 3423 916 3503 ets)
947 3424 1166 3484 (idm-luxuri·

104 3527 156 3566 ose
176 3509 799 3584 (Kreyssiqum.259n.Pdiuadus1iosa.
817 3511 970 3568 Permirum
991 3517 1040 3578 est,
1062 3508 1094 3564 ob
1111 3507 1167 3563 boc

104 3612 122 3648 a
147 3593 270 3649 librariis
287 3596 386 3650 vitiato
411 3602 558 3651 attrectato
579 3611 636 3649 esse
659 3611 747 3667 ceper
768 3593 818 3650 itm
838 3593 904 3652 sed.
917 3635 946 3653 ..
972 3590 1167 3662 instructum.)

104 3675 222 3750 perpelli
251 3676 349 3732 vinum
371 3685 402 3732 ut
418 3685 531 3752 potaret
551 3677 644 3750 potuit
672 3673 745 3751 (Mq.
757 3676 821 3734 Em.
836 3676 897 3733 269
911 3694 925 3732 e
939 3675 981 3732 P:
1003 3672 1166 3748 perholaui·

105 3777 171 3816 num
201 3759 306 3833 potui.)
324 3761 329 3831 1
347 3759 614 3818 interturbationem
646 3755 755 3833 (Valla,
778 3760 839 3832 Mq.
860 3764 888 3816 P
908 3757 1166 3816 iterturbationem.

107 3842 302 3899 Interturbare
323 3843 401 3917 opud
421 3845 493 3902 solos
514 3843 628 3898 comicos
651 3843 749 3914 leqitur
779 3843 813 3900 ds
840 3843 889 3911 iis,
920 3842 968 3915 qui
994 3839 1168 3912 interpellent

107 3934 132 3982 ct
160 3927 310 3984 interuentu
343 3926 469 3992 turicum
506 3926 541 3982 ob
573 3925 631 3981 lul.
659 3925 790 3982 eiusmodi
815 3925 974 3998 siqnificotio
1001 3922 1167 3978 alienissimo

108 4008 166 4081 cst.)
196 4011 214 4064 9
238 4025 297 4083 quo
318 4027 377 4068 non
395 4009 495 4069 venia.
508 4050 537 4071 ..
570 4007 719 4083 impetrari
749 4010 786 4065 sb
812 4006 953 4066 Romanis
979 4007 1084 4081 possit,
1117 4003 1168 4062 sed

933 4107 966 4160 b*
1057 4133 1064 4142 .
