2812 4556
784 251 845 296 xv!

283 435 341 492 Sed
351 438 477 509 sortasse
497 434 566 490 uilril
587 434 654 491 lutet
674 437 730 510 nisi
749 435 813 490 lroc:
844 433 874 489 in
896 433 1012 492 Sabinis
1036 433 1157 490 sudasse
1183 442 1213 490 et
1239 434 1367 509 gelidas

284 536 376 593 aquas
391 515 472 574 lente
486 516 580 572 calido
596 515 753 592 manasse.)
775 515 946 588 XXXVII,
978 518 996 573 9
1019 516 1138 573 daretur
1152 517 1197 572 his
1223 521 1260 573 13
1277 517 1365 573 ad**

284 602 405 658 classem
429 597 593 675 (Numerum
615 600 727 655 eundem
744 601 903 673 posuimus,
937 601 986 672 qui
1003 617 1025 655 c.
1047 599 1098 669 31,
1120 601 1138 654 1
1160 600 1329 670 ecciderct.)
1360 595 1363 674 l

284 692 367 740 erant
387 681 479 754 (codd.
501 679 582 757 rece.)
604 681 792 750 XXXVIII,
825 688 832 738 1
854 683 911 737 et2
929 681 1066 738 venirent.
1108 681 1217 739 Milites
1239 691 1322 742 tum.
1338 723 1367 750 .,

283 785 335 824 orn.
359 764 463 822 milites
492 773 560 838 post
590 764 694 822 adacti.
749 763 817 841 (llp.
833 763 972 820 Sententia
994 782 1012 819 o
1032 771 1094 820 tum
1116 767 1235 839 incipere
1256 765 1365 829 debet;

284 866 380 922 neque,
401 855 432 902 ut
456 864 527 903 nunc
552 855 605 914 est,
627 865 687 902 curn
709 846 883 920 Alsctesslcio
904 845 1008 903 milites
1030 847 1217 919 superioribus
1237 847 1368 920 odiunqi

279 939 388 1005 potest:
415 928 500 988 socii.
514 972 542 988 ..
579 929 698 1000 milites,
730 931 780 986 noc
801 933 959 1003 pracsertim
988 929 1092 988 ordine.
1137 927 1196 986 Sed
1216 931 1254 986 P:
1283 930 1363 985 dum

286 1013 372 1070 sociis
396 1011 434 1067 ab
455 1011 582 1067 nomine.
630 1011 746 1068 Reitne:
776 1013 843 1068 dum
873 1013 911 1068 ab
933 1011 1019 1069 sociis
1041 1029 1076 1069 ec
1094 1013 1222 1072 ,nomine
1243 1012 1363 1068 Latino

283 1095 415 1152 venirent
436 1091 573 1165 militesl)
609 1095 625 1148 2
650 1103 676 1150 et
698 1097 715 1151 3
739 1095 851 1163 adacti;
880 1095 972 1166 [iussu
994 1093 1120 1151 consulis
1141 1112 1225 1154 conv.
1248 1113 1277 1152 n.
1302 1094 1363 1150 ini.

284 1177 441 1248 abituros];
465 1193 545 1245 nam!
639 1174 747 1244 fuerat3
770 1188 798 1233 et
819 1176 869 1234 ubi
890 1186 940 1238 cet.
961 1175 1053 1250 (Oreo.
1076 1185 1102 1232 et
1122 1177 1215 1233 Drak.
1237 1175 1288 1232 Ius
1309 1179 1359 1232 iu-

287 1261 407 1316 randum
427 1276 534 1326 nouum,
551 1259 627 1332 quod
650 1259 752 1315 tribuni
771 1262 886 1316 militurn
900 1260 1044 1332 munins,
1066 1260 1098 1314 id
1118 1277 1182 1328 csse,
1205 1259 1282 1333 quod
1303 1260 1362 1328 §4

286 1344 464 1416 siqnificutun
487 1341 558 1397 illud
577 1341 611 1396 de
625 1341 803 1398 conveniendo
817 1360 865 1398 nec
878 1343 1002 1398 obeundo
1016 1344 1076 1415 ipso
1096 1350 1267 1398 sacromento
1289 1359 1361 1398 con·

241 1455 246 1466 ·
286 1428 379 1492 tinent,
408 1425 489 1478 etiarn
516 1423 614 1480 Weiss.
638 1433 722 1489 tenet,·
755 1426 805 1480 vid
824 1425 888 1494 III,
918 1425 975 1495 20,
995 1425 1024 1481 3.
1068 1423 1127 1480 Sed
1147 1424 1216 1480 nilu'i
1237 1424 1360 1480 addita-

252 1571 254 1574 *
283 1511 368 1564 menti
387 1507 474 1562 simile
494 1514 552 1570 est,·
574 1507 667 1580 itaque
686 1515 713 1562 et
733 1508 777 1562 nic
796 1507 880 1564 uerbo
901 1511 930 1564 in
953 1510 1159 1580 Ptrenspositu
1182 1515 1255 1566 sunt.
1286 1507 1361 1565 Em.

285 1590 347 1645 236
379 1598 405 1645 et
431 1606 518 1662 supro
546 1589 587 1644 od
606 1589 687 1644 liuius
709 1589 770 1648 libr.
793 1609 815 1648 c.
838 1592 884 1659 10,
906 1587 950 1665 2.)
988 1592 1005 1646 3
1029 1590 1068 1646 ad
1092 1589 1273 1666 decuriatum
1302 1601 1360 1645 aut

285 1671 477 1729 centuriatum
501 1668 569 1745 (My.
593 1671 658 1728 Em.
679 1672 756 1736 2493
787 1673 967 1729 decuriatum
993 1674 1049 1729 sine
1066 1674 1264 1746 praepositione
1279 1690 1360 1746 pus·

285 1757 341 1811 siue
365 1754 465 1811 Liuius
486 1753 576 1809 dicere
596 1773 648 1809 non
665 1753 780 1830 potuit.)
822 1761 837 1812 4
863 1765 892 1811 et
914 1758 972 1812 stne
993 1759 1070 1812 uncis
1099 1755 1178 1828 (Uss.
1201 1752 1259 1810 Sed
1275 1773 1360 1831 prce-

286 1847 359 1893 tereo
381 1846 431 1892 cut
454 1837 651 1892 substantivum
674 1837 804 1893 eccidisse
824 1837 1002 1912 adpetendi
1023 1846 1074 1894 out
1094 1835 1358 1911 cumOreu.repe-

285 1920 363 1976 tendi
396 1919 568 1975 scribendum
602 1937 659 1976 esse
694 1920 811 1976 uidetur.
871 1919 963 1976 lVirnis
995 1923 1064 1977 enim
1091 1919 1196 1994 putido
1228 1928 1270 1974 est
1303 1920 1359 1976 teli

285 2001 417 2058 sumendi
436 2010 491 2058 aut
520 2001 635 2076 petendi
658 2001 805 2074 distinctio)
844 2007 861 2058 5
884 2004 932 2076 (ac
952 2003 1110 2077 legitimam
1139 2001 1236 2060 Weiss.
1260 2005 1283 2058 P
1315 2003 1358 2058 ad

285 2082 340 2159 leg.
356 2084 449 2142 Drulc.
467 2103 484 2139 a
498 2082 621 2139 tribunis
636 2084 674 2140 ad
688 2084 780 2160 legit.)
797 2090 813 2142 7
829 2085 1019 2160 imperatores
1033 2086 1162 2146 haberet.
1185 2103 1217 2141 se
1233 2081 1357 2159 (Interp.

285 2169 457 2224 mutavimus.
505 2164 683 2222 Desuntiotio
702 2169 823 2240 pertinet
843 2166 1046 2241 adfuturum.)
1076 2166 1210 2224 9mirari
1231 2185 1263 2223 se
1286 2169 1354 2240 qui-

286 2250 361 2320 dem,
384 2249 433 2322 qui
455 2249 515 2304 dux
534 2266 548 2304 e
569 2251 637 2309 coni.
660 2245 727 2322 (ctu.
750 2252 816 2308 coni.
841 2251 936 2310 dubio.
959 2253 981 2306 P
1002 2269 1033 2308 se
1056 2249 1256 2324 quodnequi
1277 2250 1352 2308 dux.

288 2333 427 2387 Porticulu
452 2330 567 2404 quidem
590 2332 659 2386 nilril
679 2332 721 2386 liic
742 2332 823 2388 labet
845 2334 912 2396 ioci‚·
945 2325 1031 2406 neque
1062 2334 1131 2388 enim
1159 2351 1192 2387 eu
1213 2331 1351 2404 equidem

278 2415 316 2486 fit
337 2433 368 2469 se
391 2413 521 2487 quidem,
544 2421 661 2468 eutremo
677 2416 832 2488 presertim
861 2416 927 2471 loco
969 2412 1004 2471 Si
1027 2433 1121 2472 vuum
1148 2422 1188 2470 est
1215 2413 1353 2488 denique,

285 2499 416 2552 retinetur
446 2498 529 2569 quusi
559 2496 685 2551 suueuia
714 2499 803 2552 omniu
833 2498 962 2570 collipcns
993 2516 1027 2553 eu
1058 2501 1121 2572 ipsu
1141 2495 1257 2551 AErnilii
1284 2515 1352 2551 oror-
1388 2485 1389 2526 ³

286 2575 401 2654 tionell
421 2576 551 2652 (togatus
577 2579 646 2633 Mur.
667 2595 721 2651 pro
746 2577 870 2654 locatus)
907 2581 942 2636 13
967 2580 1003 2636 Id
1026 2597 1080 2637 sus
1107 2587 1211 2652 sponte
1233 2575 1351 2653 (Gran.)
1388 2633 1389 2656 ἶ

284 2661 440 2725 xxxlx,
464 2663 481 2714 2
504 2659 561 2716 fide
581 2668 679 2715 vestra
702 2658 773 2735 (Iac.
798 2661 894 2733 Peru.)
925 2664 942 2718 3
965 2662 990 2718 si
1013 2662 1105 2719 altera
1127 2669 1212 2735 parto
1233 2660 1353 2716 claudet

284 2761 330 2798 res
352 2742 478 2817 publica,
500 2741 583 2798 malis
606 2741 684 2813 (Uss.
701 2741 735 2796 ln
765 2742 976 2802 Weissenbornii
995 2746 1208 2819 interpunctione
1230 2754 1353 2817 apparet

285 2825 377 2881 deesse
398 2835 426 2880 et
447 2833 497 2880 aut
518 2840 587 2897 que3
622 2843 686 2880 nuru
707 2826 734 2880 in
757 2824 809 2881 lruc
832 2827 941 2900 quidem
963 2827 1069 2901 duplici
1096 2826 1252 2881 condicione
1274 2827 1354 2898 ferri
1387 2891 1388 2894 Ἴ

162 2959 166 2964 .
283 2907 434 2982 asyndeton
465 2908 566 2979 nequit.
610 2905 644 2962 In
678 2908 796 2964 oliorum
828 2911 1056 2983 interpunctione:
1092 2907 1117 2962 si
1223 2906 1350 2968 claudet.
1387 2943 1388 2946 =

284 2989 371 3046 Malis
393 2997 443 3045 cet.
461 3006 556 3061 prauo
577 2997 617 3045 est
631 2993 777 3054 sententia,·
798 2993 967 3065 nequeenim
988 2990 1038 3054 hoc
1062 2998 1193 3063 tunquam
1216 2991 1351 3045 incertum

279 3074 410 3145 ponitur,
445 3071 574 3127 claudus
594 3089 691 3146 remp,
720 3073 791 3128 iilud
821 3082 952 3146 tunquam
981 3081 1096 3143 cutum,
1119 3073 1202 3128 malis
1222 3080 1249 3126 et
1272 3073 1350 3128 bonis

283 3153 404 3210 consiliis
425 3153 496 3208 idem
519 3157 667 3228 potestatis
686 3157 760 3227 fore.
808 3154 984 3212 Euliortutur
1012 3155 1120 3212 Fabius
1141 3155 1298 3224 AEuilr'run,
1318 3164 1350 3210 ut

282 3236 358 3290 matr
379 3236 492 3291 consilia
523 3239 622 3292 uincet.
671 3239 693 3293 P
721 3237 836 3295 claudet
856 3237 938 3312 reip,
970 3240 998 3294 in
1020 3257 1074 3311 quo
1106 3255 1167 3311 rep.
1198 3237 1352 3310 &niduari

282 3316 411 3393 videtur.)
436 3321 500 3374 ‹let
524 3323 540 3374 5
564 3327 691 3387 maneat,
714 3329 743 3376 et
764 3339 828 3376 cum
849 3320 957 3381 illo...
985 3319 1024 3378 sis
1047 3328 1221 3387 certaturum
1244 3329 1273 3375 et
1295 3319 1348 3375 ad·

282 3417 398 3460 versus,
412 3444 438 3459 ..
462 3402 654 3476 pugnandum
677 3401 729 3458 tibi
751 3403 802 3472 sit,
828 3403 985 3464 Varro...
1011 3413 1040 3459 te
1062 3403 1099 3459 sit
1117 3409 1347 3478 oppugnaturus.

284 3480 319 3556 (Ρ
334 3492 450 3539 maneat
466 3494 495 3539 et
517 3502 599 3544 oum.
611 3526 641 3545 ..
667 3484 846 3560 temporibus
860 3485 885 3542 si
901 3493 1062 3542 certaturus
1078 3493 1122 3540 est
1143 3484 1340 3545 adversus...

202 3605 204 3610 -
282 3564 469 3638 pugnandum
492 3565 544 3622 tibi
565 3566 603 3622 sit
622 3566 778 3626 Varro...
812 3576 842 3623 te
863 3567 901 3624 sit
927 3586 1054 3643 oppugn.
1076 3567 1142 3622 Em.
1163 3567 1262 3624 recu.
1292 3569 1346 3623 Pro

282 3646 334 3702 tibi
359 3647 396 3702 sit
416 3651 568 3704 necessario
590 3650 761 3705 scribendum
782 3649 834 3707 tibi
858 3649 921 3719 erit,
941 3670 995 3706 non
1016 3649 1068 3706 tibi
1091 3658 1149 3716 est3
1173 3667 1238 3704 nom
1251 3649 1348 3721 futuri

281 3730 441 3802 sipurflcotio
463 3729 635 3806 requiritur.)
665 3735 682 3788 6
704 3732 855 3789 consulatu
877 3734 934 3788 sine
955 3734 1031 3788 uncis
1053 3728 1168 3806 (Gron.)
1192 3728 1268 3806 9(et
1290 3749 1345 3805 ego

282 3811 325 3871 ed.
341 3812 426 3872 etot.
444 3814 532 3882 1531,
556 3817 576 3870 P
591 3822 617 3869 et
630 3812 722 3871 Drulc.
745 3823 776 3870 ut
797 3813 864 3889 ego)
903 3819 937 3872 14
954 3813 1112 3889 (absumpti
1128 3813 1239 3870 Heerw.
1257 3815 1344 3870 l'ab-

282 3895 412 3970 sumpsit.
424 3895 517 3952 Drulo.
528 3893 620 3952 lamas
633 3914 661 3970 q.
673 3895 780 3953 ferrum
793 3895 965 3972 absumpsit)
986 3894 1230 3970 limoenibus-l
1246 3894 1297 3950 sed
1308 3914 1349 3954 ne

282 3978 421 4034 adversus
445 3977 545 4052 (Valla
552 3999 562 4042 ,·
574 3977 638 4037 Em.
651 3979 711 4034 249
722 3998 748 4037 n.
765 3977 903 4053 Oportuit
914 3997 974 4036 cum
988 3978 1026 4035 A.
1042 3979 1179 4035 Perizonio
1193 3977 1344 4052 seriptum:

281 4060 370 4117 sedet.
404 4059 462 4118 Sed
475 4079 512 4116 ne
525 4060 591 4116 adv.
606 4061 748 4116 Particum
761 4061 813 4117 sed
828 4070 868 4117 est
882 4063 1029 4124 orationem
1044 4060 1079 4117 de
1092 4079 1121 4117 se
1134 4060 1342 4134 abrumpentis.)
