2812 4556
409 257 486 307 ntae
503 257 577 309 xxi.
613 256 660 321 (Α.
680 255 728 308 en.
743 259 816 320 ne.)
1081 265 1098 318 5

52 445 89 506 et,
113 439 203 511 quod
231 449 313 498 metu
336 441 457 499 cessisse
479 441 636 499 credebant
657 442 781 512 hostem,
805 440 836 498 id
858 441 967 500 morari
987 442 1141 500 victor-iam

51 543 118 610 reti,
147 545 243 618 qnod
264 547 417 604 interesset
438 546 540 616 amnis,
563 545 691 604 clamore
712 547 827 606 sublato
847 547 956 621 passim
971 547 1034 605 sine
1055 549 1141 606 ullius
1205 619 1208 626 ²

50 645 195 722 imperio,
221 669 286 724 qua
308 652 412 726 cuique
432 651 598 728 proximum
619 660 677 722 est,
708 653 738 710 in
760 671 876 710 amnem
897 661 993 710 ruunt.
1042 654 1083 712 Et
1103 673 1142 712 ex
1157 658 1194 714 13

50 761 139 823 parte
165 754 271 814 altera
293 757 366 832 ripae
391 758 436 816 vie
457 758 558 833 ingens
581 758 710 832 equitnm
731 757 888 816 indumen
909 757 1054 830 immissa,
1079 779 1140 818 me·

50 854 167 931 dicque
194 861 287 918 alveo
309 863 537 938 haudquaquam
560 864 624 937 pari
647 862 804 921 certamine
826 851 1009 935 concursum,
1033 865 1142 941 quippe
1158 869 1195 924 14

50 964 104 1020 ubi
126 967 231 1039 pedes
254 968 397 1026 instabilis
420 987 455 1026 ac
476 968 527 1025 rix
547 969 626 1026 vado
647 969 739 1026 fidens
769 968 820 1024 vel
841 968 878 1024 ab
906 969 1009 1026 inermi
1035 971 1142 1044 equite,

50 1087 133 1142 equo
166 1049 285 1130 temefe
315 1083 396 1144 acto,
422 1075 550 1149 perverti
581 1082 697 1148 posset,
729 1090 817 1146 eques
844 1091 967 1147 corpore
994 1075 1141 1152 armisque

52 1175 141 1246 liber,
172 1197 256 1252 equo
278 1180 328 1237 vel
347 1199 402 1256 per
423 1181 533 1238 medios
554 1179 685 1254 gurgites
707 1177 820 1247 stabili,
852 1177 983 1236 cominus
1015 1180 1141 1238 eminus·

53 1298 114 1352 que
148 1302 222 1340 rem
249 1294 373 1359 gereret.
421 1288 497 1344 Pars
526 1302 636 1360 magua
665 1284 784 1340 flumine
811 1284 985 1358 absumpta;
1022 1282 1196 1357 quidam15

54 1388 218 1446 verticoso
247 1391 328 1447 amni
359 1391 447 1447 delati
480 1391 510 1446 in
539 1392 639 1447 hostes
672 1389 710 1446 ab
745 1388 905 1463 elephantis
940 1387 1039 1445 obtriti
1066 1399 1142 1445 sunt.

57 1492 228 1563 Postremi,
251 1495 356 1568 quibus
369 1513 518 1571 regressus
539 1494 667 1552 insuam
688 1493 782 1568 ripam
805 1492 895 1550 tutior
916 1492 979 1562 luit,
1001 1511 1039 1550 ex
1059 1493 1143 1550 varia
1158 1493 1196 1548 ta

58 1597 266 1672 trepidat-ione
296 1618 385 1674 quum
411 1601 441 1656 in
468 1617 556 1657 unum
579 1599 796 1674 colligerentur,
824 1597 995 1671 priusquam
1018 1617 1037 1654 a
1060 1607 1143 1658 tanto

61 1718 183 1773 pavore
205 1706 368 1780 reciperent
389 1706 517 1774 animos,
539 1705 689 1763 Hannibal
711 1703 826 1778 agmine
851 1703 996 1776 quadrato
1027 1721 1142 1760 amnem

61 1806 220 1882 ingressus
240 1809 341 1884 fugam
364 1829 402 1866 ex
423 1811 489 1885 ripe
509 1809 587 1880 feeit,
608 1810 789 1884 vastatisque
822 1808 901 1883 egris
927 1807 1004 1864 intra
1031 1825 1143 1893 paucos

64 1911 129 1969 dies
158 1913 343 1989 Carpetanos
367 1933 483 1988 quoque
507 1914 536 1973 iu
558 1915 732 1972 deditionem
762 1914 887 1989 aceepit;
912 1923 941 1970 et
961 1912 1019 1969 iam
1044 1912 1142 1968 omnia
1157 1909 1194 1964 17

65 2025 150 2076 trans
173 2021 318 2077 Hiberum
340 2029 446 2093 praeter
467 2018 645 2095 Saguntinos
667 2019 949 2094 Carthaginiensium
973 2025 1063 2078 erant.

156 2124 231 2182 Cum
256 2123 426 2198 Saguntinis
441 2125 548 2181 beilum
576 2126 704 2182 nondum
726 2132 805 2193 erat,
837 2133 963 2180 ceterum
991 2123 1049 2179 iam
1072 2123 1143 2180 belli
1214 2112 1236 2180 fi

69 2244 169 2287 causa.
214 2227 383 2286 Certamiua
408 2248 472 2286 cum
501 2229 628 2287 finitimis
660 2231 848 2298 serebantur,
879 2227 1006 2286 maxime
1026 2229 1141 2286 Turde·

70 2332 156 2393 tanis,
201 2332 315 2404 Quibus
338 2353 427 2409 quum
457 2335 574 2392 adesset
594 2335 687 2404 idem,
717 2334 767 2408 qui
788 2335 846 2391 litia
875 2342 939 2390 erat
959 2342 1055 2403 sator,
1088 2329 1173 2391 nec2

71 2445 219 2492 certamen
239 2437 320 2508 iuris,
343 2441 393 2496 sed
421 2441 479 2497 vim
508 2440 598 2515 quaeri
620 2450 793 2514 appareret,
820 2439 909 2515 legati
930 2457 948 2495 a
972 2437 1142 2512 Saguntinis

72 2539 197 2597 Romam
220 2543 302 2599 missi
324 2545 463 2601 auxilium
484 2546 523 2602 ad
547 2545 654 2601 bellum
678 2545 737 2600 iam
766 2544 847 2600 haud
874 2543 960 2600 dubie
989 2543 1142 2599 imminens

72 2655 198 2705 orantes.
250 2645 392 2705 Consules
424 2659 492 2707 tunc
513 2651 615 2707 Roma
640 2656 723 2706 erant
749 2649 784 2706 P.
809 2647 960 2706 Comelius
990 2648 1090 2723 Scipio
1113 2648 1173 2706 aa

73 2750 120 2811 Ti.
143 2752 335 2828 Sempronius
358 2755 486 2829 liongue.
530 2754 588 2828 Qui
616 2771 715 2828 quum,
746 2751 851 2827 legatis
883 2753 913 2809 in
934 2763 1067 2811 senatum
1097 2754 1141 2811 in·

74 2857 224 2927 traductis,
246 2858 283 2914 de
306 2877 338 2916 re
359 2859 476 2934 publiea
497 2858 670 2927 retulissent,
695 2857 908 2932 placuissetque
930 2859 1006 2915 mitti
1027 2859 1141 2933 legatos

74 2961 101 3017 in
122 2963 301 3039 Hispaniam
324 2966 362 3020 ad
387 2983 434 3022 res
457 2963 602 3021 sociorum
627 2961 834 3036 inspiciendas,
857 2963 961 3036 quibus
982 2963 1007 3020 si
1029 2963 1174 3040 videre-,4

74 3076 120 3125 tur
140 3069 232 3144 digna
254 3085 351 3138 causa,
375 3079 405 3126 et
426 3068 587 3128 Hannibali
607 3067 822 3136 denuntiarent,
850 3076 883 3123 ut
904 3068 941 3123 ab
964 3067 1142 3142 Saguntinis,

75 3174 159 3230 sociis
181 3173 284 3250 populi
305 3175 446 3245 Romani,
471 3173 642 3241 abstineret,
672 3183 700 3228 et
729 3168 936 3247 Carthaginem
956 3173 986 3230 iu
1008 3173 1141 3231 Africam

75 3277 241 3335 traiicerent
262 3295 297 3334 ee
319 3278 464 3334 sociomm
486 3278 587 3352 populi
608 3277 735 3334 Romani
762 3278 957 3350 querimonias
987 3278 1142 3350 deferrent,

76 3383 128 3440 bae
161 3384 309 3458 legatione
335 3384 454 3439 decreta
486 3383 607 3439 necdum
640 3381 745 3452 missa,
780 3384 907 3440 omnium
940 3401 992 3458 spe
1021 3384 1173 3445 celerius5

78 3487 237 3563 Saguntum
261 3489 425 3564 oppugnari
446 3489 565 3545 allatum
589 3495 640 3544 est.
684 3489 769 3544 Tune
789 3489 883 3546 relata
904 3490 940 3545 de
961 3489 1074 3562 integro
1095 3507 1143 3546 ree

79 3593 113 3647 ad
138 3601 288 3661 senatum3
321 3604 350 3650 et
380 3593 429 3652 alii
457 3593 623 3670 provincias
654 3592 821 3652 consulibus
848 3592 1022 3666 Hispaniam
1054 3601 1175 3668 atquae

79 3697 208 3756 Africam
232 3698 419 3756 decantantes
440 3709 518 3758 terra
542 3698 676 3772 marique
702 3716 764 3754 rem
792 3697 949 3772 gerendam
978 3699 1143 3769 censebant,

81 3802 126 3858 alii
146 3811 240 3859 totum
270 3804 299 3859 in
328 3805 503 3880 Hispaniam
525 3803 781 3877 Hannibalemque
807 3802 996 3860 intendebant
1022 3804 1143 3873 bellum3

81 3917 172 3979 eraut,
195 3908 246 3982 qui
267 3927 326 3966 non
348 3919 456 3967 temere
481 3909 656 3968 movendam
684 3927 746 3965 rem
776 3915 886 3964 tantam
918 3908 1173 3983 exspectandos-7

84 4031 136 4086 que
155 4033 192 4070 ex
214 4013 361 4089 Hispania
381 4015 493 4092 legatos
514 4023 672 4072 censerent.
715 4013 788 4069 Haec
802 4013 953 4082 sententia,
975 4031 1040 4086 quae
1061 4013 1175 4070 uitis-8
