2700 4426
428 208 507 258 nne
523 207 625 263 xxm.
662 209 707 272 (a.
723 205 772 258 cn.
788 208 861 271 ne.)
1077 216 1133 271 155

108 392 168 449 lius
191 392 377 467 Torquatus,
408 391 524 465 quibis
546 392 645 448 consul
667 400 696 449 et
717 409 819 450 censor
840 391 936 448 fuerat
964 393 1175 470 subegeratque

109 498 142 554 in
166 497 317 554 consulatu
339 493 460 555 Sardos.
509 495 570 555 Sub
590 498 667 554 idem
688 496 750 555 iere
770 505 884 570 tempus
906 505 935 553 et
959 515 977 554 a
998 498 1175 575 Carthagine
1192 502 1226 558 16

109 603 142 659 in
164 600 328 660 Sardiniam
352 600 453 659 classis
477 601 566 658 missa
596 602 669 659 duce
691 602 891 671 Hasdrubale,
924 602 970 659 cui
992 602 1084 662 Calvo
1106 623 1174 680 cog-

109 691 310 775 nomen-erat,
330 703 410 762 foeda
431 715 603 782 tempestate
625 717 732 766 vexata
759 709 796 765 ad
818 708 951 766 Baliares
972 708 1090 766 insulas
1103 709 1174 766 deii·
1264 691 1267 695 ¹

105 812 200 882 citur,
231 811 331 885 ibique
361 809 449 882 (adeo
481 831 540 868 non
570 823 749 872 armamenta
777 814 878 884 modo,
910 812 1068 870 sedetiam
1099 815 1175 872 alvei
1190 814 1225 867 17

107 915 230 972 navium
253 915 384 988 quassati
406 914 502 990 erant)
521 917 668 974 subductae
689 935 788 989 naves,
818 919 887 976 dum
908 919 1090 989 reficiuntur,
1121 920 1174 977 ali·

105 1029 251 1095 quantum
272 1020 410 1094 temporis
432 1021 582 1079 triverunt.

193 1126 230 1182 In
251 1125 339 1184 Italia
361 1144 449 1201 quum
479 1135 547 1201 post
569 1123 749 1183 Cannensem
781 1145 927 1202 pugnam,
955 1126 1055 1185 fractis
1082 1128 1173 1202 partis
1220 1118 1268 1186 35

106 1229 229 1288 alterius
250 1230 370 1299 viribus,
392 1231 510 1287 alterius
532 1229 649 1287 mollitis
669 1230 786 1300 animis,
817 1232 933 1306 segnius
958 1232 1064 1289 bellum
1089 1239 1173 1301 esset,

107 1334 256 1410 Campani
279 1354 333 1410 per
353 1353 385 1391 se
407 1334 502 1391 adorti
524 1342 590 1391 sunt
611 1352 671 1390 rem
695 1331 857 1394 Cumanam
879 1355 938 1394 suae
952 1336 1073 1394 dicionis
1093 1333 1204 1392 face-2

106 1458 152 1510 re,
174 1439 268 1514 primo
283 1439 479 1509 sollicitantes,
501 1449 532 1495 ut
547 1440 584 1495 ab
599 1440 740 1520 Romanis
763 1441 933 1512 deficerent;
954 1441 1004 1497 nbi
1026 1441 1055 1496 id
1071 1458 1172 1515 perum

105 1545 265 1618 processit,
301 1544 399 1602 dolum
432 1545 471 1601 ad
501 1544 658 1618 capiendos
691 1563 741 1602 eos
773 1555 956 1624 comparant,
1016 1543 1204 1621 Campanis3

108 1648 244 1717 omnibus
267 1658 373 1708 statum
396 1649 566 1706 sacrificium
590 1650 627 1705 ad
642 1626 757 1707 Hamas
772 1660 819 1709 est.
868 1651 914 1707 Eo
939 1659 1069 1708 senatum
1085 1648 1172 1708 Cam-

107 1771 218 1828 panum
244 1764 395 1811 venturum
422 1753 558 1831 certiores
581 1751 728 1811 Cumanos
750 1753 889 1823 iecerunt,
910 1755 1120 1831 petieruntque,
1141 1764 1174 1812 ut
1223 1746 1226 1750 ’

107 1866 138 1915 et
159 1856 309 1916 Cumanus
336 1877 372 1915 eo
393 1868 509 1916 senatus
532 1859 644 1916 veniret
672 1860 709 1915 ad
731 1859 952 1916 consultandum
975 1859 1173 1926 communiter,

107 1971 141 2019 ut
163 1963 279 2020 eosdem
302 1972 423 2037 uterque
443 1963 568 2038 populus
597 1964 692 2021 socios
718 1966 875 2036 hostesque
906 1964 1039 2032 haberet3
1072 1956 1202 2037 pressi-4

106 2066 188 2123 dium
216 2065 256 2123 ibi
289 2077 431 2125 armatum
460 2087 491 2125 se
519 2068 686 2137 habituros,
713 2088 749 2125 ne
779 2069 848 2141 quid
875 2069 913 2125 ab
939 2070 1074 2126 Romano
1102 2069 1173 2125 Poe-

107 2190 186 2228 nove
206 2172 326 2247 periculi
350 2183 433 2233 esset.
476 2171 615 2243 Cumani,
638 2191 804 2247 quanquam
833 2182 968 2248 suspecta
998 2170 1079 2229 fraus
1102 2181 1173 2252 erat,

106 2276 181 2334 nihil
203 2277 344 2348 abnuere,
374 2278 416 2335 ita
446 2278 508 2352 tegi
525 2276 618 2335 fallax
646 2277 795 2336 consilium
825 2297 912 2354 posse
942 2277 1008 2335 rati.
1052 2268 1203 2333 Interim5

106 2383 157 2440 Ti.
182 2381 370 2458 Sempronius
392 2383 493 2439 consul
513 2383 664 2440 Romanus
686 2383 839 2454 Sinuessae,
863 2402 920 2457 quo
944 2383 981 2439 ad
1002 2382 1172 2439 convenien-

108 2482 178 2545 duln
200 2488 276 2545 diem
299 2489 439 2557 edixerat,
464 2487 591 2544 exercitu
622 2488 755 2559 lustrato,
777 2498 973 2564 transgressus
996 2486 1171 2543 Vulturnum

104 2595 215 2650 flumen
237 2593 314 2652 circa
335 2593 484 2649 Liternum
511 2592 609 2666 posuit
632 2601 736 2652 castra.
780 2594 827 2650 lbi
849 2593 918 2668 quia
948 2591 1043 2648 otiosa
1063 2587 1202 2647 sentiret

106 2701 202 2769 erant,
224 2699 326 2755 crebro
342 2696 493 2753 decurrere
516 2696 619 2754 milites
638 2697 770 2772 cogebat,
792 2695 1024 2768 estimantes
1044 2695 1173 2752 maxima

109 2820 178 2875 pars
200 2802 338 2859 volonum
355 2802 448 2873 erant)
469 2811 668 2859 assuescerent
689 2801 773 2875 signa
793 2801 875 2875 aequi
898 2800 977 2858 etin
999 2800 1062 2856 acie
1083 2816 1172 2873 agno·

106 2922 190 2962 scere
231 2905 346 2962 ordines
378 2924 456 2964 suos.
521 2907 602 2962 lnter
644 2924 708 2979 quae
736 2906 865 2962 maxima
897 2913 960 2962 erat
997 2922 1067 2960 cura
1098 2901 1202 2971 duci,7

108 3009 209 3084 itaque
229 2998 332 3084 legatis
353 3009 534 3083 tribunisque
554 3017 749 3084 praeeperat,
762 3029 799 3067 ne
821 3029 880 3084 qua
902 3008 1091 3084 exprobratio
1114 3007 1172 3064 cui-

109 3131 199 3188 quam
221 3113 327 3170 veteris
354 3111 477 3170 fortunae
501 3113 674 3170 discordiam
703 3113 779 3170 inter
800 3115 916 3172 ordines
938 3122 1060 3183 sereret3
1091 3121 1173 3170 vetus

109 3216 192 3275 miles
213 3217 314 3288 tironi,
342 3218 415 3275 liber
435 3219 535 3275 voloni
563 3235 626 3274 seso
652 3218 798 3292 exaequari
828 3196 960 3289 sineret}
976 3237 1075 3277 omnes
1103 3209 1204 3274 satisss

109 3325 247 3382 honestos
275 3340 491 3397 generososque
519 3321 671 3393 ducerent,
702 3321 806 3395 quibus
836 3342 918 3380 arma
953 3340 1007 3381 sua
1034 3324 1174 3399 signaque

108 3429 234 3504 populus
257 3429 406 3485 Romanus
428 3426 632 3495 commisissem
655 3444 719 3500 quae
738 3427 858 3484 fortuna
879 3429 1021 3503 coegisset
1040 3428 1082 3484 ite
1102 3427 1173 3496 fieri,

109 3532 232 3588 eandem
255 3549 359 3606 cogere
380 3531 454 3588 tueri
476 3529 593 3589 factum.
637 3532 683 3588 Ea
705 3550 764 3588 non
796 3532 906 3589 maiore
928 3550 1012 3588 cura,
1028 3523 1203 3606 praeceptat)

110 3636 149 3692 ab
168 3635 289 3692 ducibus
316 3645 383 3692 sunt
409 3655 495 3710 quam
519 3655 536 3692 a
558 3636 695 3694 militibus
721 3637 892 3704 observata,
924 3635 1062 3710 brevique
1092 3643 1173 3692 tantu

107 3739 268 3797 concordia
289 3740 457 3798 coaluerant
478 3739 604 3798 omnium
629 3741 731 3811 animi,
762 3749 793 3797 ut
818 3758 911 3814 prope
939 3739 969 3795 in
998 3739 1172 3796 oblivionem

108 3843 236 3914 veniret,
268 3862 326 3918 qua
345 3864 381 3902 ex
402 3845 571 3903 condicione
588 3834 812 3921 'quisqueesset
839 3843 920 3899 miles
949 3842 1053 3901 factus.
1101 3843 1173 3899 Haeo
1190 3844 1224 3896 l0

107 3949 211 4023 agenti
232 3949 370 4008 Graccho
396 3949 484 4024 legati
506 3949 629 4008 Cumani
642 3960 644 3965 '
658 3950 841 4017 nuntiarunt,
872 3965 938 4020 qua
966 3967 985 4005 a
1014 3946 1172 4021 Campanis
