2678 4560
317 213 373 272 tet
527 210 606 261 nuber
622 210 749 262 xxvm.
785 211 830 276 (A.
842 226 867 261 u.
881 226 904 266 ο.
918 209 1082 274 seu-see.)

272 397 360 474 pedes
388 396 517 468 incedat,
549 395 596 454 vel
623 403 710 472 parta
738 415 773 454 eo
801 395 876 453 bello
907 393 955 453 vel
985 403 1087 470 sprete.
1120 413 1157 451 eo
1188 392 1323 468 triumpho

226 507 260 562 16
273 501 366 578 gloria
387 501 602 560 memorabilem
625 501 698 560 fore.
741 501 783 558 Hi
804 518 950 558 sermones
972 500 1166 574 spectantium
1188 500 1324 556 Neronem

275 625 367 682 usque
398 607 428 666 iu
463 605 636 684 Capitolium
673 607 817 684 prosecuti
852 615 927 663 sunt.
973 605 1109 662 Pecuniae
1141 605 1173 660 in
1204 605 1324 661 aerarium

226 721 259 774 ll
275 713 400 770 tulerunt
421 715 581 772 sestertium
605 714 709 786 tricies,
731 714 879 788 octoginta
900 709 990 766 millis.
1011 711 1087 770 aeris.
1129 711 1274 766 Militibus
1293 711 1324 766 ll.

274 819 375 876 Livius
401 819 619 896 quinquagenos
640 838 725 878 senos
756 837 835 876 asses
857 815 968 886 divisit;
1000 817 1172 874 tantundem
1195 815 1229 875 C.
1251 814 1326 872 Clau·

275 924 339 982 dius
367 925 534 984 absentibus
561 927 698 984 militibus
726 923 785 981 suis
814 931 858 980 est
884 923 1049 998 pollicitus,
1081 941 1173 997 quum
1196 924 1235 979 ad
1257 942 1326 980 exer·

225 1036 260 1091 ts
274 1030 360 1087 citum
384 1030 515 1090 redisset.
561 1031 717 1102 Notetbm,
752 1049 787 1088 eo
817 1030 864 1088 die
892 1029 976 1104 plura
1002 1027 1134 1084 carmina
1167 1029 1327 1086 militaribus

227 1143 260 1198 19
273 1135 344 1193 iocis
370 1136 400 1194 in
428 1134 461 1194 C.
485 1134 637 1196 Claudium
669 1154 755 1212 quem
779 1135 924 1192 consulem
952 1152 1037 1190 suum
1067 1133 1197 1204 iactata3
1230 1136 1326 1210 equites

274 1241 309 1298 L.
332 1241 483 1300 Veturium
510 1253 540 1300 et
571 1244 606 1317 Q.
629 1241 775 1302 Caecilium
801 1242 914 1316 legetos
937 1240 1050 1314 magnis
1072 1239 1175 1296 tulisse
1197 1241 1326 1306 laudibus,

274 1348 464 1422 hortatosque
487 1367 549 1404 esse
572 1347 695 1423 plebem,
717 1356 819 1404 utens
842 1346 973 1404 consules
994 1346 1023 1403 in
1041 1346 1212 1420 proximum
1235 1365 1323 1404 annun

224 1459 262 1515 20
276 1462 424 1522 ereerent;
447 1453 585 1511 adiecisse
606 1455 733 1527 equitum
755 1452 956 1529 praerogativae
974 1452 1181 1510 auctoritatem
1199 1453 1323 1513 consulet.

275 1567 393 1634 postero
415 1559 462 1616 die
485 1559 515 1615 in
537 1559 679 1630 contione,
702 1578 789 1633 quam
811 1558 880 1616 forti
901 1558 1036 1631 fidelique
1050 1557 1179 1615 duorum
1198 1560 1321 1634 praeeipne

275 1664 436 1740 legatorum
459 1682 549 1739 opera
570 1665 614 1723 usi
636 1674 739 1731 essent,
760 1671 1030 1722 commemorantes.

182 1768 224 1836 10
360 1769 455 1844 Quum
487 1771 667 1845 comitiorum
699 1779 824 1845 tempus
845 1777 994 1844 appeteret
1023 1777 1052 1825 et
1080 1788 1135 1844 per
1166 1768 1312 1826 dictatorer

276 1874 392 1932 comitia
413 1877 514 1933 baberi
536 1876 699 1952 placuisset,
721 1874 755 1933 C.
780 1873 918 1932 Claudius
933 1874 1033 1932 consul
1050 1875 1091 1933 M.
1108 1874 1231 1931 Livium
1255 1873 1315 1930 eole-

276 1999 343 2056 gam
366 1983 536 2040 dictatorem
558 1982 639 2053 dixit,
662 1971 762 2039 Livius
785 1978 990 2054 Q.,Caecilium
1009 1979 1184 2054 magistrum
1202 1980 1317 2055 equitum

245 2088 305 2147 2A
326 2087 369 2144 M.
388 2087 471 2144 Livio
494 2087 634 2145 dictatore
657 2087 746 2145 creati
767 2086 898 2144 eonsules
913 2087 948 2147 L.
966 2085 1113 2157 Veturius,
1136 2086 1175 2159 Q.
1199 2085 1317 2152 Caeciliua

246 2191 300 2254 3is
334 2192 413 2266 ipse,
446 2193 495 2266 qui
533 2203 592 2251 tum
626 2203 689 2250 erat
709 2192 847 2267 magister
878 2191 1014 2265 equitum.
1074 2193 1150 2250 Inde
1184 2203 1318 2268 praetomn

277 2296 394 2353 comitia
413 2298 531 2369 habite;
554 2299 642 2356 creati
665 2296 698 2356 C.
720 2296 877 2367 Servilius,
898 2298 939 2355 M.
962 2295 1094 2356 Caecilius
1115 2299 1268 2368 Metellus,
1285 2295 1319 2352 Tt

278 2401 415 2460 Claudius
437 2405 565 2475 Asellus,
587 2403 622 2476 Q.
644 2403 792 2460 Mamilius
814 2403 966 2475 Turrinus,
989 2404 1120 2478 quitum
1143 2405 1234 2460 aedilis
1247 2400 1317 2478 plebis

247 2517 348 2570 terat.
397 2507 528 2566 Comitiis
549 2509 684 2584 perfectis
706 2509 838 2578 dictator,
860 2508 1030 2584 magistratu
1054 2511 1194 2568 ebdioato
1210 2508 1315 2566 dimbso

279 2632 334 2688 qne
355 2613 499 2684 exercitu,
521 2613 551 2672 in
573 2615 720 2674 Etruriam
742 2615 922 2691 provinciam
945 2635 981 2674 ex
1002 2626 1120 2674 senatus
1142 2617 1269 2674 consulto
1287 2621 1315 2668 est

248 2717 424 2794 5pr0feetus
457 2720 495 2775 ad
526 2720 698 2793 quaestiones
725 2722 890 2794 habendes,
926 2722 975 2798 qui
997 2723 1189 2780 Etruseorum
1211 2721 1313 2782 Umbro

278 2843 378 2882 rumve
409 2825 510 2900 populi
541 2824 708 2884 defectionis
738 2828 776 2885 ab
802 2829 943 2896 Romanis
971 2827 1008 2884 ad
1040 2829 1255 2890 Hasdrubalem
1276 2823 1312 2880 sub

279 2931 434 2987 adventum
462 2930 522 2988 eius
553 2932 673 2990 consilia
703 2933 876 3008 agitassent,
909 2934 1016 3007 quique
1051 2952 1118 2990 eum
1145 2933 1256 2991 auxiliis
1279 2941 1311 2986 aut

248 3045 440 3100 ssoommeatu
473 3048 522 3093 aut
562 3057 617 3113 ope
652 3038 751 3113 eliqua
789 3039 935 3096 iuvissent.
982 3040 1054 3097 Haec
1087 3059 1123 3096 eo
1153 3059 1228 3096 anno
1254 3031 1310 3093 deni

279 3143 444 3216 militiaeque
466 3152 557 3217 gesta.
607 3145 682 3201 Ludi
704 3144 830 3202 Romani
851 3154 895 3201 ter
914 3146 968 3202 toti
988 3146 1143 3203 instaurati
1154 3147 1192 3204 ab
1208 3143 1309 3202 aedssibus

251 3249 434 3319 leurulibus,
456 3246 509 3305 Cn.
532 3250 653 3308 Servilio
677 3248 826 3325 Caepione,
851 3249 913 3310 Ser.
938 3249 1073 3308 Cornelio
1095 3252 1232 3320 Lentulo,
1260 3248 1307 3303 iteu

279 3355 339 3412 ludi
361 3354 465 3430 plebeii
486 3355 574 3413 semel
595 3355 648 3412 toti
669 3355 821 3412 instaurati
843 3357 880 3413 ab
903 3356 1032 3413 aedilibus
1063 3357 1157 3432 plebis
1184 3358 1224 3414 M.
1242 3356 1307 3412 Pon·

280 3461 368 3536 ponio
389 3462 528 3518 Mathone
550 3470 578 3518 et
599 3461 635 3534 Q.
660 3462 791 3518 Mamilio
808 3461 944 3522 Turrino.

251 3572 268 3628 8
364 3566 464 3624 Tertio
489 3566 600 3624 decimo
622 3586 698 3624 enno
721 3567 823 3624 Punici
844 3567 928 3637 belli,
961 3568 996 3623 L.
1017 3567 1141 3624 Veturio
1164 3565 1304 3625 Philoueet

99 3657 269 3777 ζῑὲξζὲἓ
282 3671 319 3744 Q.
342 3669 456 3728 Caecilio
478 3671 596 3728 Metello
618 3674 796 3743 consulibus,
815 3673 920 3730 Bruttii
943 3673 1094 3744 ambobus,
1115 3685 1147 3730 ut
1167 3692 1227 3730 oum
1245 3669 1302 3726 Heu·

140 3763 147 3775 ’
197 3761 203 3773 ’
250 3760 270 3850 9Ι
282 3776 377 3833 nibele
401 3777 507 3834 bellum
536 3787 682 3852 gererent,
718 3778 869 3852 provincia
898 3778 1022 3834 decreta.
1069 3780 1210 3836 Praetores
1228 3771 1301 3833 exinde

281 3881 374 3938 sortiti
396 3892 471 3952 sunt,
493 3883 535 3938 M.
555 3881 686 3940 Caeoilius
706 3883 840 3940 Metellus
862 3883 1011 3952 urbanam,
1034 3883 1071 3958 Q.
1087 3885 1228 3942 Mamilius
1244 3895 1299 3955 pen·

232 3996 266 4049 10
280 3987 402 4060 grisam,
426 3985 460 4044 C.
486 3985 624 4044 Servilius
648 3986 786 4057 Siciliam,
808 3989 855 4046 Ti.
879 3987 1017 4046 Claudius
1039 3989 1209 4048 Sardiniam.
1236 3990 1297 4046 nxc·
