2674 4542
286 177 340 234 174
548 170 627 222 utha
644 169 746 223 mv.
783 171 831 233 (Δ.
845 185 871 220 u.
884 185 907 224 c.
921 171 996 234 had.)

239 369 301 416 tum
321 353 447 415 naturali
465 353 611 430 quondam
635 354 756 424 munita,
777 363 881 429 postea
903 363 931 412 st
954 373 1040 414 muro
1057 355 1160 414 mama
1184 365 1240 426 est,
1259 373 1306 430 qus

240 479 292 538 per
320 477 440 519 aversus
469 478 557 537 rupee
591 460 628 516 ab
656 459 801 535 Dionysio
831 457 936 517 Siciliae
966 461 1094 535 tyranno
1132 479 1190 536 per
1219 461 1305 520 delun

209 566 336 626 (linerat
357 575 452 641 capta.
501 565 547 622 Ea
568 572 628 622 tum
651 582 728 634 arce,
750 563 831 634 satis,
853 573 885 621 nt
904 565 1076 636 videbatur,
1101 574 1187 638 tuta,
1212 565 1304 624 Croto·

239 672 348 730 nictum
372 670 528 746 optimates
550 669 687 726 tenebant
709 687 750 738 se,
774 669 999 727 choumscdente
1020 689 1088 728 cnm
1112 673 1242 730 Bruttiis
1263 688 1304 732 cst

190 779 226 834 tt
239 777 326 834 ctiam
353 777 439 852 plebe
468 794 531 836 sua.
580 777 734 832 Postremo
755 774 872 842 Bruttii,
895 792 984 847 quum
1006 775 1067 832 suis
1089 777 1209 836 viribus
1231 779 1303 836 iuer·

238 882 423 958 pugnabilem
446 883 578 940 viderent
601 897 707 950 arcem,
731 878 825 935 coacti
846 878 1018 936 necessitate
1039 878 1204 941 Hannonis
1228 885 1303 942 anxi·

190 992 221 1044 ll
237 988 307 1046 lium
340 987 506 1062 implorant.
559 987 590 1043 Is
620 983 836 1042 condicionibus
865 984 1101 1044 addeditionem
1135 989 1301 1065 compellere

238 1091 425 1152 Crotoniatas
447 1100 584 1176 conatus,
617 1098 650 1147 ut
676 1087 819 1146 coloniam
841 1088 1022 1148 Bruttiorum
1045 1109 1082 1148 co
1105 1092 1215 1151 deduci
1236 1095 1300 1151 auti·

238 1217 383 1274 quamque
404 1197 597 1273 frequentiam
624 1195 753 1268 recipere
774 1201 889 1251 vastam
914 1213 950 1252 ac
970 1196 1116 1254 desertam
1153 1199 1237 1255 bellis
1257 1217 1297 1256 nr·

237 1306 301 1362 bem
336 1314 519 1380 paterentur,
569 1303 697 1359 omnium
734 1281 878 1358 neminem
915 1309 1020 1375 praeter
1061 1302 1296 1362 Aristomachum

93 1405 103 1414 ’
190 1416 225 1471 12
239 1410 337 1469 movit.
382 1409 541 1466 Morituros
562 1427 594 1466 se
610 1406 796 1464 affirmabant
817 1406 910 1476 citius,
932 1425 1019 1480 qnam
1044 1406 1174 1466 immixti
1186 1408 1296 1466 Brutti'u

236 1516 265 1571 in
289 1515 399 1572 alienos
420 1513 502 1583 ritus,
524 1530 619 1570 mores
641 1513 780 1586 legesque
799 1530 834 1568 ac
855 1529 926 1568 mox
944 1511 1072 1587 lingnam
1096 1513 1189 1569 etiam
1210 1523 1294 1570 verte·

190 1626 223 1680 13
237 1629 345 1680 rentur.
388 1617 612 1676 Aristomachus
633 1635 723 1688 unus,
756 1617 873 1691 quando
900 1636 953 1675 uec
979 1618 1130 1675 suadendo
1159 1618 1198 1676 ad
1222 1619 1291 1674 dedi·

236 1724 343 1780 tionem
367 1723 438 1780 satis
462 1723 581 1780 valebat
601 1739 669 1791 nec,
690 1720 765 1780 sicut
786 1722 886 1780 urbem
908 1722 1093 1796 prodiderat,
1114 1724 1213 1782 locum
1233 1742 1290 1800 pro·

189 1839 222 1892 14
235 1829 336 1886 denda
357 1830 432 1887 arcis
453 1827 635 1896 inveniebat,
662 1824 818 1901 transfugit
840 1826 879 1883 ad
901 1827 1088 1884 Hannonem.
1138 1830 1289 1887 Locrenses

235 1934 315 1994 brevi
338 1944 405 2009 post
425 1933 529 2010 legati,
563 1950 652 2008 quum
673 1931 816 2006 permissu
838 1931 992 1988 Hannonis
1014 1951 1111 1990 arcem
1134 1935 1288 2000 intrassent,

233 2041 421 2114 persuadent,
456 2047 489 2096 ut
515 2038 628 2097 traduci
654 2055 686 2093 sc
706 2035 736 2093 in
763 2037 876 2094 Locros
908 2045 1078 2111 paterentur
1112 2055 1167 2095 nec
1199 2037 1287 2095 ultima

188 2144 361 2218 reexpecta
383 2144 501 2212 vellent3
528 2161 597 2199 nam
619 2145 676 2200 hoc
696 2154 729 2200 nt
750 2143 806 2200 sibi
827 2141 936 2212 liceret,
959 2143 1194 2219 impetraverant
1213 2142 1237 2200 ci
1255 2142 1285 2196 ab
1321 2210 1322 2217 ἵ

235 2247 417 2318 Hannibale,
446 2247 540 2304 missis
570 2248 608 2304 ad
639 2249 668 2305 id
689 2247 784 2324 ipsum
805 2247 919 2322 legatis.
976 2248 1024 2304 Ita
1047 2246 1179 2305 Crotone
1201 2265 1284 2304 exces-

233 2361 379 2423 sumest,
412 2353 584 2427 deductique
606 2351 783 2411 Crotoniatae
805 2353 843 2409 ad
865 2371 946 2410 mare
966 2371 1057 2410 naves
1089 2352 1283 2411 conscendunt:

236 2459 345 2514 Locros
371 2457 463 2515 omnis
486 2443 639 2515 multitudo
662 2459 778 2518 abeunt.

187 2571 221 2627 16
316 2564 352 2619 lu
375 2563 483 2638 Apulia
506 2582 542 2620 nc
566 2564 658 2620 hiems
680 2563 795 2639 quidem
820 2561 919 2637 quieta
939 2561 1014 2618 inter
1035 2563 1189 2620 Romanos
1208 2572 1281 2636 atque

234 2668 428 2726 Hannibalem
444 2675 515 2725 erat.
560 2667 690 2726 Luceriae
704 2667 893 2742 Sempronius
917 2666 1028 2735 consul,
1049 2667 1202 2726 Hannibal
1217 2667 1279 2725 haud

186 2783 218 2836 17
232 2772 333 2847 procul
349 2775 439 2849 Arpis
460 2774 640 2831 hibernabat.
688 2774 769 2830 Inter
789 2789 840 2829 eos
861 2771 938 2828 levia
958 2770 1061 2846 proelia
1084 2794 1122 2832 ex
1144 2774 1279 2832 occasione

233 2887 282 2934 aut
304 2879 522 2953 opportunitate
542 2878 628 2935 huius
650 2886 701 2935 aut
722 2877 798 2934 illius
820 2877 911 2952 partis
934 2877 1113 2948 oriebantur,
1137 2880 1278 2952 meliorque

232 2982 273 3038 eis
295 2983 445 3041 Romanus
468 2993 497 3040 et
519 2984 549 3040 in
571 2983 632 3060 dies
656 2983 769 3040 cautior
789 2984 937 3058 tutiorque
957 2985 995 3040 ab
1017 2983 1130 3042 insidiis
1151 2987 1243 3042 fiebat

137 3093 158 3158 4
316 3089 351 3144 In
390 3089 489 3148 Sicilia
522 3088 662 3147 Romanis
702 3088 800 3145 omnia
840 3097 1004 3146 mutaverat
1045 3108 1123 3147 mors
1159 3087 1277 3147 Hieronis

231 3182 410 3267 regnumque
432 3194 470 3250 ad
491 3195 700 3268 Hieronymum
724 3202 858 3269 nepotem
881 3193 943 3250 eius
964 3193 1149 3264 translatum,
1172 3211 1276 3269 puerum

200 3297 217 3351 2
230 3299 350 3355 vixdum
367 3297 542 3369 libertatem,
557 3299 661 3355 nedum
675 3298 901 3355 dominationem
918 3300 1031 3357 modice
1045 3299 1181 3357 laturum.
1216 3300 1275 3356 llam

230 3412 363 3473 aetatem,
399 3402 429 3458 id
456 3402 602 3478 ingenium
633 3412 743 3461 tutores
771 3413 861 3479 atque
887 3405 972 3462 amici
994 3406 1033 3462 ad
1053 3405 1275 3481 praecipitandun

230 3508 258 3564 in
286 3509 384 3565 omnia
410 3507 482 3566 vitia
508 3518 690 3583 acceperunt.
754 3509 826 3582 Quae
856 3510 899 3567 ita
924 3509 1024 3568 futura
1052 3519 1179 3568 cernens
1199 3509 1275 3565 Hiero

230 3612 331 3670 ultima
357 3622 473 3671 senecta
506 3613 634 3670 voluisse
661 3614 765 3672 dicitur
796 3616 903 3674 liberas
932 3615 1093 3692 Syracusas
1120 3615 1274 3688 relinquere

231 3721 341 3776 nesab
373 3721 523 3777 dominatu
545 3718 648 3794 puerili
669 3736 722 3793 per
742 3719 898 3780 ludibrium
928 3721 1013 3779 bonis
1040 3721 1152 3778 artibus
1174 3730 1273 3796 partun

200 3817 433 3900 3flrmatumque
450 3825 580 3882 interiret
598 3843 729 3900 regnum.
774 3825 852 3883 Huic
873 3828 994 3886 consilio
1016 3828 1078 3886 eins
1100 3845 1210 3884 summa
1228 3842 1272 3898 ope

230 3928 366 3986 obstitere
398 3931 480 4000 filiae,
516 3948 621 3986 nomen
655 3931 765 4004 regium
797 3950 886 4005 penes
916 3950 1036 4007 puerum
1059 3931 1186 3990 futurum
1204 3940 1270 3988 rats.
