2700 4426
432 203 510 260 pater
527 210 627 262 xxlv.
664 212 712 275 (A.
726 210 774 261 ch.
788 212 860 276 ara.)
1077 217 1128 272 191

112 393 257 450 Samnites
280 396 317 452 ad
339 389 522 469 populandos
549 413 636 469 agros
658 373 894 470 recipiendasque
917 397 1014 466 armis,
1042 415 1105 470 qum
1127 397 1175 454 de-

111 497 249 568 fecerant,
271 500 357 556 urbes
375 501 525 575 processit.
569 499 717 558 Caudinus
733 500 847 559 Samnis
859 502 980 576 'gravius
995 500 1175 559 devastatus:
1189 506 1205 560 4

111 605 222 678 perusti
244 605 302 662 late
326 605 399 680 agri,
420 605 525 680 praedae
546 581 689 680 pecudum
718 607 924 680 hominumque
953 615 1038 674 actae;
1067 607 1205 681 oppidai)

111 711 141 766 vi
164 719 250 784 capta
272 709 479 784 Compulteria,
501 710 627 780 Telesia,
650 709 778 785 Compsa
803 711 879 779 inde,
904 710 1046 786 Fugifulae
1068 720 1097 767 et
1118 711 1174 770 Or-

111 815 251 871 bitanium
274 834 311 871 ex
335 815 472 884 Lucania,
502 815 617 872 Blanda
642 825 670 872 et
691 815 855 890 Apulorum
877 817 961 872 AEcae
990 826 1173 891 oppugnatae.

110 908 205 977 Millia
226 922 352 978 hostium
375 920 403 976 in
424 920 471 976 his
492 920 611 976 urbibus
634 920 878 994 vigintiquinque
898 930 984 996 capta
1006 931 1056 977 aut
1078 922 1205 979 occisass

111 1033 140 1080 et
166 1026 272 1099 recepti
300 1026 430 1100 perfugae
455 1025 573 1081 trecenti
600 1026 796 1100 septuaginta3
828 1045 901 1100 quos
928 1046 1016 1101 quum
1048 1029 1173 1084 Romam

110 1129 236 1186 misisset
255 1131 370 1201 consul,
397 1113 486 1206 virgis
508 1132 537 1188 in
564 1132 680 1188 comitio
703 1131 769 1188 caesi
791 1149 890 1188 omnes
913 1149 947 1186 ac
970 1132 1005 1188 de
1027 1150 1100 1189 saxo
1122 1134 1173 1189 de-

109 1234 185 1295 iecti.
237 1237 309 1294 Hoec
332 1255 350 1290 a
380 1235 416 1307 Q.
438 1236 541 1292 Fabio·
556 1237 633 1293 intra
654 1254 763 1311 paucos
792 1237 853 1292 dies
875 1246 972 1311 gesta3
1003 1238 1203 1295 Marcellum7

110 1341 149 1396 ab
171 1341 307 1414 gerundis
328 1341 414 1397 rebus
441 1341 577 1399 valetudo
606 1343 730 1398 adversa
751 1342 836 1398 Nolae
858 1341 956 1397 tenuit.
999 1342 1039 1399 Et
1061 1363 1079 1400 a
1100 1344 1205 1417 pra-8

67 1431 74 1439 “
109 1424 175 1501 tore
207 1444 242 1517 Q.
270 1420 380 1514 Ilabio,
414 1447 460 1503 cui
492 1447 568 1503 circa
601 1446 753 1503 Luceriam
781 1447 932 1522 provincia
964 1458 1042 1516 erat,
1071 1451 1174 1505 Acuca

110 1549 249 1623 oppidum
278 1569 332 1624 per
358 1568 407 1607 eos
437 1551 498 1608 dies
532 1553 561 1609 vi
591 1561 722 1626 captum,
755 1554 919 1627 stativaque
950 1552 988 1608 ad
1018 1553 1173 1610 Ardaneas
1220 1589 1222 1592 <

109 1654 297 1712 communita.

194 1759 273 1815 Dum
288 1761 349 1816 baec
362 1760 392 1817 in
407 1760 471 1817 aliis
485 1761 556 1816 locis
571 1762 608 1818 ab
624 1763 764 1819 Romanis
779 1773 925 1838 geruntur,
940 1764 998 1819 iam
1013 1763 1172 1820 Tarentum
1188 1763 1205 1817 9

109 1874 283 1938 pervenerat
304 1865 453 1922 Hannibal
479 1883 543 1921 cum
567 1867 696 1922 maxima
727 1868 870 1935 omnium,
898 1885 1070 1941 quacunque
1091 1868 1173 1937 ierat,

109 1958 207 2039 clade;
240 1970 269 2026 in
297 1971 456 2027 Tarentino
490 1971 616 2027 demum
638 1989 709 2045 agro
742 1980 876 2046 pacatum
906 1971 1038 2028 incedere
1069 1990 1173 2048 agmen
1190 1975 1226 2028 11)

109 2074 205 2149 coepit.
257 2074 338 2131 Nihil
367 2076 408 2132 ibi
430 2075 570 2132 violatum
598 2093 692 2148 neque
720 2095 841 2149 usquam
873 2077 922 2132 via
949 2095 1098 2134 excessum
1121 2088 1173 2147 est,

110 2180 339 2254 apparebatque,
361 2199 419 2236 non
440 2181 470 2236 id
486 2180 627 2237 modestia
650 2181 770 2238 militum
793 2191 844 2238 aut
866 2181 955 2251 ducis,
975 2183 1029 2238 'sed
1051 2183 1089 2238 ad
1104 2202 1172 2240 con·

87 2284 250 2342 'ciliandos
279 2286 390 2362 animos
416 2286 641 2365 Tarentinorum
678 2287 749 2346 fieri.
799 2285 933 2344 Ceterum
962 2304 1050 2361 quum
1081 2307 1173 2364 prope
1189 2288 1222 2342 11

110 2390 252 2447 moenibus
281 2392 480 2459 successisset,
504 2391 583 2447 nullo
611 2391 648 2447 ad
676 2401 860 2466 conspectum
888 2391 1011 2466 primum
1040 2388 1172 2467 agminia,

109 2502 142 2550 ut
162 2495 294 2565 rebatur,
324 2506 403 2552 motu
430 2495 524 2564 iacto,
555 2504 651 2552 castra
679 2498 716 2552 ab
749 2497 820 2552 urbe
846 2495 937 2551 ferme
965 2515 1068 2571 passus
1096 2499 1173 2556 mille
1223 2544 1230 2556 .

108 2600 197 2658 locat.
247 2600 378 2670 Tarenti,
400 2601 495 2656 triduo
518 2610 593 2671 ante,
617 2619 703 2674 quam
726 2600 876 2664 Hannibal
898 2601 935 2656 ad
958 2602 1063 2658 moenia
1091 2622 1172 2661 acce·
1189 2601 1226 2656 12

109 2705 204 2773 deret,
237 2724 255 2760 a
288 2707 328 2764 M.
358 2682 477 2762 Valerio
505 2714 699 2780 propraetore,
733 2706 782 2779 qui
806 2706 896 2762 'classi
924 2706 961 2763 ad
986 2705 1170 2763 Brundisium

106 2819 241 2891 praeerat,
273 2811 375 2867 missus
400 2811 443 2867 M.
472 2811 582 2879 Livius,
613 2810 736 2884 impigre
760 2812 924 2885 conscripta
945 2811 1093 2867 iuventute
1115 2810 1227 2866 dis-13

107 2888 270 2990 positisque
297 2917 334 2972 ad
356 2933 456 2972 omnes
482 2923 583 2989 portas
606 2915 739 2988 circaque
761 2934 868 2986 muros,
891 2934 1015 2990 quares
1043 2916 1171 2990 postula-

107 3020 174 3090 bat,
205 3021 393 3089 stationibus,
423 3020 469 3076 die
500 3038 534 3076 ac
555 3028 640 3076 nocte
666 3020 748 3076 iuxta
769 3022 895 3078 intentus
926 3040 1019 3095 neque
1040 3021 1171 3078 hostibus

106 3132 204 3198 neque
218 3111 329 3181 ''dubiis
362 3125 447 3181 sociis
481 3123 538 3180 loci
572 3124 726 3199 quicquam
759 3128 881 3200 praebuit
917 3128 954 3182 ad
991 3128 1169 3187 tentandum.
1231 3158 1235 3164 -

107 3231 209 3302 Quare
237 3229 337 3286 diebus
366 3228 478 3302 aliquot
500 3227 608 3286 frustra
635 3230 675 3286 ibi
698 3231 858 3305 absumptis
888 3232 1052 3301 Hannibal,
1083 3251 1169 3305 quum
1188 3229 1223 3283 14

107 3350 211 3391 eorum
226 3351 319 3400 nemo,
340 3333 390 3407 qui
406 3333 443 3388 ad
458 3332 553 3390 lacum
569 3335 681 3390 Averni
695 3354 727 3391 se
749 3337 884 3408 adissent,
907 3347 957 3394 aut
971 3337 1026 3411 ipsi
1041 3337 1171 3393 venirent

106 3445 160 3495 aut
186 3437 318 3493 nuntium
347 3436 495 3493 litterasve
526 3438 685 3509 mitterent,
719 3459 795 3496 vana
825 3443 968 3515 promissa
1001 3449 1032 3497 se
1064 3450 1171 3496 temere

106 3519 246 3599 secutum
262 3559 382 3599 cernens
405 3552 502 3599 castra
523 3543 590 3599 inde
613 3545 714 3614 movit,
735 3556 794 3601 tum
827 3563 942 3618 quoque
967 3545 1076 3602 intacto
1100 3564 1170 3618 agro
1188 3543 1226 3596 lb-

105 3647 285 3718 Tarentino,
326 3654 492 3720 quanquam
529 3648 664 3705 simulata
704 3649 806 3706 lenitas
842 3650 980 3706 nihildum
1013 3649 1171 3723 profuerat,

72 3795 75 3798 .
105 3761 206 3809 tamen
234 3771 286 3827 spe
318 3750 528 3809 labefactandae
558 3753 624 3809 fidei
652 3753 729 3809 haud
758 3753 908 3809 absistens.
962 3754 1110 3828 Salapiam
1140 3763 1171 3808 ut

106 3857 203 3926 venit,
235 3855 410 3914 frumentum
451 3876 488 3913 ex
520 3859 598 3932 agris
630 3859 832 3932 Metapontino
865 3868 952 3932 atque
984 3844 1170 3914 Heracleensi

108 3959 178 4032 (iam
206 3959 286 4017 enim
304 3970 389 4018 aestas
411 3972 516 4019 exacta
541 3970 604 4019 erat
625 3970 654 4019 et
674 3963 800 4019 hibernis
822 3963 955 4037 placebat
975 3962 1068 4038 locus)
1090 3981 1174 4019 com-
