2674 4542
311 283 370 339 210
578 279 656 328 Liber
673 275 775 362 ΧξΝ.
812 278 859 341 (Δ.
873 294 898 330 ιι.
912 293 935 330 c.
949 279 1022 342 5⁴0.)

267 473 360 522 mater
382 481 416 521 ac
438 463 626 538 Proserpina,
648 479 761 537 precor,
783 462 871 520 ceteri
892 464 990 537 superi
1015 463 1186 538 infernique
1214 465 1253 534 di,

267 573 342 628 hanc
361 571 471 639 urbem,
493 570 547 626 hos
569 577 700 625 sacratos
722 568 803 624 lacus
823 566 964 642 lucosque
985 569 1097 636 colitis,
1127 579 1163 625 ut
1193 571 1233 626 ita
1251 591 1288 626 nn

268 677 396 734 volentes
411 674 529 750 propitii
552 673 662 744 adsitis,
683 673 708 729 ai
730 672 865 743 vitanda,
888 692 946 730 non
960 671 1089 730 feranda
1111 673 1226 732 fraudis
1247 695 1289 732 catv
1325 745 1326 748 Ἴ

237 779 322 841 dhoo
345 781 456 839 consilii
479 779 620 855 capimus.
667 778 805 835 Pluribus
827 797 891 849 vos,
910 779 1024 848 milites,
1046 781 1203 849 hortarer,
1227 782 1248 837 ei
1284 808 1294 829 ιι
1325 775 1326 808 ³

267 887 387 945 armatis
407 883 555 943 dimicatio
577 882 677 940 futura
692 892 782 953 esset;
805 885 938 954 inermes,
960 883 1094 942 incautos
1119 886 1159 942 ad
1176 885 1287 942 satietat

267 991 461 1056 trucidabitis:
485 999 513 1047 et
535 988 661 1048 consulis
683 998 780 1046 castra
803 990 832 1046 in
852 989 1017 1066 propinquo
1039 999 1126 1057 sunt,
1151 1001 1192 1046 ne
1212 991 1293 1064 quid.

269 1097 435 1154 Himilcone
457 1103 485 1152 et
508 1093 795 1168 Carthaginiensibus
817 1095 911 1151 timeri
932 1096 1054 1170 possit.“

172 1185 217 1255 39
352 1201 402 1259 Ab
431 1202 486 1258 hac
517 1199 720 1256 adhortatione
748 1197 857 1255 dimissi
889 1219 1013 1275 corpora
1042 1209 1159 1259 curant.
1216 1201 1268 1256 Por

268 1307 315 1364 die
332 1307 388 1370 ,alii
410 1305 474 1363 aliis
495 1305 567 1362 locis
589 1305 628 1360 ad
651 1303 810 1360 obsidenda
830 1305 935 1361 itinera
949 1287 1193 1379 claudendosque
1214 1323 1297 1379 oppa
1326 1283 1327 1296 ἵ

267 1413 375 1479 exitum
395 1430 465 1486 pars
487 1411 617 1468 maxima
638 1428 726 1484 snper
746 1410 891 1466 theatrum
917 1411 1061 1484 circaque,
1084 1412 1201 1466 assueti
1223 1421 1248 1466 et
1266 1427 1292 1464 an

236 1507 431 1593 2apectaculo
461 1517 644 1584 contionum,
673 1514 842 1573 consistunt.
891 1515 1056 1572 Productus
1087 1516 1128 1570 ad
1158 1516 1285 1590 populum

266 1620 483 1696 magistratibus
505 1619 658 1696 praefectus
681 1621 832 1677 Romanus
855 1638 942 1693 quum
966 1617 1108 1676 consulis·x
1119 1621 1159 1677 de
1182 1641 1218 1677 ea
1239 1619 1288 1676 rei

266 1745 301 1783 ac
322 1734 495 1801 potestatem
518 1743 590 1794 csse,
612 1744 669 1781 non
695 1743 787 1792 suam,
810 1733 838 1781 et
852 1725 992 1800 pleraque
1007 1724 1122 1791 eadem,
1147 1741 1214 1799 quae
1234 1723 1294 1798 pridi

236 1829 395 1898 3dixisset,
417 1838 446 1887 et
467 1830 561 1905 primo
587 1828 695 1886 sensim
719 1847 753 1886 ac
772 1831 869 1905 plures
890 1829 1011 1886 reddere
1034 1828 1151 1897 claves,
1181 1830 1246 1884 dein
1270 1827 1297 1882 ia

265 1956 323 1995 una
344 1955 417 1993 voce
438 1936 469 1992 id
498 1952 598 1992 omnes
627 1935 759 1991 iuberent
785 1934 988 2007 cunctantique
1017 1943 1047 1989 et
1081 1931 1231 1991 different-i
1256 1933 1297 1989 fw

266 2044 336 2101 citer
356 2043 558 2098 minitarentur
587 2057 640 2097 nec
662 2039 828 2096 viderentur
855 2039 931 2095 ultra
960 2035 1019 2094 vim
1048 2037 1185 2095 ultimam
1210 2039 1282 2095 dilat

235 2146 325 2206 trum
347 2145 500 2222 proefectua
522 2153 593 2220 toga
616 2145 743 2219 signum,
772 2154 805 2200 ut
826 2152 1014 2214 convenerat,
1042 2145 1139 2213 dedit,
1172 2145 1294 2201 milites·¹

265 2251 366 2309 intenti
395 2251 503 2307 dudum
541 2269 576 2308 ec
603 2249 699 2325 parati
722 2250 772 2306 alii
800 2268 923 2325 superne
951 2252 979 2305 ia
1008 2267 1145 2306 aversam
1170 2249 1297 2306 contion

265 2359 392 2416 clamore
414 2357 528 2412 sublato
553 2356 724 2425 decurrunt,
753 2355 801 2411 alii
825 2355 862 2411 ad
885 2355 979 2411 exitus
1006 2355 1113 2411 theatri
1137 2354 1258 2412 conferti
1276 2373 1297 2407 οι

234 2461 377 2520 deistunt.
425 2459 582 2518 Caeduntur
612 2461 783 2517 Hennenses
811 2479 902 2518 cavea
931 2459 1033 2517 inclusi
1062 2469 1295 2542 coacervanturq

264 2586 321 2624 non
349 2565 427 2622 caede
448 2565 557 2633 solum,
591 2565 752 2621 sedetiam
775 2565 863 2640 fuga,
894 2584 981 2640 quum
1010 2567 1062 2622 alii
1089 2583 1183 2640 super
1212 2565 1299 2621 aliom

264 2671 361 2746 capita
395 2678 511 2727 ruerent
552 2679 578 2725 et
615 2668 720 2743 integri
752 2670 872 2738 sauciis,
911 2670 971 2726 vivi
1008 2670 1132 2727 mortuis
1173 2671 1298 2728 incident

234 2775 486 2835 hcumularentur.
530 2774 603 2831 Inde
624 2773 732 2848 passim
755 2773 937 2844 discurritur,
967 2785 995 2832 et
1023 2776 1104 2832 urbis
1128 2783 1225 2850 capta
1245 2791 1306 2830 mm

263 2880 391 2957 fugaque
414 2891 441 2938 et
463 2881 556 2937 caedes
579 2879 677 2936 omnia
704 2885 795 2946 tenet,
824 2877 914 2935 nihilo
941 2879 1108 2936 remissiore
1132 2878 1281 2937 militumi

265 2988 343 3063 quod
366 2989 480 3045 turbam
503 2986 642 3042 inermem
675 2983 838 3054 caedebant,
867 3003 955 3057 quam
983 2985 1008 3040 si
1035 2984 1199 3058 periculum
1229 3002 1301 3058 par

234 3092 352 3148 'tardor
373 3090 537 3148 certaminis
558 3106 608 3145 eos
622 3088 758 3147 irritaret.
802 3089 850 3145 Ita
870 3089 977 3145 Henna
993 3097 1044 3145 aut
1058 3089 1138 3146 malo
1161 3098 1214 3146 aut
1235 3105 1292 3144 nece

264 3197 342 3253 sario
363 3195 493 3253 facinore
514 3201 637 3253 retenta.
1308 3212 1314 3241 ι

347 3281 503 3358 Marcellus
525 3317 578 3354 nec
602 3297 711 3354 factum
733 3297 910 3371 improbavit
929 3306 958 3354 et
978 3297 1107 3372 praedam
1130 3297 1314 3354 Hennensium

265 3405 402 3464 militibus
420 3405 571 3472 concessit,
601 3412 683 3460 ratus
702 3403 806 3459 timore
827 3402 980 3459 deterritos
1006 3411 1207 3477 temperaturos
1235 3399 1311 3478 prod'r

235 3507 391 3588 8tionjbus
412 3510 613 3585 praesidiorum
646 3507 768 3566 Siculos.
814 3509 913 3581 Atque
941 3527 976 3564 ea
1000 3507 1116 3574 clades,
1146 3517 1179 3564 ut
1202 3504 1311 3565 urbisin

264 3616 361 3673 media
375 3615 475 3674 Sicilia
496 3617 558 3672 sitas
573 3615 716 3688 claraeque
736 3611 784 3667 vel
799 3611 836 3666 ob
855 3610 995 3684 insignem
1011 3611 1191 3669 munimento
1206 3608 1312 3669 naturali

263 3720 359 3777 locum
384 3719 431 3775 vel
453 3721 491 3777 ob
514 3727 630 3777 sacrata
652 3718 750 3774 omnia
771 3715 900 3790 vestigiis
927 3725 1019 3788 raptae
1040 3717 1189 3789 quondam
1210 3719 1312 3775 Proser·

234 3825 348 3900 9pinae,
371 3843 463 3900 prope
485 3844 543 3882 uno
567 3823 621 3884 die,
636 3840 749 3879 omnem
773 3819 901 3879 Siciliam
926 3820 1066 3895 pervasit,
1096 3830 1125 3878 et
1154 3823 1225 3895 quia
1254 3819 1312 3878 cade

264 3930 384 3987 infanda
415 3932 554 3987 rebantur
583 3947 642 3984 non
674 3926 822 3983 bominum
852 3934 978 3994 tantum,
1011 3926 1062 3982 sed
1095 3927 1179 3982 etiam
1212 3928 1312 3984 deorum
