2700 4426
359 154 436 205 niter
452 151 579 202 xxvrn.
616 151 661 218 (a,
675 148 808 214 creos.)
1009 155 1064 211 137

53 340 134 415 prior
161 339 329 396 Hasdrubal
358 339 388 395 in
415 337 504 395 aciem
533 337 632 412 copias
660 337 773 410 eduxit,
810 338 912 396 deinde
934 345 963 395 et
984 338 1109 398 Romani

54 463 234 521 processere3
271 447 322 502 sed
350 456 472 519 utraque
501 444 577 502 acies
607 463 661 520 pro
688 445 767 503 vallo
792 445 870 502 stetit
890 446 1044 516 instructa,
1081 440 1138 502 et2

55 569 143 625 quum
173 552 209 608 ab
242 552 349 608 neutris
381 569 479 626 pugna
507 561 602 626 coepta
630 562 720 624 esset,
748 553 807 611 iam
835 553 881 610 die
909 552 946 608 ad
963 569 1109 631 occasum

54 655 219 726 inclinante,
244 676 262 714 a
283 659 376 715 Poeno
399 657 488 732 prius,
510 657 612 714 deinde
633 661 672 716 ab
695 662 829 717 Romano
851 659 881 724 iu
906 666 1002 716 castra
1021 657 1111 732 copiae

54 762 188 819 reductae.
230 764 297 821 Hoc
324 764 399 820 idem
429 781 482 837 per
508 763 569 819 dies
597 763 708 838 aliquot
728 765 847 826 factum.
890 764 976 823 Prior
999 757 1140 839 semper3

54 869 163 925 Poenus
193 870 292 944 copias
321 870 422 927 castris
449 870 602 940 educebat,
635 870 716 946 prior
751 870 835 928 fessis
865 870 969 927 stando
998 870 1112 945 signum

54 975 183 1048 receptui
213 975 316 1047 dabat3
349 976 387 1033 ab
417 983 519 1033 neutra
549 985 633 1051 parte
653 996 822 1052 procursum
846 977 971 1034 telumve
993 975 1111 1032 missum

56 1090 108 1139 aut
142 1101 202 1139 vox
239 1082 299 1139 ulla
331 1091 403 1140 orta.
465 1083 592 1139 Mediam
632 1082 723 1138 aciem
758 1082 825 1140 hine
857 1083 1000 1154 Romani,
1035 1075 1141 1140 illinc4

56 1186 309 1263 Carthaginienses
331 1187 413 1244 mixti
434 1186 526 1260 Afris,
548 1205 657 1245 cornua
671 1187 741 1244 socii
758 1189 893 1246 tenebant
910 1189 1005 1263 (crant
1016 1196 1111 1247 autem

55 1294 185 1369 utrisque
205 1295 357 1370 Hispani);
379 1313 432 1369 pro
454 1293 588 1350 cornibus
609 1303 676 1350 aute
695 1294 837 1351 Punicam
859 1295 949 1352 aciem
968 1294 1113 1370 elephanti

56 1399 239 1456 castellorum
256 1399 367 1476 procul
394 1401 518 1475 speciem
546 1400 723 1474 praebebant.
767 1400 832 1456 lam
855 1400 962 1459 hocin
984 1392 1142 1474 utrisque5

56 1506 158 1562 castris
180 1507 320 1564 sermonis
344 1516 421 1576 erat,
456 1507 513 1571 ita,
538 1514 570 1561 ut
589 1505 719 1563 instructi
740 1508 895 1573 stetissent,
916 1513 1111 1580 pugnaturos3

57 1612 167 1668 medias
189 1612 281 1681 acies,
308 1615 472 1670 Romanum
495 1613 691 1685 Poenumque,
727 1629 800 1685 quos
830 1611 904 1668 inter
935 1610 1003 1667 belli
1024 1629 1113 1668 causa

57 1727 143 1787 esset,
164 1718 229 1792 pari
250 1719 356 1780 robore
377 1719 537 1775 animorum
557 1735 761 1792 armorumque
780 1734 978 1774 concursuros.
1015 1708 1143 1790 Scipioss

57 1822 108 1880 ubi
139 1823 200 1879 haec
238 1825 381 1882 obstinate
418 1822 494 1891 credi
533 1821 749 1893 animadvertit,
782 1823 879 1879 omnia
908 1822 945 1878 de
973 1822 1114 1879 industria

57 1929 88 1985 in
122 1948 187 1985 eum
224 1930 319 2000 diem,
355 1948 412 2003 quo
441 1937 621 2003 pugnaturus
652 1938 730 1998 erat,
766 1927 897 1985 mutavit.
957 1921 1142 1984 Tesseram7

59 2037 172 2111 vesperi
200 2055 253 2111 per
281 2043 377 2090 castra
407 2034 501 2102 dedit,
537 2036 569 2089 ul
598 2043 664 2090 ante
684 2033 776 2090 lucem
798 2033 854 2092 viri
877 2033 1000 2108 equique
1022 2033 1114 2090 curati

60 2152 85 2199 at
110 2142 210 2218 pransi
237 2149 346 2211 essent,
377 2149 505 2197 armatus
527 2156 615 2212 eques
637 2136 765 2196 frenatos
788 2139 983 2214 instratosque
1006 2146 1115 2195 teneret

59 2267 159 2323 equos.
203 2248 331 2306 Vixdum
357 2247 428 2304 satis
456 2254 536 2303 certa
564 2243 627 2302 luce
654 2245 811 2319 equitatum
835 2237 952 2302 omnem
971 2264 1035 2302 cum
1057 2242 1145 2301 levid

59 2364 208 2412 armatura
236 2355 265 2411 in
296 2353 433 2410 stationes
464 2351 591 2411 Punicas
623 2351 753 2419 immisit3
785 2351 853 2409 inde
881 2350 1030 2407 confestim
1053 2351 1114 2426 ipse

59 2478 125 2516 curn
149 2460 231 2532 gravi
254 2459 367 2532 agmine
387 2458 531 2533 legionum
553 2457 698 2532 procedit,
720 2468 824 2533 praeter
843 2456 1005 2532 opinionem
1029 2455 1145 2514 desti-9

61 2573 160 2619 natam
190 2582 307 2620 suorum
333 2564 515 2637 hostiumque
543 2566 676 2622 Romano
705 2564 794 2621 milite
825 2563 958 2620 cornibus
987 2563 1117 2632 firmatis,

63 2668 147 2726 sociis
168 2669 198 2724 in
220 2665 342 2722 mediam
361 2667 451 2724 aciem
476 2671 609 2744 acceptis.
652 2670 821 2726 Hasdrubal
842 2669 968 2726 clamore
989 2668 1117 2741 equitum
1132 2669 1168 2723 tc

63 2775 202 2832 excitatus
224 2783 256 2829 ut
275 2791 311 2829 ex
332 2773 517 2831 tabernaculo
532 2775 674 2850 prosiluit,
698 2774 908 2847 tumultumque
925 2783 992 2830 ante
1010 2774 1116 2831 vallum

63 2892 91 2939 et
117 2880 336 2955 trepidationem
365 2897 481 2936 sucrum
515 2889 544 2937 et
573 2879 674 2955 procul
700 2880 783 2954 signa
812 2878 956 2953 legionum
978 2877 1118 2953 fulgentia

61 2988 220 3062 plenosque
236 2985 361 3041 hostium
384 3003 503 3059 campos
524 2985 611 3053 vidit,
642 2985 800 3059 equitatum
831 2973 944 3041 omnem
971 2984 1116 3060 extemplo

61 3094 91 3149 in
113 3092 223 3166 equites
245 3091 360 3158 emittit3
382 3091 444 3166 ipse
467 3110 531 3148 cum
554 3091 681 3166 peditum
706 3091 820 3166 agmine
843 3091 945 3148 castris
964 3092 1117 3166 egreditur,
1133 3091 1164 3145 ll
1263 3142 1264 3146 ,

62 3218 115 3256 nec
142 3218 178 3255 ex
206 3196 306 3253 ordine
324 3195 409 3252 solito
435 3196 588 3270 quicquam
611 3195 673 3251 acie
694 3196 861 3253 instruenda
882 3206 983 3254 mutat.
1024 3195 1169 3271 Equi-12

64 3315 123 3361 tum
152 3305 211 3361 iam
241 3302 289 3359 diu
320 3320 426 3376 anceps
452 3320 550 3377 pugna
577 3309 660 3372 erat,
692 3321 744 3360 nec
774 3303 839 3377 ipsa
865 3322 917 3377 per
946 3322 976 3360 se
1005 3288 1138 3360 decerlri.

64 3418 194 3484 poterat,
232 3409 300 3482 quia
322 3408 427 3484 pulsis,
462 3408 540 3482 quqd
561 3427 651 3482 prope
672 3408 702 3464 in
723 3408 815 3466 vicem
836 3409 939 3479 fiebat,
974 3411 1004 3466 in
1028 3411 1118 3467 aciem

66 3513 195 3587 peditum
217 3523 294 3570 tutus
316 3524 448 3589 receptus
470 3523 544 3583 erat,
571 3515 621 3570 sed
643 3514 693 3571 ubi
714 3514 772 3570 iam
793 3513 872 3570 haud
894 3514 958 3590 plus
981 3516 1119 3590 quingen·
1136 3513 1170 3569 13

67 3630 113 3676 tos
140 3637 244 3693 passus
269 3619 345 3676 acies
371 3619 446 3676 iuter
468 3638 531 3676 sese
553 3621 687 3690 aberant,
709 3621 792 3694 signo
814 3617 943 3694 receptui
966 3618 1034 3674 dato
1057 3618 1118 3676 Sci-

66 3727 116 3801 pio
152 3723 361 3800 patefactisque
401 3724 572 3794 ordinibus,
622 3727 780 3800 equitatum
822 3743 935 3781 omuem
970 3723 1120 3799 levemque

66 3840 245 3889 armaturam
277 3829 306 3886 in
334 3831 459 3889 medium
489 3841 636 3906 acceptam
672 3832 850 3907 divisamque
878 3832 908 3889 in
929 3838 1026 3904 partes
1048 3831 1120 3887 duas

65 3939 95 3996 in
127 3937 261 3996 subsidiis
295 3945 362 4011 post
397 3954 506 3995 cornua
537 3937 623 3994 locat.
670 3937 751 4008 Inde,
784 3937 833 3994 ubi
868 3936 1036 4011 incipiendae
1062 3937 1120 3993 iam
1136 3937 1171 3992 14
