2704 4552
279 188 317 246 88
509 185 586 235 Liber
603 184 691 236 xxn.
729 185 776 248 (A.
790 200 816 239 ιι.
830 199 853 234 c.
867 184 1030 249 hamas.)

236 370 306 444 quia
327 377 497 444 exspectare
518 367 620 426 territa
640 369 699 426 iam
721 368 804 426 clade
833 368 936 426 civitas
957 377 1176 444 nonpossint,
1206 364 1277 424 eod

236 491 352 532 cursum
371 491 448 544 esse,
480 483 512 530 ut
542 494 560 531 a
581 473 690 549 populo
712 481 873 543 crearetur,
901 473 952 548 qui
971 491 1025 548 pro
1048 473 1201 530 dictatore
1230 496 1282 519 κεν

187 585 220 640 ll
236 599 283 638 res
303 579 371 637 inde
392 587 490 654 gestas
511 579 693 655 gloriamque
714 579 856 654 insignem
878 578 959 636 ducis
982 588 1011 636 et
1031 588 1178 654 angentes
1198 575 1288 634 atuh:

236 685 371 761 imaginis
393 693 537 760 posteros,
559 695 600 754 ut,
623 683 673 758 qui
697 702 752 758 pro
774 684 916 742 dictatore
930 685 1041 758 ficisset,
1064 684 1193 740 dictator
1215 682 1287 739 cred

157 765 163 777 ¹
236 801 325 860 retur,
347 788 434 848 facile
456 789 621 848 obtinuisse.
1210 769 1213 776 ¹

142 891 186 961 32
321 893 462 953 Consules
493 893 602 951 Atihus
624 893 776 962 Fabiano,
805 891 947 952 Geminus
975 895 1115 954 Servilius
1137 893 1296 952 Minuciae

237 1001 365 1059 exermtu
396 1007 532 1074 accepto,
563 998 757 1056 hibernaculis
781 1006 895 1057 mature
921 999 1115 1068 communitis,
1144 1000 1227 1074 quod
1248 998 1302 1054 reli·

238 1125 326 1182 quum
349 1105 479 1163 autumni
502 1113 581 1174 erat,
609 1103 698 1162 Fabii
720 1104 831 1164 artibus
859 1122 924 1161 cum
947 1123 1062 1162 summa
1082 1104 1159 1163 inter
1182 1123 1218 1162 se
1241 1121 1309 1160 com·

207 1211 339 1270 2cordia
374 1210 481 1268 bellum
514 1217 674 1286 gesserunt.
736 1210 957 1268 Frumentatnm
994 1211 1111 1268 exeunti
1145 1207 1300 1268 Hannibali

238 1317 360 1374 diversis
381 1316 453 1374 locis
484 1316 641 1391 opportuni
670 1316 806 1385 aderant,
832 1323 983 1389 carpentes
1005 1333 1111 1390 agmen
1133 1315 1300 1391 palatosque

238 1423 428 1498 excipientem
462 1420 492 1476 in
521 1439 621 1478 casum
653 1421 795 1478 universae
824 1417 1026 1488 dimicationis,
1057 1439 1145 1496 quam
1172 1419 1298 1478 omnibus

208 1527 349 1585 3artibus
370 1527 488 1601 petebat
508 1525 610 1596 hostis,
632 1545 689 1584 non
712 1525 876 1592 veniebant,
899 1541 992 1597 eoque
1013 1524 1120 1600 inopiae
1141 1535 1187 1584 ast
1207 1525 1298 1584 redac-

238 1645 284 1692 tus
306 1632 470 1700 Hannibal,
499 1639 539 1699 ut,
568 1631 624 1688 nisi
652 1648 717 1688 cum
744 1629 822 1706 fugae
842 1629 939 1704 specie
960 1631 1126 1688 abeundum
1149 1632 1175 1688 ei
1198 1631 1297 1696 fuisset,

239 1737 368 1797 Galliam
395 1735 570 1810 repetiturus
603 1735 699 1808 fuerit,
731 1736 812 1792 nulla
840 1734 942 1792 relicta
962 1753 1014 1809 spe
1042 1736 1140 1793 alendi
1164 1734 1298 1793 exercitus

238 1844 268 1899 in
297 1843 339 1900 eis
365 1842 454 1910 locis,
487 1840 513 1896 si
539 1840 722 1914 insequentes
751 1841 885 1898 consules
918 1840 1027 1898 eisdem
1061 1840 1174 1898 artibus
1201 1839 1296 1897 bellum

239 1957 382 2023 gererent.

210 2049 227 2102 4
325 2051 421 2124 Quum
451 2053 489 2108 ad
522 2051 700 2110 Gereonium
731 2051 790 2108 iam
805 2051 907 2107 ¹hierna
927 2049 1102 2125 impediente
1134 2049 1295 2107 constitisset

142 2179 147 2188 ·
240 2157 362 2226 bellum,
391 2155 581 2231 Neapolitani
611 2156 701 2230 legati
727 2157 852 2215 Romam
877 2174 993 2213 venere.
1037 2158 1086 2214 Ab
1116 2156 1152 2214 iis
1179 2155 1294 2230 quadra·

240 2262 321 2337 ginta
348 2268 457 2335 paterae
484 2279 579 2318 aureae
609 2262 707 2336 magni
734 2261 870 2336 ponderis
898 2262 928 2318 in
959 2261 1068 2318 curiam
1096 2261 1185 2318 illata
1218 2267 1294 2332 atque

211 2367 282 2423 bita
303 2367 394 2422 verba
408 2365 497 2434 facta,
519 2374 551 2422 ut
572 2366 708 2436 dicerent,
730 2367 805 2423 scire
825 2385 899 2436 sese,
921 2366 1154 2442 populillomaui
1173 2364 1292 2424 erarium

241 2472 318 2528 bello
341 2470 498 2540 exhauriri,
514 2480 550 2540 et,
573 2489 662 2545 quum
683 2472 766 2527 iuxta
779 2490 834 2546 pro
856 2471 977 2529 urbibus
1003 2472 1141 2546 agrisque
1162 2471 1293 2529 socimum

242 2593 276 2632 aa
297 2593 351 2650 pro
374 2575 469 2649 capite
492 2585 579 2650 atque
602 2594 669 2634 arce
691 2576 794 2645 ltaliae,
816 2577 888 2633 urbe
908 2578 1052 2647 Romana,
1075 2587 1164 2652 atque
1184 2572 1292 2651 imperio

210 2683 368 2756 bgeratur,
390 2697 504 2753 aequum
527 2680 674 2738 censuisse
695 2680 923 2755 Neapolitanos,
954 2684 1032 2756 quod
1054 2683 1118 2740 auri
1140 2683 1196 2740 eibi
1216 2694 1292 2754 quum

179 2832 182 2840 ,
241 2786 278 2842 ad
293 2784 466 2860 templorum
489 2794 633 2855 ornatum,
655 2793 715 2841 tum
738 2785 775 2841 ad
797 2785 955 2842 subsidium
976 2785 1101 2844 fortunae
1116 2807 1135 2845 a
1149 2785 1292 2844 maioribus

210 2891 370 2949 7relictum
383 2890 477 2962 -foret,
500 2910 535 2948 eo
558 2890 659 2948 iuvare
680 2892 819 2966 populum
835 2893 1010 2952 Romanum.
1055 2891 1087 2950 Si
1110 2911 1197 2966 quam
1219 2904 1292 2964 opem

240 2997 270 3053 iu
303 3015 367 3053 sese
396 2996 560 3065 crederent,
592 2995 693 3052 eodem
722 2996 819 3052 studio
848 2995 939 3054 fuisse
967 2997 1126 3054 oblaturos.
1182 2996 1291 3054 Gratum

241 3102 296 3159 sibi
331 3111 430 3176 patres
460 3102 611 3160 Romanos
644 3101 843 3176 populumque
877 3099 1037 3170 facturum,
1072 3101 1097 3158 si
1129 3118 1227 3159 omues
1255 3111 1291 3153 res

210 3205 502 3280 8Neapolitanorum
532 3223 600 3262 suas
632 3205 797 3275 duxissent,
833 3205 996 3280 dignosque
1027 3205 1232 3273 iudicaverint,
1262 3200 1290 3256 ab

241 3312 346 3386 quibus
368 3311 474 3368 donum
499 3311 596 3367 animo
619 3329 653 3368 ac
677 3310 828 3368 voluntate
850 3329 959 3379 eorum,
982 3311 1032 3384 qui
1053 3310 1177 3368 libentes
1196 3309 1289 3368 duent

210 3418 329 3490 9quam
357 3415 503 3472 remeius
534 3416 716 3490 ampliusque
742 3416 915 3490 acciperent.
963 3415 1083 3490 Legatis
1112 3413 1215 3490 gratier
1234 3418 1290 3468 acta

241 3539 295 3597 pro
318 3520 512 3577 munificentia
536 3539 677 3594 curaque;
704 3530 822 3594 patera,
851 3501 915 3594 quae
944 3521 1081 3594 ponderis
1112 3517 1223 3576 minimi
1241 3512 1289 3572 fuit.

243 3637 372 3701 accepta.

146 3705 191 3793 33
326 3733 386 3788 Per
418 3731 535 3788 eosdem
573 3730 633 3786 dies
670 3729 837 3804 speculator
871 3727 1134 3803 Carthaginiensis,
1172 3727 1221 3804 qui
1250 3739 1289 3800 par
1338 3722 1339 3733 ¹

243 3836 389 3894 biennium
425 3834 583 3904 fefellerat,
619 3836 721 3892 Romae
758 3834 916 3908 deprensus
952 3834 1137 3909 praecisisque
1175 3833 1288 3892 manibus

212 3939 387 4010 2dimissne,
410 3951 438 3996 et
460 3939 537 3996 servi
559 3939 686 4012 quinque
708 3949 737 3996 et
758 3939 860 4014 viginti
881 3940 911 3995 in
933 3957 1046 3996 erucem
1074 3939 1146 4009 acti,
1179 3935 1288 4015 quadiu
