2704 4552
276 183 332 240 126
452 249 458 256 .
539 179 617 228 Liber
634 179 741 232 ΧΧΙῙΙ.Ι
774 178 822 242 (Δ.
835 193 859 227 ιι.
876 192 898 230 o.
912 177 983 240 5³8.)

232 360 427 420 Hannibalem
458 369 542 435 pater
569 361 629 418 filio
654 377 719 418 tneo
741 361 824 436 potui
851 361 983 436 planare,
1015 359 1109 416 filium
1137 355 1306 416 Hannibali
1340 373 1341 406 ι

204 471 291 524 buon
312 464 451 540 possum?
473 465 531 524 Sed
552 465 590 522 sit
610 465 682 522 nihil
702 465 809 533 saneti,
830 483 889 520 nou
910 465 992 534 fides,
1016 481 1076 520 non
1098 459 1227 538 religio,
1250 479 1305 518 non
1340 477 1341 514 ι

233 573 341 647 pietss3
363 571 524 632 audeantur
544 569 674 640 infanda,
698 570 723 626 si
737 587 794 626 non
816 570 972 644 perniciem
993 568 1080 624 nobis
1102 585 1171 626 oum
1194 567 1306 624 scelere

204 676 338 733 bierunt
376 676 461 734 Unus
482 689 672 750 aggressurus
696 692 727 730 es
742 673 958 731 Hannibalem?
981 672 1059 745 Quid
1080 671 1134 728 ille
1148 673 1245 729 turba
1266 681 1305 728 tot
1340 689 1341 724 ι

234 781 390 838 liberorum
413 778 640 852 servorumque?
672 777 741 853 quid
763 779 793 835 in
814 797 902 836 unum
924 777 1025 834 intenti
1047 778 1182 834 omnium
1208 773 1304 834 oculi?

206 885 305 961 tquid
327 891 370 939 tot
392 883 520 940 dextre?
548 892 745 958 torpescentes
768 883 798 939 in
818 883 945 940 amentia
964 881 1036 938 ille?
1063 881 1192 938 Vultum
1213 881 1305 956 ipsius
1339 920 1340 929 ι

235 988 424 1057 Hannibalis,
460 1005 546 1060 quem
568 987 673 1044 armati
694 987 838 1045 exercitus
866 989 1008 1046 sustinere
1030 995 1186 1061 nequeunt,
1218 1003 1303 1059 quem

236 1096 335 1150 horret
356 1092 481 1167 populus
496 1092 656 1159 Romanus,
677 1101 708 1148 tu
730 1089 904 1150 sustinebis?
926 1093 968 1151 Ut
982 1091 1042 1148 alia
1063 1091 1180 1148 auxilia
1203 1089 1304 1152 desint,

236 1197 398 1272 meipsum
420 1195 515 1263 ferire,
538 1213 643 1269 eorpus
664 1213 759 1252 meum
783 1203 976 1269 opponentem
998 1214 1053 1270 pro
1076 1213 1207 1270 corpore
1222 1194 1304 1250 Han·

206 1301 352 1371 Snibulis‚
374 1299 547 1358 sustinebis?
578 1301 670 1373 Atqui
691 1319 744 1374 per
765 1319 860 1358 meum
884 1309 985 1376 peetus
1008 1299 1155 1375 petendus
1181 1297 1233 1355 ille
1256 1295 1303 1353 tibi
1340 1305 1341 1314 ³

236 1405 507 1479 transfigendusque
529 1414 581 1460 est.
634 1405 692 1462 Sed
714 1405 761 1462 hie
784 1415 813 1462 te
839 1405 977 1462 deterreri
1001 1405 1063 1461 sine
1092 1403 1302 1478 potiusquam

236 1511 294 1566 illie
316 1509 400 1567 vinei.
447 1509 576 1566 Valeant
596 1529 697 1584 preces
719 1511 798 1586 apud
823 1519 853 1566 te
875 1529 960 1580 meae,
990 1509 1069 1574 ¹sieut
1087 1525 1145 1581 pro
1168 1515 1199 1563 te
1220 1505 1304 1562 bodie

207 1617 224 1670 9
238 1614 419 1671 valuerunt.“
470 1615 684 1672 Lacrimantem
699 1615 767 1672 inde
789 1617 920 1674 iuvenem
937 1632 1056 1672 cerneus
1078 1613 1213 1669 medinm
1228 1630 1303 1667 oom-

238 1720 372 1794 plectitur
416 1726 503 1792 atque
536 1720 636 1776 osonio
671 1722 783 1778 haerens
815 1739 874 1777 non
906 1730 973 1777 ante
1011 1717 1149 1793 precibus
1184 1714 1302 1774 abstitit.

239 1843 325 1898 quam
348 1824 480 1898 pervicit,
499 1833 532 1882 ut
552 1824 680 1898 gladium
702 1833 823 1899 poneret
844 1825 988 1898 fidemque
1009 1823 1111 1892 daret,
1138 1820 1216 1878 nihil
1246 1819 1302 1877 iao-

191 1929 225 1982 10
238 1939 333 1987 turum
367 1929 433 1986 tale.
496 1931 572 1986 Tum
614 1929 726 1986 iuvenis
766 1929 850 2004 „Ego
884 1929 1018 2004 quidem“
1052 1927 1158 2001 inquit,
1199 1943 1302 2000 „quam

238 2035 340 2109 petria
361 2034 452 2089 debeo
474 2033 610 2107 pietatem
618 2057 632 2102 ‚¹
655 2033 805 2091 exsolvam
829 2035 915 2109 patri.
964 2035 1062 2091 Tuam
1089 2031 1180 2089 doleo
1202 2031 1302 2088 vinem.

192 2138 223 2190 lt
242 2138 287 2194 eui
309 2146 353 2193 ter
372 2137 495 2210 proditae
515 2138 617 2211 patriae
638 2139 836 2204 sustinendum
858 2151 902 2196 est
929 2139 1051 2206 crimen,
1081 2136 1193 2205 semel,
1216 2153 1301 2210 quum

242 2240 410 2298 defectionis
438 2243 475 2298 ab
498 2243 653 2312 Romanis,
680 2241 794 2312 iterum,
824 2261 912 2316 quum
940 2241 1023 2316 panis
1045 2259 1111 2296 oum
1134 2238 1302 2298 Hannibale

240 2345 320 2403 fuisti
343 2354 454 2415 streton,
477 2346 563 2402 tertio
585 2347 686 2418 hodie,
709 2365 797 2421 quum
820 2346 1005 2404 restituendae
1025 2344 1172 2402 Romanis
1195 2342 1301 2418 Capua

193 2455 324 2510 llmora
348 2458 436 2523 atque
456 2449 691 2524 impedimentum
714 2471 753 2508 es.
796 2453 859 2523 Tu,
886 2451 997 2525 patria,
1025 2447 1147 2519 ferrum,
1171 2467 1231 2524 quo
1253 2465 1302 2522 pro

241 2565 269 2612 te
291 2563 419 2612 armatus
441 2555 516 2611 hanc
546 2574 641 2614 arcem
663 2558 788 2614 hostium
818 2556 883 2626 inii,
914 2555 1051 2630 quoniam
1073 2571 1183 2629 parens
1206 2560 1303 2610 extor-

193 2665 228 2719 13
242 2669 320 2734 quet,
340 2659 463 2732 recipe.“
509 2659 580 2716 Haee
596 2678 684 2733 quum
706 2661 836 2730 dixisset,
857 2659 986 2734 gladium
1001 2660 1031 2716 in
1052 2658 1205 2734 publicum
1226 2667 1302 2713 trans

242 2763 397 2822 maceriam
418 2761 495 2820 horti
515 2762 621 2819 ebieeit
643 2771 685 2834 et,
716 2783 773 2838 quo
795 2765 889 2822 minus
911 2783 958 2822 res
985 2773 1123 2837 suspecta
1152 2773 1247 2830 esset,
1276 2779 1303 2816 ee

240 2870 303 2943 ipse
324 2867 458 2926 convivio
481 2867 615 2928 reddidit.

147 2969 189 3038 10
326 2974 450 3030 Postero
473 2973 519 3030 die
539 2982 656 3030 senatus
676 2972 812 3046 frequens
834 2973 920 3030 datus
942 2972 1117 3040 Hannibali;
1141 2973 1192 3029 ubi
1215 2972 1304 3047 prima

244 3079 304 3134 eius
328 3077 423 3134 oratio
445 3078 605 3152 perblanda
627 3096 661 3134 ao
683 3077 809 3150 benigna
830 3076 894 3150 fuit,
925 3097 983 3152 que
1003 3076 1115 3151 gratiae
1138 3077 1201 3151 egit
1223 3075 1304 3133 Cam·

243 3181 342 3256 penis,
365 3182 444 3255 quod
466 3181 622 3238 amicitiam
644 3199 727 3237 suam
749 3182 890 3239 Romana
911 3181 1044 3240 societati
1071 3183 1304 3260 praeposuissent.

212 3287 272 3342 2et
293 3286 368 3342 inter
390 3293 486 3342 cetera
508 3285 660 3358 megrtifiou
687 3285 831 3358 promisse
856 3286 1001 3360 pollicitus
1032 3296 1085 3357 est,
1115 3286 1201 3342 brevi
1223 3295 1305 3358 ceput

243 3389 337 3446 Italiae
370 3389 448 3444 omni
475 3387 606 3464 Capuam
634 3388 698 3446 fore
727 3389 849 3463 iuraque
875 3389 942 3447 inde
972 3409 1037 3448 oum
1067 3391 1173 3447 ceteris
1193 3389 1305 3464 populis

214 3496 409 3562 3Romanum
441 3493 526 3550 etism
559 3493 724 3567 petiturum.
783 3495 881 3554 Unum
918 3512 981 3551 esse
1013 3503 1160 3552 exsortem
1189 3493 1305 3550 Punica

245 3597 378 3656 amicitia
398 3595 573 3671 foederisqne
595 3615 691 3654 seeum
713 3597 793 3666 laeti,
817 3616 902 3671 quem
924 3616 1017 3673 neque
1038 3616 1102 3656 esse
1124 3597 1305 3672 Campanum

244 3722 339 3777 neque
362 3703 419 3759 diei
440 3701 559 3767 debere,
590 3693 721 3775 Magium
743 3702 881 3772 Deeium3
916 3722 982 3760 eum
1006 3703 1171 3779 postulare,
1196 3711 1234 3758 nt
1255 3701 1305 3758 sibi

246 3807 377 3875 dedatur,
399 3824 434 3863 ee
455 3823 486 3861 se
507 3814 649 3880 presente
670 3806 707 3863 de
728 3825 763 3864 eo
784 3807 928 3864 referatur
948 3819 1125 3882 senatusque
1146 3807 1304 3866 consultum

215 3913 307 3978 4fiat.
363 3910 472 3967 Omnes
503 3911 532 3965 in
565 3927 629 3966 eam
664 3911 834 3968 sententiam
862 3913 970 3982 ierunt,
1004 3929 1172 3986 quanquam
1197 3929 1305 3985 magne
