2678 4560
320 271 375 325 154
409 279 413 292 “
568 264 648 316 Liber
665 263 791 316 XXVIII.
829 263 874 327 (A.
887 279 914 317 n.
927 279 951 316 c.
967 266 1039 327 548.)

244 451 377 510 dicistis.
425 450 489 518 Illi,
512 450 586 508 sicut
607 448 750 526 Campani
770 447 903 525 Capuam
924 449 1029 508 Tuscis
1050 447 1193 506 veteribus
1210 421 1310 504 culth

274 557 327 614 bus
349 556 532 632 ademptam,
567 555 734 612 Mamertini
755 555 784 613 in
807 556 906 614 Sicilia
927 557 1111 626 Messanam,
1142 553 1184 610 sic
1205 542 1311 626 Regiani

273 662 400 720 habituri
427 669 595 737 perpetuam
617 661 714 718 sedem
737 671 835 730 erant,
870 681 925 718 nec
945 661 1084 736 populum
1104 658 1251 716 Romanum
1269 673 1308 714 nec

245 767 369 826 'lsocios
390 767 491 842 populi
512 767 638 824 Romani
659 766 734 826 ultro
756 767 916 826 lacessituri
936 766 1031 836 bello;
1063 765 1252 825 Sucronemne
1269 749 1311 822 erl

274 871 448 930 domicilium
483 872 609 930 habituri
641 872 751 930 eratis?
796 872 856 933 Ubi
891 874 918 930 si
947 892 1001 930 vos
1034 873 1176 930 decedens
1204 866 1312 948 coniectq

273 978 423 1054 provincia
453 979 612 1055 imperator
642 978 846 1054 relinquerem,
889 979 975 1037 deum
1007 979 1215 1050 hominumque
1246 973 1312 1030 fidem

274 1085 429 1161 implorare
453 1084 619 1155 debebatis,
657 1085 734 1158 quod
755 1103 813 1142 non
833 1085 966 1143 rediretis
987 1082 1191 1158 ad„coniuges
1216 1080 1310 1136 liberos

244 1198 339 1264 8que·
359 1199 483 1248 vestros.
531 1189 589 1248 Sed
621 1191 724 1248 horum
759 1210 874 1266 quoque
903 1190 1093 1260 memoriam,
1127 1187 1204 1244 sicut
1234 1181 1309 1258 patris

275 1295 400 1370 meique,
430 1295 568 1352 eieceritis
600 1315 637 1352 ex
664 1296 767 1354 animis
787 1297 906 1367 vestris;
938 1295 1017 1352 viam
1049 1292 1163 1351 consilii
1196 1287 1304 1347 scelerati

244 1402 326 1466 9scd
365 1420 423 1458 non
464 1402 501 1458 ad
544 1401 673 1460 ultimum
714 1403 854 1462 dementis
885 1403 1005 1476 exsequi
1039 1400 1124 1469 volo;
1159 1414 1242 1454 mene
1265 1393 1304 1448 virt

275 1517 303 1565 et
324 1515 419 1564 cetero
439 1506 577 1564 incolumi
597 1508 734 1579 exercitu,
756 1527 820 1566 cum
843 1527 901 1583 quo
916 1527 971 1584 ego
986 1508 1034 1564 die
1050 1525 1110 1563 nno
1127 1499 1307 1574 Carthaginem

275 1613 347 1688 cepi,
368 1631 432 1670 cum
452 1630 510 1686 quo
529 1621 666 1687 quattuor
682 1615 823 1672 exercitus
835 1613 1118 1690 Carthaginiensium
1133 1608 1208 1678 fudi,
1228 1589 1314 1678 ingatii

275 1718 381 1794 expuli,
391 1737 445 1776 vos
456 1726 521 1776 octo
534 1717 623 1775 millia
633 1719 791 1792 hominum,
806 1721 924 1778 minoris
935 1729 1012 1778 certe
1026 1736 1128 1777 omnes
1139 1713 1234 1791 pretii,
1248 1725 1310 1783 quan

276 1825 380 1882 Albius
404 1834 432 1882 et
453 1824 554 1883 Atrius
576 1832 652 1894 sunt,
677 1824 780 1899 quibus
802 1843 855 1882 vos
880 1825 1049 1895 subiecistis,
1071 1820 1246 1898 Hispaniam
1263 1829 1311 1888 pru

229 1945 262 1999 ιο
275 1931 398 1988 vinciam
420 1930 529 2008 populo
551 1931 686 1988 Romano
710 1932 835 2007 erepturi
856 1932 962 1990 eratis?
1002 1930 1140 1988 Amolior
1164 1935 1194 1983 et
1214 1934 1315 1980 amoveo

275 2055 381 2094 nomen
412 2055 525 2106 meum;
561 2036 632 2094 nihil
652 2037 728 2094 ultra
757 2036 842 2096 facile
874 2038 1012 2096 creditam
1045 2044 1171 2092 mortem
1204 2039 1310 2086 meant

228 2157 259 2212 11
276 2143 359 2200 vobis
380 2143 505 2200 violatus
525 2142 593 2211 sim3
616 2141 706 2216 quid?
738 2143 763 2200 si
784 2163 839 2219 ego
855 2163 991 2215 morerer,
1015 2160 1128 2199 mecum
1154 2134 1311 2210 ‹rrtspirtfflf⁸

276 2249 466 2324 respublica,
499 2267 609 2306 mecum
633 2267 766 2308 casurum
795 2250 946 2325 imperium
972 2248 1073 2325 populi
1098 2241 1224 2304 Romani
1250 2229 1310 2293 eret?

276 2353 323 2412 Ne
352 2353 425 2410 istuc
452 2354 583 2430 Iuppiter
613 2356 739 2431 optimus
769 2357 912 2414 maximus
939 2356 1018 2425 sirit,
1050 2353 1153 2410 urbem
1186 2344 1316 2419 auspican

277 2459 337 2516 deis
364 2460 529 2517 auctoribus
561 2461 590 2518 in
626 2469 762 2520 aeternum
799 2462 943 2520 conditam
975 2460 1042 2518 huic
1072 2457 1171 2532 fragili
1202 2461 1229 2510 et
1253 2463 1308 2504 mor·

228 2577 263 2634 12
276 2564 326 2622 tali
345 2566 460 2642 corpori
479 2567 618 2642 aequalem
636 2585 707 2626 esse.
745 2566 775 2626 0.
792 2567 937 2640 Flaminio,
955 2568 994 2627 L.
1006 2566 1134 2633 AEmilio,
1155 2561 1195 2618 Ti.
1206 2558 1308 2628 Sempro

276 2673 338 2740 tto,
361 2670 398 2727 n.
423 2672 574 2730 Postumio
595 2672 714 2744 niano,
742 2674 784 2735 Μ.
807 2675 957 2746 Marcam,
979 2675 1014 2733 Τ.
1034 2670 1171 2745 cuneus
1193 2659 1306 2736 crispin·

277 2774 331 2834 Cn.
353 2777 468 2848 Fulvio,
492 2778 676 2854 Scipionibus
697 2780 777 2850 meis,
800 2791 924 2838 tottam
946 2777 1093 2855 preclaris
1113 2766 1306 2850 imperatoribus

276 2900 333 2940 uno
358 2883 433 2940 bello
461 2883 622 2959 absumptis
646 2895 790 2960 superstes
810 2894 854 2942 cst
874 2885 998 2962 populus
1019 2885 1189 2950 Romanus,
1223 2874 1305 2943 eritqtt

277 2989 353 3046 mille
386 2988 449 3046 aliis
481 3007 556 3046 nunc
582 2987 670 3058 ferro,
701 3008 772 3046 nunc
797 2991 890 3049 morbo
920 2989 1123 3058 morientibus;
1160 3005 1223 3044 meo
1247 2975 1304 3036 unu

229 3107 263 3166 13
276 3092 376 3152 funere
407 3095 483 3151 elata
517 3113 563 3152 res
598 3095 715 3170 publica
747 3096 841 3154 esset?
888 3097 951 3153 Vos
977 3095 1033 3171 ipsi
1061 3095 1110 3153 hio
1128 3094 1160 3150 in
1184 3083 1304 3163 Hispania

277 3211 359 3275 patre
380 3209 408 3258 st
429 3211 532 3274 patruo
554 3219 618 3258 meo
650 3202 762 3258 duobus
784 3201 1006 3276 imperatoribus
1032 3198 1206 3265 interfectis,
1236 3183 1301 3262 septi

277 3323 354 3364 mum
390 3305 531 3362 Marcium
568 3307 670 3365 ducem
706 3306 789 3364 vobis
827 3307 965 3364 adversus
1012 3306 1193 3364 exsultantes
1226 3287 1302 3356 recenti

277 3412 398 3470 victoria
429 3413 536 3470 Poenos
568 3411 722 3487 delegistis.
769 3413 808 3470 Et
822 3413 863 3470 sic
883 3414 996 3488 loquor,
1018 3422 1159 3486 tanquam
1181 3410 1237 3468 sine
1254 3402 1300 3458 dttte

229 3532 264 3585 14
277 3518 426 3595 Hispaniae
460 3518 563 3577 futurae
596 3517 711 3576 luerint.
765 3519 807 3579 M.
835 3518 960 3591 Silanus,
988 3517 1090 3576 eodem
1121 3517 1202 3587 iure,
1230 3506 1300 3567 ,oden

277 3625 397 3700 imperio
420 3641 530 3682 mecum
552 3623 582 3680 in
603 3623 782 3699 provinciam
808 3625 926 3695 missus,
964 3625 998 3682 L.
1016 3623 1116 3699 Scipio
1139 3621 1228 3679 frater
1247 3622 1298 3671 mant

278 3739 307 3788 et
334 3729 367 3792 C.
397 3731 520 3802 Laelius,
554 3730 658 3806 legati,
694 3731 821 3790 vindices
856 3729 1015 3788 maiestatis
1036 3729 1150 3806 imperii
1180 3709 1298 3784 deeset?

232 3850 265 3902 15
279 3837 384 3896 Utrum
405 3838 547 3896 exercitus
569 3839 712 3907 ecmcitui,
745 3856 783 3894 an
807 3835 894 3894 duces
917 3836 1053 3901 ducibus,
1076 3855 1114 3892 an
1136 3833 1262 3909 dignius,
1276 3833 1296 3873 ’Β

279 3961 367 4000 causa
398 3943 561 4016 comparari
596 3941 732 4017 poterat?
791 3941 902 4015 Quibus
937 3941 962 3998 si
1000 3941 1133 3999 omnibus
1173 3932 1297 4014 superiorll

279 4048 388 4118 essetis,
412 4065 495 4104 arma
515 4065 579 4104 cum
601 4047 700 4104 Poenis
722 4057 817 4104 coutru
837 4047 981 4122 patriam,
1003 4056 1105 4105 contra
1126 4048 1203 4105 cives
1222 4045 1295 4103 νοείτω
