2748 4556
288 186 347 244 ttt
564 183 641 232 ntum
658 181 744 234 xxx.
782 183 997 248 (ansam

161 397 174 416 ι
247 367 366 426 fratrem
396 365 457 424 eius
488 365 685 424 Hannibalem
714 365 795 441 (nam
825 368 864 424 ad
891 385 957 424 eum
985 385 1107 442 quoque
1128 369 1186 425 isse
1204 368 1309 442 legatos

250 473 354 530 eadem
383 473 526 544 iubentes)
555 471 714 540 factottum
747 490 805 528 non
835 473 864 528 in
886 491 921 528 eu
944 490 1009 529 esse
1032 471 1308 548 Carthaginiensium

214 584 311 647 tra,
343 587 376 635 ut
403 577 532 638 Galliam
560 586 649 651 atque
679 577 795 634 ltaliam
824 577 913 634 armis
934 577 1097 638 obtineant.
1148 579 1238 654 Mago
1257 595 1307 634 non

250 683 372 760 imperio
395 683 482 742 modo
505 691 622 742 sanatus
644 682 830 758 periculoque
851 683 954 758 patrita
975 691 1092 753 motus,
1116 685 1169 740 sed
1189 696 1310 741 metuam

247 791 352 860 etiam,
388 809 425 846 ne
457 789 552 846 uictor
582 787 674 845 hostis
708 787 834 844 moranti
862 787 998 858 instaret,
1037 789 1223 864 Liguresque
1253 791 1310 864 ipsi.

246 895 372 971 relinqui
393 893 510 954 Italiam
533 913 552 951 a
573 893 673 950 Poenis
694 901 860 962 cernentes,
889 894 927 950 ad
948 912 1019 963 cos,
1048 913 1179 968 quorum
1200 897 1310 952 moxin

214 1009 391 1077 bpotestate
413 1001 502 1059 futuri
526 1009 636 1068 essent,
669 996 837 1068 deficerent,
870 999 956 1056 simul
979 1017 1107 1074 sperans
1129 999 1310 1057 lenioremin

247 1107 436 1183 navigatione
464 1124 552 1180 quam
580 1104 610 1161 in
638 1103 689 1160 via
716 1102 901 1160 iactationem
932 1105 1063 1161 vulneris
1092 1104 1162 1162 fore
1186 1114 1215 1162 et
1234 1124 1310 1162 cura·

246 1213 317 1270 tioni
342 1212 440 1270 omnia
462 1209 677 1278 commodiora,
710 1206 852 1282 impositis
874 1209 965 1284 copiis
992 1211 1022 1266 in
1044 1229 1141 1268 naves
1162 1211 1310 1287 profectus,

245 1319 366 1376 vixdum
390 1325 528 1394 superata
548 1313 684 1372 Sardinia
706 1331 743 1368 ex
764 1313 883 1370 vulnere
902 1315 1032 1371 moritur.
1082 1317 1190 1372 Nares
1205 1333 1309 1390 quoqne

248 1424 361 1498 aliquot
392 1425 548 1480 Poeuorum
584 1419 710 1476 disiecta
744 1419 774 1474 in
809 1418 870 1476 alto
902 1439 920 1476 a
947 1421 1041 1478 classe
1063 1423 1220 1490 Romana,
1255 1439 1309 1494 que

214 1528 326 1589 bcirca
345 1525 510 1586 Sardiniam
529 1533 601 1594 erat,
624 1525 785 1596 capiuntur.
831 1525 904 1582 Haec
926 1537 1005 1582 terra
1026 1526 1165 1600 marique
1186 1528 1216 1582 in
1236 1535 1310 1601 parte

250 1631 353 1700 ltalia,
375 1649 439 1705 quae
460 1630 537 1688 iacet
559 1629 595 1686 ad
618 1629 719 1704 Alpes,
741 1638 833 1703 gesta.

331 1733 441 1792 Consul
473 1733 506 1792 C.
537 1734 677 1794 Servilius
712 1734 791 1790 nulla
825 1735 1006 1792 memorabili
1037 1755 1071 1792 re
1103 1737 1135 1793 in
1168 1734 1309 1810 provincia

248 1841 367 1900 Etruria
397 1850 426 1898 et
457 1839 573 1910 Gallia,
607 1819 744 1914 quoniam
779 1858 814 1896 eo
851 1858 967 1914 quoque
991 1819 1195 1916 processerat,
1228 1849 1307 1915 gestu

216 1956 333 2022 lpatre
370 1946 405 2005 C.
429 1946 553 2006 Servilio
586 1957 614 2004 et
651 1944 684 2004 C.
708 1945 826 2002 Lutatio
862 1963 898 2002 ex
929 1945 1070 2001 servitute
1101 1957 1172 2021 post
1205 1954 1308 2002 sextum

246 2052 388 2110 decimum
417 2071 523 2110 annum
556 2051 696 2128 receptis,
733 2051 784 2124 qui
812 2051 850 2107 ad
877 2050 973 2106 vicum
996 2052 1166 2108 Tannetum
1196 2071 1216 2106 a
1238 2049 1309 2107 Boiis

214 2158 327 2235 Scapti
347 2158 475 2228 fuerant,
498 2158 564 2214 hinc
585 2166 677 2232 patre,
699 2155 766 2211 hinc
780 2153 893 2212 Catulo
915 2157 1000 2213 lateri
1022 2158 1227 2226 circumdatis,
1259 2156 1307 2232 pri-
1352 2155 1353 2198 l

249 2273 318 2320 vato
355 2264 448 2338 magis
488 2281 575 2338 quam
615 2261 730 2338 publicu
771 2261 876 2317 decore
910 2261 1031 2336 insignis
1058 2263 1188 2319 Romam
1224 2262 1306 2319 rediit.

211 2369 354 2429 9Lutum
385 2369 422 2424 ad
444 2369 582 2443 populum
607 2377 667 2436 est,
703 2385 740 2422 ne
771 2365 805 2424 C.
830 2365 954 2424 Servilio
985 2365 1082 2422 fraudi
1105 2378 1203 2436 esset,
1239 2366 1306 2442 quod

248 2482 342 2548 patre,
365 2473 413 2546 qui
436 2472 507 2530 sella
529 2473 621 2530 curuli
642 2472 777 2542 sedisset,
799 2472 887 2542 vivo,
911 2492 999 2547 quum
1021 2472 1051 2529 id
1073 2473 1243 2548 ignoraret,
1266 2471 1306 2530 tri·

243 2581 337 2636 bunos
364 2578 457 2654 plebis
487 2586 574 2654 atquc
600 2578 691 2636 sedilis
717 2574 810 2654 plebis
840 2577 957 2647 finisset,
991 2589 1093 2636 contra
1117 2600 1207 2654 quam
1230 2598 1305 2636 sanc·

244 2692 304 2740 tum
341 2683 454 2759 legibus
492 2694 563 2741 erat.
624 2685 690 2742 Hac
724 2683 877 2758 rogatione
914 2682 1028 2757 perlata
1063 2684 1092 2740 in
1131 2682 1303 2758 provinciam
1352 2703 1353 2722 κ

242 2787 335 2845 rediit.
1352 2799 1353 2891 p

192 2893 227 2945 10
328 2895 379 2951 Ad
400 2892 453 2952 Cn.
477 2875 631 2951 Serittium
654 2894 819 2962 consulem,
856 2893 955 2968 quiin
978 2893 1099 2951 Bruttiis
1122 2903 1205 2964 erat,
1235 2893 1304 2952 Con·
1352 2901 1353 2962 ᾗ

244 2999 347 3070 sentia,
362 2999 525 3074 Aufugum,
546 3000 659 3074 Bergae,
681 2999 815 3068 Besidiae,
837 2998 1011 3066 Ocriculum,
1033 3000 1238 3074 Lymphaeum,
1254 3003 1305 3058 Ar·
1352 2999 1353 3074 }

243 3113 416 3179 gentanum,
439 3102 602 3180 Clampetia
623 3105 763 3179 multique
786 3105 835 3161 alii
856 3103 998 3178 ignobiles
1020 3105 1139 3178 populi,
1161 3125 1304 3163 senescere
1352 3175 1353 3206 1

192 3207 383 3266 llPunicum
406 3209 512 3268 bellum
534 3218 692 3280 cernentes,
714 3209 853 3268 defecere.
902 3210 984 3266 Idem
1001 3210 1103 3266 consul
1117 3230 1183 3268 cum
1198 3211 1302 3270 Hanni·
1352 3251 1353 3286 ,

244 3315 310 3372 bale
330 3314 359 3370 in
384 3333 456 3390 agro
476 3313 657 3374 Crotoniensi
687 3316 749 3373 acie
776 3315 914 3374 conflixit.
963 3315 1098 3374 Obscura
1121 3317 1185 3373 eius
1206 3335 1304 3393 pugne

241 3418 322 3476 lama
343 3430 396 3477 cst.
443 3421 580 3478 Valerius
602 3421 708 3480 Antias
738 3421 865 3495 quinque
892 3420 982 3478 millia
1011 3419 1140 3477 hostium
1163 3439 1240 3478 caesa
1260 3421 1300 3478 ait
1352 3433 1353 3458 ¹

243 3543 307 3597 quae
330 3530 413 3583 tanta
437 3545 483 3584 res
506 3536 558 3594 est,
582 3535 612 3584 ut
633 3535 683 3583 aut
705 3527 887 3602 impudenter
907 3525 975 3583 ficta
996 3526 1034 3583 sit
1055 3535 1108 3582 aut
1130 3528 1301 3602 negligenter
1352 3569 1353 3600 ,

190 3629 225 3684 tt
239 3623 446 3704 'praetermissa
502 3631 583 3690 Nihil
610 3641 686 3689 certe
715 3632 792 3688 ultra
818 3631 860 3688 rei
895 3631 924 3687 in
952 3630 1039 3688 Italia
1070 3631 1109 3686 ab
1141 3630 1301 3688 Hannibale
1352 3633 1353 3688 l

198 3777 201 3782 -
243 3744 372 3809 gestum.
438 3735 520 3794 Nam
562 3737 600 3793 ad
646 3756 710 3794 eum
750 3755 866 3812 quoque
902 3735 992 3812 legati
1038 3737 1076 3792 ab
1120 3735 1298 3811 Carthagine.

239 3850 378 3899 vocantes
399 3841 429 3897 in
451 3839 599 3911 Africam,
635 3842 669 3898 iis
691 3840 768 3898 forte
792 3843 909 3913 diebus,
944 3841 1049 3916 quibus
1079 3841 1118 3899 ad
1140 3843 1297 3917 Magonem.
1352 3895 1353 3920 ᾖ

137 3937 183 3999 2⁰
239 3956 389 4002 venerunt.
442 3943 592 4002 Frendens
623 3963 800 4020 gemensque
829 3965 864 4004 ac
894 3947 943 4002 vix
978 3946 1107 4004 lacrimis
1143 3957 1297 4023 temperans
1352 3945 1353 4040 l
