2700 4426
363 152 439 201 Liber
456 151 584 202 xxvm.
622 151 668 215 (A.
683 150 730 200 Oh.
744 153 817 214 205.)
964 199 965 202 ,
1020 156 1075 212 169

65 347 115 395 aut
156 339 249 415 Eryce
292 308 451 408 detraxisse
484 337 681 395 Hamilcarem
719 355 805 411 quam
843 337 931 395 Italia
974 336 1118 411 expulisse

65 445 173 500 Poenos
195 453 281 517 atque
301 443 494 500 Hannibalern
517 442 626 500 malis?
673 443 720 500 Ne
742 452 772 499 tu
795 442 927 518 quidam,
951 443 1004 500 etsi
1026 443 1148 517 megisti

63 557 177 624 partam
200 569 285 624 quam
315 558 459 624 speratam
482 549 604 626 gloriam
626 550 823 624 amplectaris,
857 549 1001 625 Hispania
1022 549 1118 625 potins

65 672 152 727 quam
182 654 268 710 Italia
301 655 376 712 bello
403 655 525 714 liberata
551 655 691 731 gloriatus
722 655 819 712 fueris.
866 657 1003 713 Nondum
1029 655 1054 712 is
1074 657 1146 712 esti

64 760 231 830 Hannibal,
260 780 343 835 quem
365 781 423 819 non
445 762 538 837 magis
558 762 686 819 timuisse
707 762 840 818 videatur
862 781 948 836 quam
970 772 1117 836 contemp·

64 865 151 935 sisse,
187 865 236 939 qui
265 865 342 923 aliud
364 868 469 926 bellum
491 867 633 949 maluerit.
681 867 866 942 Quinigitur
888 868 1001 925 adhoc
1023 868 1149 924 acciu-8

64 972 140 1045 geris
161 990 214 1027 neo
235 991 286 1046 per
306 973 377 1030 istos
399 974 549 1044 circuitus,
578 981 624 1045 ut,
646 992 733 1048 quum
758 975 788 1030 in
811 973 942 1030 Africam
964 972 1119 1042 traieceris,

63 1088 226 1134 secuturum
264 1087 292 1135 te
326 1079 394 1138 illue
424 1079 618 1138 Hannibalem
649 1097 763 1154 speres,
794 1079 898 1153 potius·
927 1098 1012 1153 quam
1040 1087 1118 1136 recto

64 1183 131 1239 hinc
151 1183 260 1253 itinere,
282 1185 331 1241 ubi
354 1186 502 1243 Hannibal
525 1195 577 1256 est,
601 1204 636 1241 eo
658 1184 764 1240 bellum
785 1185 951 1256 intendens,
974 1185 1119 1261 egregiam

64 1290 149 1347 istam
182 1289 308 1365 palmam
344 1291 412 1347 belli
446 1291 550 1349 Punici
584 1291 691 1366 patrati
721 1289 817 1365 petis?
863 1292 929 1348 Hoc
959 1300 986 1348 et
1015 1291 1148 1349 natura9

64 1396 144 1470 prius
167 1403 219 1464 est,
241 1404 292 1451 tua
313 1415 400 1470 quum
422 1397 592 1469 defenderis,
617 1398 711 1455 aliena
733 1396 775 1452 ire
798 1406 1007 1471 oppugnatum.
1052 1399 1119 1454 Pax

65 1510 132 1559 ante
155 1501 184 1558 in
208 1500 294 1557 ltalia
316 1521 398 1576 quam
412 1503 518 1560 bellum
536 1505 565 1561 in
577 1503 680 1562 Africa
696 1503 743 1574 sit,
767 1513 795 1559 et
811 1503 894 1559 nobis
905 1503 984 1578 prius
1000 1502 1119 1559 decedat

64 1609 167 1676 timor,
203 1625 289 1682 quam
317 1607 392 1664 ultro
420 1609 483 1666 aliis
512 1609 661 1667 inferatur.
709 1609 740 1667 Si
768 1617 921 1682 utrumque
950 1618 1000 1666 tuo
1032 1610 1118 1666 ductu
1134 1609 1170 1664 10

66 1713 253 1788 auspicioque
274 1713 335 1770 fieri
361 1724 465 1789 potest,
486 1717 652 1774 Hannibale
672 1715 718 1772 hic
732 1715 819 1784 victo,
840 1714 899 1772 illie
914 1714 1119 1789 Carthaginem
1168 1757 1170 1762 .

65 1837 215 1894 expugna3
252 1820 277 1875 si
309 1820 466 1879 alterautra
494 1823 616 1880 victoria
646 1821 729 1878 novis
751 1820 915 1878 consulibus
934 1819 1120 1893 relinquenda

65 1935 117 1994 est,
136 1925 217 1999 prior
241 1942 327 1999 quum
350 1927 443 1984 maior
464 1926 635 2002 clariorque,
658 1937 718 1984 tum
740 1945 828 2004 causa
843 1927 929 1982 etiam
944 1925 1119 1998 insequentis

65 2028 158 2087 fiterit.
208 2032 286 2088 Nam
309 2051 384 2088 nune
412 2033 537 2107 quidem,
564 2042 755 2108 praeterquam
786 2033 863 2107 quod
885 2031 960 2088 etin
983 2030 1070 2087 Italia
1091 2039 1120 2088 et
1136 2034 1167 2087 ll

64 2135 94 2191 in
116 2136 219 2195 Africa
246 2138 318 2195 duos
349 2138 479 2195 diversos
507 2138 647 2195 exercitus
679 2140 756 2197 alere
783 2138 915 2197 aerarium
937 2156 995 2193 non
1017 2144 1120 2212 potest,

64 2250 256 2315 praeterquam
283 2242 377 2317 quod,
404 2245 479 2301 unde
507 2244 612 2301 classes
640 2252 789 2317 tueamur,
811 2245 886 2302 unde
915 2243 1120 2300 commeatibus
1137 2244 1170 2299 12

65 2345 241 2404 sufficiamus
262 2350 432 2423 praebendis,
454 2350 524 2408 nihil
544 2352 647 2426 reliqui
669 2362 720 2419 est,
744 2350 834 2425 quid?
866 2349 985 2426 periculi
1005 2348 1121 2404 tandem

66 2437 204 2522 qnantum
227 2454 356 2526 adeatur,
379 2475 464 2530 quem
478 2455 573 2515 fallit?
618 2459 653 2516 P.
665 2457 793 2514 Licinius
808 2455 837 2512 in
851 2455 948 2524 Italia,
972 2456 1006 2512 P.
1023 2453 1121 2529 Scipio

66 2554 172 2610 bellum
194 2557 223 2611 in
245 2557 348 2614 Africa
376 2571 466 2634 geret.
514 2563 609 2635 Quid?
646 2565 670 2620 si
702 2561 794 2639 (quod
827 2578 925 2616 omnes
959 2559 1005 2615 dei
1036 2578 1120 2616 omen
1136 2562 1171 2617 13

68 2669 200 2716 avertant
231 2671 259 2716 et
281 2663 375 2720 dicere
396 2665 481 2721 etiem
503 2666 671 2725 reformidat
693 2668 819 2736 animus,
841 2666 901 2733 sed,
924 2683 988 2739 quae
1009 2665 1120 2721 accide-
1199 2723 1202 2733 ,

66 2774 154 2833 runt,
200 2767 330 2825 accidere
367 2771 499 2846 possunt)
538 2773 631 2830 victor
673 2772 822 2830 Hannibal
867 2771 909 2828 ire
945 2771 982 2827 ad
1019 2766 1119 2826 urbem

66 2881 175 2946 perget,
198 2881 258 2929 tum
282 2875 394 2932 demum
417 2887 445 2933 te
467 2879 611 2934 consulem
635 2897 671 2935 ex
693 2876 810 2948 Africa,
833 2876 906 2934 sicut
927 2875 963 2948 Q.
985 2875 1120 2932 Fulvium
1212 2902 1217 2919 ι

67 2997 85 3034 a
115 2976 234 3054 Capua,
256 2982 454 3039 arcessamus?
502 2984 587 3057 Quid,
620 2985 696 3060 quod
727 2983 756 3040 in
778 2981 882 3040 Africa
903 3000 1018 3056 quoque
1039 2982 1120 3037 Mars
1136 2985 1171 3039 14

66 3085 225 3142 communis
247 3087 315 3145 belli
337 3089 408 3146 erit?
456 3091 569 3149 Domus
591 3091 643 3150 tibi
663 3101 729 3162 tua,
744 3097 828 3164 peter
848 3098 1025 3164 patruusque
1045 3089 1121 3145 intra

66 3189 184 3264 triginta
214 3193 274 3250 dies
298 3213 361 3252 cum
391 3196 562 3253 exercitibus
594 3196 658 3252 caesi
688 3197 859 3253 documento
892 3196 964 3266 sint,
999 3195 1049 3251 ubi
1068 3213 1122 3269 per
1136 3196 1171 3250 15

67 3296 178 3371 aliquot
208 3318 299 3356 annos
328 3301 461 3359 maximis
488 3303 575 3360 rebus
597 3311 674 3358 terra
695 3303 826 3377 marique
847 3301 980 3376 gerendis
1001 3298 1121 3374 amplis·

67 3402 169 3459 simum
200 3423 304 3461 nomen
340 3409 416 3483 apud
438 3420 552 3466 exteras
573 3415 673 3483 gentes
694 3408 794 3484 populi
815 3408 940 3466 Romani
961 3414 1120 3480 vestraeque

67 3511 183 3568 familiae
204 3511 339 3570 fecerant.
389 3515 459 3572 Dies
486 3535 531 3572 me
558 3515 690 3582 deficiat,
726 3515 750 3571 si
771 3533 854 3590 reges
874 3514 1120 3588 imperatoresque
1137 3522 1171 3576 16

67 3627 174 3676 temere
200 3619 229 3675 in
254 3620 377 3676 hostium
402 3630 509 3678 terram
530 3631 725 3698 transgressos
747 3640 811 3677 cum
834 3619 968 3676 maximis
992 3618 1120 3674 cladibus

67 3725 125 3781 suis
160 3727 391 3804 exercituumque
427 3745 543 3784 suorum
579 3747 747 3785 enumerare
775 3728 870 3793 velim.
919 3723 1120 3792 Athenienses,
1135 3734 1169 3787 17

67 3830 290 3906 prudentissima
314 3832 424 3902 civitas,
445 3831 520 3889 bello
536 3832 614 3890 domi
631 3833 740 3904 relicto,
763 3843 880 3890 auctore
897 3850 977 3906 aeque
996 3828 1119 3904 impigro

66 3957 101 3996 ec
115 3937 205 3995 nobili
215 3937 326 4006 iuvene,
347 3956 453 4014 magna
463 3938 555 3995 classe
568 3937 598 3994 in
613 3938 740 3997 Siciliam
752 3938 930 4008 transmisse,
950 3955 1008 3993 una
1021 3954 1120 4011 pugna
