<?xml version="1.0" encoding="UTF-8"?>
<!DOCTYPE html PUBLIC "-//W3C//DTD XHTML 1.0 Transitional//EN"
    "http://www.w3.org/TR/xhtml1/DTD/xhtml1-transitional.dtd">
<html xmlns="http://www.w3.org/1999/xhtml" xml:lang="en" lang="en">
 <head>
  <title>
</title>
<meta http-equiv="Content-Type" content="text/html;charset=utf-8" />
  <meta name='ocr-system' content='tesseract 3.04.00' />
  <meta name='ocr-capabilities' content='ocr_page ocr_carea ocr_par ocr_line ocrx_word'/>
</head>
<body>
  <div class='ocr_page' id='page_1' title='image "./titiliviihistor01ussigoog/titiliviihistor01ussigoog_0141.png"; bbox 0 0 2704 4552; ppageno 0'>
   <div class='ocr_carea' id='block_1_1' title="bbox 308 210 1015 276">
    <p class='ocr_par' dir='ltr' id='par_1_1' title="bbox 308 210 1015 276">
     <span class='ocr_line' id='line_1_1' title="bbox 308 210 1015 276; baseline -0.02 0"><span class='ocrx_word' id='word_1_1' title='bbox 308 221 365 276; x_wconf 86' lang='lat' dir='ltr'><strong>tao</strong></span> <span class='ocrx_word' id='word_1_2' title='bbox 580 211 658 260; x_wconf 76' lang='lat' dir='ltr'><strong>aaa</strong></span> <span class='ocrx_word' id='word_1_3' title='bbox 675 210 765 263; x_wconf 85' lang='lat' dir='ltr'><strong>xxu.</strong></span> <span class='ocrx_word' id='word_1_4' title='bbox 803 213 890 274; x_wconf 69' lang='lat' dir='ltr'><strong>(uu.</strong></span> <span class='ocrx_word' id='word_1_5' title='bbox 905 214 1015 276; x_wconf 64' lang='lat' dir='ltr'><strong>assa.)</strong></span> 
     </span>
    </p>
   </div>
   <div class='ocr_carea' id='block_1_2' title="bbox 232 379 1321 474">
    <p class='ocr_par' dir='ltr' id='par_1_2' title="bbox 232 379 1321 474">
     <span class='ocr_line' id='line_1_2' title="bbox 232 379 1321 474; baseline -0.004 -15"><span class='ocrx_word' id='word_1_6' title='bbox 232 399 378 474; x_wconf 76' lang='lat' dir='ltr'><strong>iimperii</strong></span> <span class='ocrx_word' id='word_1_7' title='bbox 409 417 444 456; x_wconf 91' lang='lat' dir='ltr'><strong>eo</strong></span> <span class='ocrx_word' id='word_1_8' title='bbox 477 397 524 454; x_wconf 91' lang='lat' dir='ltr'><strong>die</strong></span> <span class='ocrx_word' id='word_1_9' title='bbox 559 413 648 471; x_wconf 87' lang='lat' dir='ltr'><strong>penes</strong></span> <span class='ocrx_word' id='word_1_10' title='bbox 680 396 807 453; x_wconf 80' lang='lat' dir='ltr'><strong>Paolum</strong></span> <span class='ocrx_word' id='word_1_11' title='bbox 843 396 939 454; x_wconf 83' lang='lat' dir='ltr'><strong>fuerit.</strong></span> <span class='ocrx_word' id='word_1_12' title='bbox 993 398 1102 472; x_wconf 86' lang='lat' dir='ltr'><strong>Itaque</strong></span> <span class='ocrx_word' id='word_1_13' title='bbox 1139 407 1263 474; x_wconf 86' lang='lat' dir='ltr'><strong>postero</strong></span> <span class='ocrx_word' id='word_1_14' title='bbox 1296 379 1321 445; x_wconf 85' lang='lat'><strong>·¹</strong></span> 
     </span>
    </p>
   </div>
   <div class='ocr_carea' id='block_1_3' title="bbox 164 500 1346 4044">
    <p class='ocr_par' dir='ltr' id='par_1_3' title="bbox 164 500 1346 4044">
     <span class='ocr_line' id='line_1_3' title="bbox 263 500 1316 576; baseline 0.001 -14"><span class='ocrx_word' id='word_1_15' title='bbox 263 506 373 574; x_wconf 86' lang='lat' dir='ltr'><strong>Varro,</strong></span> <span class='ocrx_word' id='word_1_16' title='bbox 395 504 443 562; x_wconf 89' lang='lat' dir='ltr'><strong>cui</strong></span> <span class='ocrx_word' id='word_1_17' title='bbox 467 520 532 560; x_wconf 90' lang='lat' dir='ltr'><strong>sors</strong></span> <span class='ocrx_word' id='word_1_18' title='bbox 563 501 624 560; x_wconf 89' lang='lat' dir='ltr'><strong>eius</strong></span> <span class='ocrx_word' id='word_1_19' title='bbox 647 500 704 558; x_wconf 89' lang='lat' dir='ltr'><strong>diei</strong></span> <span class='ocrx_word' id='word_1_20' title='bbox 725 501 840 576; x_wconf 88' lang='lat' dir='ltr'><strong>imperii</strong></span> <span class='ocrx_word' id='word_1_21' title='bbox 865 511 942 573; x_wconf 85' lang='lat' dir='ltr'><strong>erat,</strong></span> <span class='ocrx_word' id='word_1_22' title='bbox 971 503 1043 559; x_wconf 90' lang='lat' dir='ltr'><strong>nihil</strong></span> <span class='ocrx_word' id='word_1_23' title='bbox 1064 505 1207 561; x_wconf 87' lang='lat' dir='ltr'><strong>consulto</strong></span> <span class='ocrx_word' id='word_1_24' title='bbox 1230 503 1316 571; x_wconf 55' lang='lat' dir='ltr'><strong>colla„</strong></span> 
     </span>
     <span class='ocr_line' id='line_1_4' title="bbox 263 606 1262 686; baseline -0.001 -19"><span class='ocrx_word' id='word_1_25' title='bbox 263 609 377 686; x_wconf 83' lang='lat' dir='ltr'><strong>signnm</strong></span> <span class='ocrx_word' id='word_1_26' title='bbox 414 607 567 684; x_wconf 81' lang='lat' dir='ltr'><strong>proposuit</strong></span> <span class='ocrx_word' id='word_1_27' title='bbox 599 606 811 680; x_wconf 88' lang='lat' dir='ltr'><strong>instructasque</strong></span> <span class='ocrx_word' id='word_1_28' title='bbox 840 607 940 683; x_wconf 90' lang='lat' dir='ltr'><strong>copias</strong></span> <span class='ocrx_word' id='word_1_29' title='bbox 968 609 1075 665; x_wconf 87' lang='lat' dir='ltr'><strong>flumen</strong></span> <span class='ocrx_word' id='word_1_30' title='bbox 1110 609 1262 676; x_wconf 75' lang='lat' dir='ltr'>traduxit,</span> 
     </span>
     <span class='ocr_line' id='line_1_5' title="bbox 263 711 1325 794; baseline -0.008 -21"><span class='ocrx_word' id='word_1_31' title='bbox 263 725 369 791; x_wconf 85' lang='lat' dir='ltr'><strong>quante</strong></span> <span class='ocrx_word' id='word_1_32' title='bbox 391 714 502 782; x_wconf 89' lang='lat' dir='ltr'><strong>Paulo,</strong></span> <span class='ocrx_word' id='word_1_33' title='bbox 541 712 611 788; x_wconf 87' lang='lat' dir='ltr'><strong>quia</strong></span> <span class='ocrx_word' id='word_1_34' title='bbox 641 711 735 786; x_wconf 87' lang='lat' dir='ltr'><strong>magis</strong></span> <span class='ocrx_word' id='word_1_35' title='bbox 764 729 822 768; x_wconf 92' lang='lat' dir='ltr'><strong>non</strong></span> <span class='ocrx_word' id='word_1_36' title='bbox 845 714 971 787; x_wconf 88' lang='lat' dir='ltr'><strong>probare</strong></span> <span class='ocrx_word' id='word_1_37' title='bbox 999 731 1088 786; x_wconf 87' lang='lat' dir='ltr'><strong>quarn</strong></span> <span class='ocrx_word' id='word_1_38' title='bbox 1111 733 1176 794; x_wconf 85' lang='lat' dir='ltr'><strong>non</strong></span> <span class='ocrx_word' id='word_1_39' title='bbox 1199 715 1293 772; x_wconf 85' lang='lat' dir='ltr'><strong>adiur</strong></span> <span class='ocrx_word' id='word_1_40' title='bbox 1314 732 1325 765; x_wconf 65' lang='grc'><strong>.;</strong></span> 
     </span>
     <span class='ocr_line' id='line_1_6' title="bbox 232 817 1308 894; baseline -0.001 -17"><span class='ocrx_word' id='word_1_41' title='bbox 232 820 413 882; x_wconf 79' lang='lat' dir='ltr'><strong>boonsilium</strong></span> <span class='ocrx_word' id='word_1_42' title='bbox 442 827 567 894; x_wconf 86' lang='lat' dir='ltr'><strong>poterat.</strong></span> <span class='ocrx_word' id='word_1_43' title='bbox 614 817 806 892; x_wconf 81' lang='lat' dir='ltr'><strong>Transgressi</strong></span> <span class='ocrx_word' id='word_1_44' title='bbox 833 819 940 874; x_wconf 87' lang='lat' dir='ltr'><strong>flumen</strong></span> <span class='ocrx_word' id='word_1_45' title='bbox 968 837 1018 874; x_wconf 86' lang='lat' dir='ltr'><strong>ess</strong></span> <span class='ocrx_word' id='word_1_46' title='bbox 1040 837 1179 892; x_wconf 87' lang='lat' dir='ltr'><strong>quoque,</strong></span> <span class='ocrx_word' id='word_1_47' title='bbox 1207 839 1279 894; x_wconf 86' lang='lat' dir='ltr'><strong>quas</strong></span> <span class='ocrx_word' id='word_1_48' title='bbox 1306 846 1308 867; x_wconf 80' lang='grc' dir='ltr'>ι</span> 
     </span>
     <span class='ocr_line' id='line_1_7' title="bbox 263 922 1325 998; baseline -0.004 -15"><span class='ocrx_word' id='word_1_49' title='bbox 263 925 366 984; x_wconf 82' lang='lat' dir='ltr'><strong>castris</strong></span> <span class='ocrx_word' id='word_1_50' title='bbox 389 923 548 982; x_wconf 81' lang='lat' dir='ltr'>minoribus</span> <span class='ocrx_word' id='word_1_51' title='bbox 569 925 748 990; x_wconf 85' lang='lat' dir='ltr'><strong>habuerant,</strong></span> <span class='ocrx_word' id='word_1_52' title='bbox 783 922 883 997; x_wconf 87' lang='lat' dir='ltr'><strong>copias</strong></span> <span class='ocrx_word' id='word_1_53' title='bbox 905 924 964 981; x_wconf 91' lang='lat' dir='ltr'><strong>suis</strong></span> <span class='ocrx_word' id='word_1_54' title='bbox 987 924 1152 998; x_wconf 87' lang='lat' dir='ltr'><strong>adiungunt</strong></span> <span class='ocrx_word' id='word_1_55' title='bbox 1183 932 1272 998; x_wconf 86' lang='lat' dir='ltr'><strong>atque</strong></span> <span class='ocrx_word' id='word_1_56' title='bbox 1290 925 1325 979; x_wconf 50' lang='lat' dir='ltr'><strong>iv</strong></span> 
     </span>
     <span class='ocr_line' id='line_1_8' title="bbox 263 1027 1321 1106; baseline -0.003 -19"><span class='ocrx_word' id='word_1_57' title='bbox 263 1031 406 1088; x_wconf 86' lang='lat' dir='ltr'><strong>instruunt</strong></span> <span class='ocrx_word' id='word_1_58' title='bbox 430 1030 539 1087; x_wconf 83' lang='lat' dir='ltr'><strong>aciem:</strong></span> <span class='ocrx_word' id='word_1_59' title='bbox 561 1030 591 1086; x_wconf 91' lang='lat' dir='ltr'><strong>in</strong></span> <span class='ocrx_word' id='word_1_60' title='bbox 612 1030 716 1086; x_wconf 86' lang='lat' dir='ltr'><strong>dextro</strong></span> <span class='ocrx_word' id='word_1_61' title='bbox 739 1045 829 1084; x_wconf 86' lang='lat' dir='ltr'><strong>cornu</strong></span> <span class='ocrx_word' id='word_1_62' title='bbox 853 1027 897 1100; x_wconf 83' lang='lat' dir='ltr'><strong>(id</strong></span> <span class='ocrx_word' id='word_1_63' title='bbox 911 1029 1099 1086; x_wconf 87' lang='lat' dir='ltr'><strong>eratflurnini</strong></span> <span class='ocrx_word' id='word_1_64' title='bbox 1113 1027 1255 1106; x_wconf 88' lang='lat' dir='ltr'><strong>propius)</strong></span> <span class='ocrx_word' id='word_1_65' title='bbox 1273 1030 1321 1085; x_wconf 88' lang='lat' dir='ltr'><strong>Ro·</strong></span> 
     </span>
     <span class='ocr_line' id='line_1_9' title="bbox 232 1131 1321 1209; baseline -0.001 -18"><span class='ocrx_word' id='word_1_66' title='bbox 232 1139 365 1193; x_wconf 80' lang='lat' dir='ltr'><strong>imanes</strong></span> <span class='ocrx_word' id='word_1_67' title='bbox 388 1135 498 1209; x_wconf 79' lang='lat' dir='ltr'><strong>equites</strong></span> <span class='ocrx_word' id='word_1_68' title='bbox 527 1134 641 1202; x_wconf 85' lang='lat' dir='ltr'><strong>locant,</strong></span> <span class='ocrx_word' id='word_1_69' title='bbox 675 1131 779 1188; x_wconf 86' lang='lat' dir='ltr'><strong>deinde</strong></span> <span class='ocrx_word' id='word_1_70' title='bbox 807 1132 932 1205; x_wconf 85' lang='lat' dir='ltr'><strong>pedites3</strong></span> <span class='ocrx_word' id='word_1_71' title='bbox 963 1133 1068 1190; x_wconf 78' lang='lat' dir='ltr'><strong>laevum</strong></span> <span class='ocrx_word' id='word_1_72' title='bbox 1093 1152 1188 1190; x_wconf 89' lang='lat' dir='ltr'><strong>cornu</strong></span> <span class='ocrx_word' id='word_1_73' title='bbox 1212 1147 1321 1190; x_wconf 65' lang='lat' dir='ltr'><strong>ennea¹</strong></span> 
     </span>
     <span class='ocr_line' id='line_1_10' title="bbox 262 1234 1321 1316; baseline -0.005 -17"><span class='ocrx_word' id='word_1_74' title='bbox 262 1241 374 1316; x_wconf 75' lang='lat' dir='ltr'>equites</span> <span class='ocrx_word' id='word_1_75' title='bbox 395 1239 558 1307; x_wconf 87' lang='lat' dir='ltr'><strong>sociorum,</strong></span> <span class='ocrx_word' id='word_1_76' title='bbox 588 1239 665 1295; x_wconf 86' lang='lat' dir='ltr'><strong>intra</strong></span> <span class='ocrx_word' id='word_1_77' title='bbox 686 1234 815 1311; x_wconf 89' lang='lat' dir='ltr'><strong>pedites,</strong></span> <span class='ocrx_word' id='word_1_78' title='bbox 845 1237 883 1292; x_wconf 90' lang='lat' dir='ltr'><strong>ad</strong></span> <span class='ocrx_word' id='word_1_79' title='bbox 905 1237 1030 1294; x_wconf 88' lang='lat' dir='ltr'><strong>medium</strong></span> <span class='ocrx_word' id='word_1_80' title='bbox 1053 1238 1144 1295; x_wconf 87' lang='lat' dir='ltr'><strong>iuncti</strong></span> <span class='ocrx_word' id='word_1_81' title='bbox 1170 1238 1321 1313; x_wconf 82' lang='lat' dir='ltr'><strong>legionib</strong></span> 
     </span>
     <span class='ocr_line' id='line_1_11' title="bbox 261 1341 1319 1416; baseline -0.008 -10"><span class='ocrx_word' id='word_1_82' title='bbox 261 1346 418 1416; x_wconf 84' lang='lat' dir='ltr'><strong>Romanis,</strong></span> <span class='ocrx_word' id='word_1_83' title='bbox 446 1354 615 1412; x_wconf 86' lang='lat' dir='ltr'><strong>tenuerunt;</strong></span> <span class='ocrx_word' id='word_1_84' title='bbox 640 1341 816 1398; x_wconf 85' lang='lat' dir='ltr'><strong>iaculatores</strong></span> <span class='ocrx_word' id='word_1_85' title='bbox 838 1358 903 1396; x_wconf 88' lang='lat' dir='ltr'><strong>cum</strong></span> <span class='ocrx_word' id='word_1_86' title='bbox 926 1344 1029 1399; x_wconf 85' lang='lat' dir='ltr'><strong>ceteris</strong></span> <span class='ocrx_word' id='word_1_87' title='bbox 1050 1343 1159 1400; x_wconf 89' lang='lat' dir='ltr'><strong>levium</strong></span> <span class='ocrx_word' id='word_1_88' title='bbox 1185 1363 1319 1400; x_wconf 77' lang='lat' dir='ltr'><strong>armorm</strong></span> 
     </span>
     <span class='ocr_line' id='line_1_12' title="bbox 231 1443 1315 1525; baseline -0.006 -13"><span class='ocrx_word' id='word_1_89' title='bbox 231 1451 378 1514; x_wconf 85' lang='lat' dir='ltr'><strong>8auxiliis</strong></span> <span class='ocrx_word' id='word_1_90' title='bbox 406 1450 502 1525; x_wconf 85' lang='lat' dir='ltr'><strong>prima</strong></span> <span class='ocrx_word' id='word_1_91' title='bbox 530 1450 607 1507; x_wconf 87' lang='lat' dir='ltr'><strong>acies</strong></span> <span class='ocrx_word' id='word_1_92' title='bbox 628 1448 717 1505; x_wconf 86' lang='lat' dir='ltr'><strong>iacta.</strong></span> <span class='ocrx_word' id='word_1_93' title='bbox 767 1443 909 1502; x_wconf 81' lang='lat' dir='ltr'><strong>Consules</strong></span> <span class='ocrx_word' id='word_1_94' title='bbox 932 1465 1042 1504; x_wconf 85' lang='lat' dir='ltr'><strong>cornua</strong></span> <span class='ocrx_word' id='word_1_95' title='bbox 1071 1455 1244 1519; x_wconf 83' lang='lat' dir='ltr'><strong>tenuerunt,</strong></span> <span class='ocrx_word' id='word_1_96' title='bbox 1272 1451 1315 1506; x_wconf 87' lang='lat' dir='ltr'><strong>Te-</strong></span> 
     </span>
     <span class='ocr_line' id='line_1_13' title="bbox 261 1552 1315 1629; baseline -0.003 -16"><span class='ocrx_word' id='word_1_97' title='bbox 261 1556 371 1613; x_wconf 89' lang='lat' dir='ltr'><strong>rentius</strong></span> <span class='ocrx_word' id='word_1_98' title='bbox 403 1555 523 1623; x_wconf 75' lang='lat' dir='ltr'><strong>laevum,</strong></span> <span class='ocrx_word' id='word_1_99' title='bbox 555 1553 694 1629; x_wconf 85' lang='lat' dir='ltr'><strong>AEmilius</strong></span> <span class='ocrx_word' id='word_1_100' title='bbox 727 1552 874 1619; x_wconf 77' lang='lat' dir='ltr'><strong>dextrum3</strong></span> <span class='ocrx_word' id='word_1_101' title='bbox 909 1552 1035 1610; x_wconf 87' lang='lat' dir='ltr'><strong>Gemino</strong></span> <span class='ocrx_word' id='word_1_102' title='bbox 1072 1554 1201 1612; x_wconf 86' lang='lat' dir='ltr'><strong>Servilio</strong></span> <span class='ocrx_word' id='word_1_103' title='bbox 1237 1555 1315 1611; x_wconf 73' lang='lat' dir='ltr'><strong>modu</strong></span> 
     </span>
     <span class='ocr_line' id='line_1_14' title="bbox 261 1660 590 1736; baseline 0 -20"><span class='ocrx_word' id='word_1_104' title='bbox 261 1678 360 1736; x_wconf 88' lang='lat' dir='ltr'><strong>pugna</strong></span> <span class='ocrx_word' id='word_1_105' title='bbox 382 1660 489 1716; x_wconf 87' lang='lat' dir='ltr'><strong>tuenda</strong></span> <span class='ocrx_word' id='word_1_106' title='bbox 512 1660 590 1716; x_wconf 86' lang='lat' dir='ltr'><strong>data.</strong></span> 
     </span>
     <span class='ocr_line' id='line_1_15' title="bbox 164 1761 1314 1838; baseline -0.001 -17"><span class='ocrx_word' id='word_1_107' title='bbox 164 1765 209 1834; x_wconf 76' lang='grc'><strong>46</strong></span> <span class='ocrx_word' id='word_1_108' title='bbox 344 1763 495 1821; x_wconf 81' lang='lat' dir='ltr'><strong>Hannibal</strong></span> <span class='ocrx_word' id='word_1_109' title='bbox 527 1764 591 1820; x_wconf 88' lang='lat' dir='ltr'><strong>luce</strong></span> <span class='ocrx_word' id='word_1_110' title='bbox 617 1762 727 1838; x_wconf 87' lang='lat' dir='ltr'><strong>prima,</strong></span> <span class='ocrx_word' id='word_1_111' title='bbox 758 1762 925 1819; x_wconf 81' lang='lat' dir='ltr'><strong>Baliaribus</strong></span> <span class='ocrx_word' id='word_1_112' title='bbox 951 1761 1067 1835; x_wconf 87' lang='lat' dir='ltr'><strong>levique</strong></span> <span class='ocrx_word' id='word_1_113' title='bbox 1090 1763 1149 1820; x_wconf 87' lang='lat' dir='ltr'><strong>alia</strong></span> <span class='ocrx_word' id='word_1_114' title='bbox 1181 1775 1314 1820; x_wconf 82' lang='lat' dir='ltr'><strong>armatura</strong></span> 
     </span>
     <span class='ocr_line' id='line_1_16' title="bbox 261 1867 1311 1945; baseline -0.005 -18"><span class='ocrx_word' id='word_1_115' title='bbox 261 1870 421 1945; x_wconf 70' lang='lat' dir='ltr'><strong>premissa,</strong></span> <span class='ocrx_word' id='word_1_116' title='bbox 442 1877 640 1943; x_wconf 87' lang='lat' dir='ltr'><strong>transgressus</strong></span> <span class='ocrx_word' id='word_1_117' title='bbox 661 1868 784 1934; x_wconf 88' lang='lat' dir='ltr'><strong>flumen,</strong></span> <span class='ocrx_word' id='word_1_118' title='bbox 818 1877 849 1925; x_wconf 90' lang='lat' dir='ltr'><strong>ut</strong></span> <span class='ocrx_word' id='word_1_119' title='bbox 870 1883 1003 1941; x_wconf 89' lang='lat' dir='ltr'><strong>quosque</strong></span> <span class='ocrx_word' id='word_1_120' title='bbox 1024 1867 1215 1938; x_wconf 76' lang='lat' dir='ltr'><strong>traduxerat,</strong></span> <span class='ocrx_word' id='word_1_121' title='bbox 1236 1869 1311 1925; x_wconf 81' lang='lat' dir='ltr'><strong>italo</strong></span> 
     </span>
     <span class='ocr_line' id='line_1_17' title="bbox 231 1971 1311 2048; baseline -0.007 -12"><span class='ocrx_word' id='word_1_122' title='bbox 231 1977 325 2037; x_wconf 77' lang='lat' dir='ltr'><strong>racio</strong></span> <span class='ocrx_word' id='word_1_123' title='bbox 352 1976 484 2043; x_wconf 86' lang='lat' dir='ltr'><strong>locabat,</strong></span> <span class='ocrx_word' id='word_1_124' title='bbox 513 1973 617 2032; x_wconf 79' lang='lat' dir='ltr'><strong>Gallos</strong></span> <span class='ocrx_word' id='word_1_125' title='bbox 639 1971 848 2046; x_wconf 83' lang='lat' dir='ltr'><strong>Hispanosque</strong></span> <span class='ocrx_word' id='word_1_126' title='bbox 878 1971 990 2046; x_wconf 81' lang='lat' dir='ltr'><strong>equites</strong></span> <span class='ocrx_word' id='word_1_127' title='bbox 1018 1991 1111 2047; x_wconf 85' lang='lat' dir='ltr'><strong>prope</strong></span> <span class='ocrx_word' id='word_1_128' title='bbox 1138 1975 1233 2048; x_wconf 81' lang='lat' dir='ltr'><strong>ripam</strong></span> <span class='ocrx_word' id='word_1_129' title='bbox 1254 1975 1311 2030; x_wconf 83' lang='lat' dir='ltr'><strong>laero</strong></span> 
     </span>
     <span class='ocr_line' id='line_1_18' title="bbox 231 2076 1311 2150; baseline -0.01 -7"><span class='ocrx_word' id='word_1_130' title='bbox 231 2083 291 2143; x_wconf 88' lang='lat' dir='ltr'><strong>3in</strong></span> <span class='ocrx_word' id='word_1_131' title='bbox 313 2099 403 2138; x_wconf 89' lang='lat' dir='ltr'><strong>cornu</strong></span> <span class='ocrx_word' id='word_1_132' title='bbox 423 2080 564 2136; x_wconf 88' lang='lat' dir='ltr'><strong>adversus</strong></span> <span class='ocrx_word' id='word_1_133' title='bbox 587 2078 753 2134; x_wconf 87' lang='lat' dir='ltr'><strong>Romanum</strong></span> <span class='ocrx_word' id='word_1_134' title='bbox 779 2076 953 2150; x_wconf 66' lang='lat' dir='ltr'><strong>equitatum</strong></span> <span class='ocrx_word' id='word_1_135' title='bbox 984 2077 1119 2134; x_wconf 84' lang='lat' dir='ltr'><strong>dextrum</strong></span> <span class='ocrx_word' id='word_1_136' title='bbox 1150 2097 1241 2135; x_wconf 88' lang='lat' dir='ltr'><strong>cornu</strong></span> <span class='ocrx_word' id='word_1_137' title='bbox 1261 2079 1311 2135; x_wconf 88' lang='lat' dir='ltr'><strong>Nu-</strong></span> 
     </span>
     <span class='ocr_line' id='line_1_19' title="bbox 263 2181 1310 2260; baseline -0.006 -18"><span class='ocrx_word' id='word_1_138' title='bbox 263 2186 346 2242; x_wconf 87' lang='lat' dir='ltr'><strong>midis</strong></span> <span class='ocrx_word' id='word_1_139' title='bbox 369 2184 513 2260; x_wconf 88' lang='lat' dir='ltr'><strong>equitibus</strong></span> <span class='ocrx_word' id='word_1_140' title='bbox 544 2181 658 2248; x_wconf 86' lang='lat' dir='ltr'><strong>datum,</strong></span> <span class='ocrx_word' id='word_1_141' title='bbox 692 2181 788 2238; x_wconf 87' lang='lat' dir='ltr'><strong>media</strong></span> <span class='ocrx_word' id='word_1_142' title='bbox 815 2182 876 2238; x_wconf 88' lang='lat' dir='ltr'><strong>acie</strong></span> <span class='ocrx_word' id='word_1_143' title='bbox 903 2183 1049 2257; x_wconf 83' lang='lat' dir='ltr'><strong>peditibus</strong></span> <span class='ocrx_word' id='word_1_144' title='bbox 1071 2185 1203 2254; x_wconf 57' lang='lat' dir='ltr'><strong>firnata,</strong></span> <span class='ocrx_word' id='word_1_145' title='bbox 1233 2185 1270 2240; x_wconf 87' lang='lat' dir='ltr'><strong>ita</strong></span> <span class='ocrx_word' id='word_1_146' title='bbox 1288 2194 1310 2236; x_wconf 85' lang='lat' dir='ltr'><strong>ut</strong></span> 
     </span>
     <span class='ocr_line' id='line_1_20' title="bbox 260 2287 1309 2363; baseline -0.007 -14"><span class='ocrx_word' id='word_1_147' title='bbox 260 2289 403 2350; x_wconf 81' lang='lat' dir='ltr'><strong>Afrorum</strong></span> <span class='ocrx_word' id='word_1_148' title='bbox 439 2297 563 2360; x_wconf 88' lang='lat' dir='ltr'><strong>utraque</strong></span> <span class='ocrx_word' id='word_1_149' title='bbox 596 2303 705 2342; x_wconf 86' lang='lat' dir='ltr'><strong>cornua</strong></span> <span class='ocrx_word' id='word_1_150' title='bbox 738 2295 848 2356; x_wconf 89' lang='lat' dir='ltr'><strong>essent,</strong></span> <span class='ocrx_word' id='word_1_151' title='bbox 880 2287 1133 2363; x_wconf 82' lang='lat' dir='ltr'><strong>interponerentur</strong></span> <span class='ocrx_word' id='word_1_152' title='bbox 1164 2289 1209 2346; x_wconf 87' lang='lat' dir='ltr'><strong>his</strong></span> <span class='ocrx_word' id='word_1_153' title='bbox 1239 2287 1309 2344; x_wconf 85' lang='lat' dir='ltr'><strong>medi</strong></span> 
     </span>
     <span class='ocr_line' id='line_1_21' title="bbox 229 2389 1309 2469; baseline -0.007 -15"><span class='ocrx_word' id='word_1_154' title='bbox 229 2394 342 2465; x_wconf 75' lang='lat' dir='ltr'><strong>sGalti</strong></span> <span class='ocrx_word' id='word_1_155' title='bbox 364 2403 460 2468; x_wconf 85' lang='lat' dir='ltr'><strong>atqua</strong></span> <span class='ocrx_word' id='word_1_156' title='bbox 473 2391 608 2466; x_wconf 80' lang='lat' dir='ltr'><strong>Hispani.</strong></span> <span class='ocrx_word' id='word_1_157' title='bbox 651 2389 743 2448; x_wconf 83' lang='lat' dir='ltr'><strong>Afros</strong></span> <span class='ocrx_word' id='word_1_158' title='bbox 765 2395 929 2450; x_wconf 88' lang='lat' dir='ltr'><strong>Romanam</strong></span> <span class='ocrx_word' id='word_1_159' title='bbox 963 2411 1071 2468; x_wconf 85' lang='lat' dir='ltr'><strong>magna</strong></span> <span class='ocrx_word' id='word_1_160' title='bbox 1101 2412 1139 2449; x_wconf 90' lang='lat' dir='ltr'><strong>ex</strong></span> <span class='ocrx_word' id='word_1_161' title='bbox 1161 2405 1243 2469; x_wconf 89' lang='lat' dir='ltr'><strong>parte</strong></span> <span class='ocrx_word' id='word_1_162' title='bbox 1261 2411 1309 2448; x_wconf 88' lang='lat' dir='ltr'><strong>cre-</strong></span> 
     </span>
     <span class='ocr_line' id='line_1_22' title="bbox 261 2497 1307 2567; baseline -0.009 -9"><span class='ocrx_word' id='word_1_163' title='bbox 261 2502 345 2558; x_wconf 85' lang='lat' dir='ltr'><strong>dares</strong></span> <span class='ocrx_word' id='word_1_164' title='bbox 368 2499 474 2566; x_wconf 86' lang='lat' dir='ltr'><strong>aeiem;</strong></span> <span class='ocrx_word' id='word_1_165' title='bbox 501 2498 543 2554; x_wconf 89' lang='lat' dir='ltr'><strong>ita</strong></span> <span class='ocrx_word' id='word_1_166' title='bbox 566 2497 671 2554; x_wconf 88' lang='lat' dir='ltr'><strong>armati</strong></span> <span class='ocrx_word' id='word_1_167' title='bbox 693 2507 777 2555; x_wconf 86' lang='lat' dir='ltr'><strong>erant</strong></span> <span class='ocrx_word' id='word_1_168' title='bbox 807 2498 895 2555; x_wconf 87' lang='lat' dir='ltr'><strong>armis</strong></span> <span class='ocrx_word' id='word_1_169' title='bbox 919 2506 948 2554; x_wconf 86' lang='lat' dir='ltr'><strong>et</strong></span> <span class='ocrx_word' id='word_1_170' title='bbox 970 2497 1008 2553; x_wconf 90' lang='lat' dir='ltr'><strong>ad</strong></span> <span class='ocrx_word' id='word_1_171' title='bbox 1028 2498 1179 2567; x_wconf 87' lang='lat' dir='ltr'><strong>Trebiam,</strong></span> <span class='ocrx_word' id='word_1_172' title='bbox 1201 2507 1307 2554; x_wconf 87' lang='lat' dir='ltr'><strong>ceterum</strong></span> 
     </span>
     <span class='ocr_line' id='line_1_23' title="bbox 230 2598 1307 2679; baseline -0.006 -18"><span class='ocrx_word' id='word_1_173' title='bbox 230 2621 367 2678; x_wconf 83' lang='lat' dir='ltr'><strong>5magns</strong></span> <span class='ocrx_word' id='word_1_174' title='bbox 391 2609 534 2677; x_wconf 86' lang='lat' dir='ltr'><strong>exparte</strong></span> <span class='ocrx_word' id='word_1_175' title='bbox 556 2600 594 2657; x_wconf 87' lang='lat' dir='ltr'><strong>ad</strong></span> <span class='ocrx_word' id='word_1_176' title='bbox 610 2601 844 2660; x_wconf 85' lang='lat' dir='ltr'><strong>Trasumennum</strong></span> <span class='ocrx_word' id='word_1_177' title='bbox 867 2600 968 2676; x_wconf 85' lang='lat' dir='ltr'><strong>captis.</strong></span> <span class='ocrx_word' id='word_1_178' title='bbox 1012 2598 1108 2658; x_wconf 83' lang='lat' dir='ltr'><strong>Gallis</strong></span> <span class='ocrx_word' id='word_1_179' title='bbox 1129 2603 1307 2679; x_wconf 87' lang='lat' dir='ltr'><strong>Hispanisque</strong></span> 
     </span>
     <span class='ocr_line' id='line_1_24' title="bbox 260 2704 1307 2782; baseline -0.006 -17"><span class='ocrx_word' id='word_1_180' title='bbox 260 2718 344 2766; x_wconf 86' lang='lat' dir='ltr'><strong>scuta</strong></span> <span class='ocrx_word' id='word_1_181' title='bbox 366 2708 493 2764; x_wconf 89' lang='lat' dir='ltr'><strong>eiusdem</strong></span> <span class='ocrx_word' id='word_1_182' title='bbox 516 2705 618 2762; x_wconf 80' lang='lat' dir='ltr'><strong>iormae</strong></span> <span class='ocrx_word' id='word_1_183' title='bbox 639 2704 701 2763; x_wconf 83' lang='lat' dir='ltr'><strong>iere</strong></span> <span class='ocrx_word' id='word_1_184' title='bbox 722 2716 819 2778; x_wconf 88' lang='lat' dir='ltr'><strong>erant,</strong></span> <span class='ocrx_word' id='word_1_185' title='bbox 842 2708 973 2782; x_wconf 87' lang='lat' dir='ltr'><strong>dispares</strong></span> <span class='ocrx_word' id='word_1_186' title='bbox 995 2725 1030 2762; x_wconf 88' lang='lat' dir='ltr'><strong>ec</strong></span> <span class='ocrx_word' id='word_1_187' title='bbox 1052 2706 1207 2766; x_wconf 86' lang='lat' dir='ltr'><strong>dissimiles</strong></span> <span class='ocrx_word' id='word_1_188' title='bbox 1226 2706 1307 2782; x_wconf 82' lang='lat' dir='ltr'><strong>gladii,</strong></span> 
     </span>
     <span class='ocr_line' id='line_1_25' title="bbox 260 2810 1346 2889; baseline -0.009 -17"><span class='ocrx_word' id='word_1_189' title='bbox 260 2813 356 2872; x_wconf 87' lang='lat' dir='ltr'><strong>Gallis</strong></span> <span class='ocrx_word' id='word_1_190' title='bbox 376 2811 517 2889; x_wconf 84' lang='lat' dir='ltr'><strong>praelongi</strong></span> <span class='ocrx_word' id='word_1_191' title='bbox 541 2829 576 2868; x_wconf 89' lang='lat' dir='ltr'><strong>ao</strong></span> <span class='ocrx_word' id='word_1_192' title='bbox 597 2810 659 2867; x_wconf 88' lang='lat' dir='ltr'><strong>sine</strong></span> <span class='ocrx_word' id='word_1_193' title='bbox 682 2812 884 2881; x_wconf 77' lang='lat' dir='ltr'><strong>mucronibus,</strong></span> <span class='ocrx_word' id='word_1_194' title='bbox 908 2811 1059 2886; x_wconf 88' lang='lat' dir='ltr'><strong>Hispano,</strong></span> <span class='ocrx_word' id='word_1_195' title='bbox 1082 2815 1211 2886; x_wconf 88' lang='lat' dir='ltr'><strong>punctim</strong></span> <span class='ocrx_word' id='word_1_196' title='bbox 1233 2811 1306 2884; x_wconf 69' lang='lat' dir='ltr'><strong>magis</strong></span> <span class='ocrx_word' id='word_1_197' title='bbox 1345 2854 1346 2863; x_wconf 71' lang='grc'>,</span> 
     </span>
     <span class='ocr_line' id='line_1_26' title="bbox 260 2917 1305 2993; baseline -0.008 -17"><span class='ocrx_word' id='word_1_198' title='bbox 260 2938 347 2993; x_wconf 89' lang='lat' dir='ltr'><strong>quam</strong></span> <span class='ocrx_word' id='word_1_199' title='bbox 370 2918 466 2976; x_wconf 84' lang='lat' dir='ltr'><strong>caesim</strong></span> <span class='ocrx_word' id='word_1_200' title='bbox 488 2925 604 2974; x_wconf 88' lang='lat' dir='ltr'><strong>assueto</strong></span> <span class='ocrx_word' id='word_1_201' title='bbox 626 2925 725 2990; x_wconf 88' lang='lat' dir='ltr'><strong>petere</strong></span> <span class='ocrx_word' id='word_1_202' title='bbox 755 2918 882 2986; x_wconf 86' lang='lat' dir='ltr'><strong>hostem,</strong></span> <span class='ocrx_word' id='word_1_203' title='bbox 912 2917 1054 2974; x_wconf 86' lang='lat' dir='ltr'><strong>brevitate</strong></span> <span class='ocrx_word' id='word_1_204' title='bbox 1080 2918 1193 2976; x_wconf 86' lang='lat' dir='ltr'><strong>habiles</strong></span> <span class='ocrx_word' id='word_1_205' title='bbox 1214 2927 1241 2975; x_wconf 89' lang='lat' dir='ltr'><strong>et</strong></span> <span class='ocrx_word' id='word_1_206' title='bbox 1255 2934 1305 2972; x_wconf 88' lang='lat' dir='ltr'><strong>oon</strong></span> 
     </span>
     <span class='ocr_line' id='line_1_27' title="bbox 259 3020 1303 3097; baseline -0.009 -15"><span class='ocrx_word' id='word_1_207' title='bbox 259 3023 455 3082; x_wconf 82' lang='lat' dir='ltr'><strong>mucronibus.</strong></span> <span class='ocrx_word' id='word_1_208' title='bbox 519 3024 597 3080; x_wconf 86' lang='lat' dir='ltr'><strong>Ante</strong></span> <span class='ocrx_word' id='word_1_209' title='bbox 641 3020 715 3077; x_wconf 88' lang='lat' dir='ltr'><strong>alios</strong></span> <span class='ocrx_word' id='word_1_210' title='bbox 757 3022 874 3078; x_wconf 89' lang='lat' dir='ltr'><strong>habitus</strong></span> <span class='ocrx_word' id='word_1_211' title='bbox 916 3020 1043 3096; x_wconf 89' lang='lat' dir='ltr'><strong>gentium</strong></span> <span class='ocrx_word' id='word_1_212' title='bbox 1086 3023 1191 3082; x_wconf 91' lang='lat' dir='ltr'><strong>harum</strong></span> <span class='ocrx_word' id='word_1_213' title='bbox 1235 3039 1303 3097; x_wconf 87' lang='lat' dir='ltr'><strong>quun</strong></span> 
     </span>
     <span class='ocr_line' id='line_1_28' title="bbox 229 3126 1304 3202; baseline -0.003 -16"><span class='ocrx_word' id='word_1_214' title='bbox 229 3127 458 3202; x_wconf 68' lang='lat' dir='ltr'><strong>omagnitudiue</strong></span> <span class='ocrx_word' id='word_1_215' title='bbox 480 3143 646 3200; x_wconf 88' lang='lat' dir='ltr'><strong>corporum,</strong></span> <span class='ocrx_word' id='word_1_216' title='bbox 669 3136 731 3182; x_wconf 90' lang='lat' dir='ltr'><strong>tum</strong></span> <span class='ocrx_word' id='word_1_217' title='bbox 754 3127 850 3201; x_wconf 88' lang='lat' dir='ltr'><strong>specie</strong></span> <span class='ocrx_word' id='word_1_218' title='bbox 871 3126 1007 3184; x_wconf 83' lang='lat' dir='ltr'><strong>terribilis</strong></span> <span class='ocrx_word' id='word_1_219' title='bbox 1030 3135 1105 3184; x_wconf 87' lang='lat' dir='ltr'><strong>erat:</strong></span> <span class='ocrx_word' id='word_1_220' title='bbox 1137 3129 1218 3188; x_wconf 90' lang='lat' dir='ltr'><strong>Galli</strong></span> <span class='ocrx_word' id='word_1_221' title='bbox 1237 3143 1304 3200; x_wconf 82' lang='lat' dir='ltr'><strong>super</strong></span> 
     </span>
     <span class='ocr_line' id='line_1_29' title="bbox 259 3212 1302 3308; baseline -0.005 -18"><span class='ocrx_word' id='word_1_222' title='bbox 259 3233 426 3290; x_wconf 90' lang='lat' dir='ltr'><strong>umbilicum</strong></span> <span class='ocrx_word' id='word_1_223' title='bbox 450 3239 533 3288; x_wconf 90' lang='lat' dir='ltr'><strong>erant</strong></span> <span class='ocrx_word' id='word_1_224' title='bbox 558 3231 643 3301; x_wconf 90' lang='lat' dir='ltr'><strong>nudi;</strong></span> <span class='ocrx_word' id='word_1_225' title='bbox 671 3231 798 3306; x_wconf 85' lang='lat' dir='ltr'><strong>Hispani</strong></span> <span class='ocrx_word' id='word_1_226' title='bbox 828 3232 922 3289; x_wconf 88' lang='lat' dir='ltr'><strong>linteis</strong></span> <span class='ocrx_word' id='word_1_227' title='bbox 949 3212 1097 3306; x_wconf 71' lang='lat' dir='ltr'><strong>pratentis</strong></span> <span class='ocrx_word' id='word_1_228' title='bbox 1122 3251 1249 3308; x_wconf 85' lang='lat' dir='ltr'><strong>purpura</strong></span> <span class='ocrx_word' id='word_1_229' title='bbox 1272 3239 1302 3285; x_wconf 88' lang='lat' dir='ltr'><strong>tu·</strong></span> 
     </span>
     <span class='ocr_line' id='line_1_30' title="bbox 259 3335 1303 3411; baseline -0.004 -16"><span class='ocrx_word' id='word_1_230' title='bbox 259 3338 341 3409; x_wconf 87' lang='lat' dir='ltr'><strong>uicis,</strong></span> <span class='ocrx_word' id='word_1_231' title='bbox 364 3337 490 3396; x_wconf 88' lang='lat' dir='ltr'><strong>candore</strong></span> <span class='ocrx_word' id='word_1_232' title='bbox 513 3336 586 3392; x_wconf 90' lang='lat' dir='ltr'><strong>miro</strong></span> <span class='ocrx_word' id='word_1_233' title='bbox 608 3335 796 3411; x_wconf 79' lang='lat' dir='ltr'><strong>fulgentibus,</strong></span> <span class='ocrx_word' id='word_1_234' title='bbox 818 3336 1015 3395; x_wconf 86' lang='lat' dir='ltr'><strong>constiterant.</strong></span> <span class='ocrx_word' id='word_1_235' title='bbox 1062 3338 1211 3396; x_wconf 87' lang='lat' dir='ltr'><strong>Numerus</strong></span> <span class='ocrx_word' id='word_1_236' title='bbox 1232 3335 1303 3394; x_wconf 86' lang='lat' dir='ltr'><strong>onni-</strong></span> 
     </span>
     <span class='ocr_line' id='line_1_31' title="bbox 259 3441 1302 3519; baseline -0.005 -18"><span class='ocrx_word' id='word_1_237' title='bbox 259 3463 307 3502; x_wconf 90' lang='lat' dir='ltr'><strong>um</strong></span> <span class='ocrx_word' id='word_1_238' title='bbox 329 3443 474 3519; x_wconf 88' lang='lat' dir='ltr'><strong>peditum,</strong></span> <span class='ocrx_word' id='word_1_239' title='bbox 497 3442 628 3516; x_wconf 88' lang='lat' dir='ltr'><strong>quitum</strong></span> <span class='ocrx_word' id='word_1_240' title='bbox 652 3450 793 3500; x_wconf 85' lang='lat' dir='ltr'><strong>steterunt</strong></span> <span class='ocrx_word' id='word_1_241' title='bbox 813 3441 842 3498; x_wconf 91' lang='lat' dir='ltr'><strong>iu</strong></span> <span class='ocrx_word' id='word_1_242' title='bbox 865 3441 939 3511; x_wconf 82' lang='lat' dir='ltr'><strong>acie,</strong></span> <span class='ocrx_word' id='word_1_243' title='bbox 972 3441 1092 3499; x_wconf 88' lang='lat' dir='ltr'><strong>millium</strong></span> <span class='ocrx_word' id='word_1_244' title='bbox 1120 3444 1176 3500; x_wconf 81' lang='lat' dir='ltr'><strong>fuit</strong></span> <span class='ocrx_word' id='word_1_245' title='bbox 1197 3443 1302 3518; x_wconf 85' lang='lat' dir='ltr'><strong>quadra·</strong></span> 
     </span>
     <span class='ocr_line' id='line_1_32' title="bbox 228 3546 1302 3623; baseline -0.003 -21"><span class='ocrx_word' id='word_1_246' title='bbox 228 3547 354 3622; x_wconf 85' lang='lat' dir='ltr'><strong>7ginta,</strong></span> <span class='ocrx_word' id='word_1_247' title='bbox 386 3547 484 3604; x_wconf 85' lang='lat' dir='ltr'><strong>decem</strong></span> <span class='ocrx_word' id='word_1_248' title='bbox 517 3547 656 3622; x_wconf 87' lang='lat' dir='ltr'><strong>equitum.</strong></span> <span class='ocrx_word' id='word_1_249' title='bbox 713 3548 812 3604; x_wconf 86' lang='lat' dir='ltr'><strong>Duces</strong></span> <span class='ocrx_word' id='word_1_250' title='bbox 842 3546 978 3604; x_wconf 88' lang='lat' dir='ltr'><strong>cornibus</strong></span> <span class='ocrx_word' id='word_1_251' title='bbox 1013 3559 1173 3623; x_wconf 83' lang='lat' dir='ltr'><strong>praeerant,</strong></span> <span class='ocrx_word' id='word_1_252' title='bbox 1207 3550 1302 3608; x_wconf 86' lang='lat' dir='ltr'><strong>sinistro</strong></span> 
     </span>
     <span class='ocr_line' id='line_1_33' title="bbox 257 3651 1301 3731; baseline -0.004 -21"><span class='ocrx_word' id='word_1_253' title='bbox 257 3651 441 3721; x_wconf 85' lang='lat' dir='ltr'><strong>Hasdrubal,</strong></span> <span class='ocrx_word' id='word_1_254' title='bbox 468 3652 572 3712; x_wconf 85' lang='lat' dir='ltr'><strong>dextro</strong></span> <span class='ocrx_word' id='word_1_255' title='bbox 601 3652 758 3710; x_wconf 86' lang='lat' dir='ltr'><strong>Maharbal</strong></span> <span class='ocrx_word' id='word_1_256' title='bbox 766 3671 779 3731; x_wconf 43' lang='lat' dir='ltr'><strong>;l</strong></span> <span class='ocrx_word' id='word_1_257' title='bbox 804 3652 928 3709; x_wconf 88' lang='lat' dir='ltr'><strong>mediam</strong></span> <span class='ocrx_word' id='word_1_258' title='bbox 961 3652 1052 3709; x_wconf 89' lang='lat' dir='ltr'><strong>aciem</strong></span> <span class='ocrx_word' id='word_1_259' title='bbox 1081 3653 1231 3714; x_wconf 85' lang='lat' dir='ltr'><strong>Hannibal</strong></span> <span class='ocrx_word' id='word_1_260' title='bbox 1256 3655 1301 3728; x_wconf 88' lang='lat' dir='ltr'><strong>ipse</strong></span> 
     </span>
     <span class='ocr_line' id='line_1_34' title="bbox 227 3757 1300 3836; baseline -0.003 -19"><span class='ocrx_word' id='word_1_261' title='bbox 227 3769 323 3824; x_wconf 86' lang='lat' dir='ltr'><strong>8oum</strong></span> <span class='ocrx_word' id='word_1_262' title='bbox 344 3758 436 3817; x_wconf 79' lang='lat' dir='ltr'><strong>fratre</strong></span> <span class='ocrx_word' id='word_1_263' title='bbox 457 3760 586 3836; x_wconf 83' lang='lat' dir='ltr'><strong>Magone</strong></span> <span class='ocrx_word' id='word_1_264' title='bbox 607 3759 706 3815; x_wconf 89' lang='lat' dir='ltr'><strong>tenuit.</strong></span> <span class='ocrx_word' id='word_1_265' title='bbox 750 3757 803 3816; x_wconf 84' lang='lat' dir='ltr'><strong>Sol</strong></span> <span class='ocrx_word' id='word_1_266' title='bbox 836 3776 887 3816; x_wconf 89' lang='lat' dir='ltr'><strong>seu</strong></span> <span class='ocrx_word' id='word_1_267' title='bbox 918 3760 954 3816; x_wconf 89' lang='lat' dir='ltr'><strong>da</strong></span> <span class='ocrx_word' id='word_1_268' title='bbox 976 3759 1119 3817; x_wconf 87' lang='lat' dir='ltr'><strong>industria</strong></span> <span class='ocrx_word' id='word_1_269' title='bbox 1150 3762 1192 3818; x_wconf 86' lang='lat' dir='ltr'><strong>ita</strong></span> <span class='ocrx_word' id='word_1_270' title='bbox 1211 3759 1300 3824; x_wconf 85' lang='lat' dir='ltr'><strong>locatis,</strong></span> 
     </span>
     <span class='ocr_line' id='line_1_35' title="bbox 257 3863 1300 3941; baseline -0.002 -19"><span class='ocrx_word' id='word_1_271' title='bbox 257 3883 308 3922; x_wconf 87' lang='lat' dir='ltr'><strong>sen</strong></span> <span class='ocrx_word' id='word_1_272' title='bbox 330 3865 408 3938; x_wconf 91' lang='lat' dir='ltr'><strong>quod</strong></span> <span class='ocrx_word' id='word_1_273' title='bbox 424 3863 500 3921; x_wconf 86' lang='lat' dir='ltr'><strong>forte</strong></span> <span class='ocrx_word' id='word_1_274' title='bbox 521 3863 563 3919; x_wconf 88' lang='lat' dir='ltr'><strong>ita</strong></span> <span class='ocrx_word' id='word_1_275' title='bbox 584 3871 699 3934; x_wconf 88' lang='lat' dir='ltr'><strong>stetere,</strong></span> <span class='ocrx_word' id='word_1_276' title='bbox 721 3873 937 3939; x_wconf 88' lang='lat' dir='ltr'><strong>peropportune</strong></span> <span class='ocrx_word' id='word_1_277' title='bbox 953 3865 1068 3940; x_wconf 86' lang='lat' dir='ltr'><strong>utrique</strong></span> <span class='ocrx_word' id='word_1_278' title='bbox 1089 3869 1168 3941; x_wconf 88' lang='lat' dir='ltr'><strong>parti</strong></span> <span class='ocrx_word' id='word_1_279' title='bbox 1189 3869 1300 3941; x_wconf 85' lang='lat' dir='ltr'><strong>obliquus</strong></span> 
     </span>
     <span class='ocr_line' id='line_1_36' title="bbox 256 3966 1299 4044; baseline -0.002 -20"><span class='ocrx_word' id='word_1_280' title='bbox 256 3978 335 4034; x_wconf 89' lang='lat' dir='ltr'><strong>erat,</strong></span> <span class='ocrx_word' id='word_1_281' title='bbox 369 3966 511 4024; x_wconf 89' lang='lat' dir='ltr'><strong>Romanis</strong></span> <span class='ocrx_word' id='word_1_282' title='bbox 530 3968 559 4022; x_wconf 93' lang='lat' dir='ltr'><strong>iu</strong></span> <span class='ocrx_word' id='word_1_283' title='bbox 582 3968 747 4038; x_wconf 88' lang='lat' dir='ltr'><strong>meridiem,</strong></span> <span class='ocrx_word' id='word_1_284' title='bbox 777 3970 875 4026; x_wconf 84' lang='lat' dir='ltr'><strong>Poenis</strong></span> <span class='ocrx_word' id='word_1_285' title='bbox 905 3969 935 4024; x_wconf 90' lang='lat' dir='ltr'><strong>in</strong></span> <span class='ocrx_word' id='word_1_286' title='bbox 962 3972 1188 4044; x_wconf 87' lang='lat' dir='ltr'><strong>septentrionem</strong></span> <span class='ocrx_word' id='word_1_287' title='bbox 1217 3970 1299 4029; x_wconf 83' lang='lat' dir='ltr'><strong>versis:</strong></span> 
     </span>
    </p>
   </div>
   <div class='ocr_carea' id='block_1_4' title="bbox 0 0 1356 4552">
    <p class='ocr_par' dir='ltr' id='par_1_4' title="bbox 0 0 1356 4552">
     <span class='ocr_line' id='line_1_37' title="bbox 0 0 1356 4552; baseline 0 6"><span class='ocrx_word' id='word_1_288' title='bbox 0 0 1356 4552; x_wconf 95' lang='lat' dir='ltr'><strong> </strong></span> 
     </span>
    </p>
   </div>
  </div>
 </body>
</html>
