2678 4560
300 273 339 330 98
563 272 642 322 Liber
660 269 774 322 xxvtt.
812 271 858 334 (Δ.
871 285 898 322 u.
911 285 935 322 e.
950 271 1026 332 ⁶46.)

207 455 243 511 1³
257 466 405 533 postremo
427 463 571 531 negarunt
592 455 688 514 dirimi
710 454 817 511 bellum
840 471 943 528 posse,
971 453 1029 510 uisi
1050 452 1210 510 Messeniis
1231 449 1337 522 thu'g

257 565 363 642 Pylum
385 563 551 632 redderent,
573 561 714 618 Romanis
734 559 934 618 restitueretur
957 559 1136 628 Atintania,
1155 557 1337 640 Scerdiladuq

207 666 244 721 14
258 679 287 726 et
316 669 456 726 Pleurato
487 666 617 742 Ardyaei.
670 666 829 724 Enimvero
860 665 1011 740 indignum
1048 673 1135 722 ratus
1171 664 1337 739 Philippa*

257 773 351 830 victos
372 771 478 830 victori
501 773 554 830 sibi
579 773 655 830 ultro
678 772 862 830 condiciones
883 771 969 840 ferre,
993 790 1032 827 ne
1052 776 1145 826 autea
1164 770 1279 844 quidem
1297 787 1337 832 sa

258 887 309 936 aut
336 878 373 934 de
402 896 475 952 pace
503 877 619 934 audisse
648 886 699 934 aut
719 875 846 933 indutias
867 876 1014 951 pepigisse
1040 875 1118 932 dixit
1141 894 1226 950 spem
1247 875 1323 932 uttan

257 984 421 1053 habentem,
437 982 586 1057 quieturos
596 981 726 1051 AEtolos,
748 983 799 1038 sed
816 990 848 1038 nt
863 999 964 1038 omnes
979 981 1078 1038 socios
1094 989 1189 1038 testes
1209 979 1337 1050 haberet}

208 1087 244 1141 15
258 1107 290 1146 se
310 1088 408 1164 pacis,
441 1088 507 1144 illos
535 1085 744 1144 bellicensem
767 1087 914 1161 quesisse.
963 1087 1013 1142 Ita
1033 1083 1149 1143 iniecta
1171 1103 1250 1161 pace
1269 1103 1337 1170 con-3

258 1193 353 1250 cilium
384 1193 506 1262 dimisit,
542 1201 680 1267 quattuor
706 1192 833 1250 millibus
858 1199 1037 1249 armatorum
1067 1191 1182 1248 relictis
1207 1191 1246 1247 ad
1265 1209 1337 1265 pra·

208 1297 361 1356 ldsidium
384 1299 562 1356 thaeorum
600 1306 628 1354 et
657 1299 786 1373 quinque
818 1298 914 1373 longis
935 1297 1063 1352 navibus
1087 1297 1240 1372 acceptis,
1267 1311 1337 1370 qun¹

258 1406 281 1463 si
304 1405 457 1463 adiecisset
476 1404 572 1460 missae
595 1422 688 1479 nuper
711 1404 748 1460 ad
770 1421 802 1460 se
823 1402 908 1459 classi
931 1383 1228 1476 Carthaginiensium
1251 1411 1277 1457 at
1297 1416 1326 1458 ax

257 1512 396 1586 Bithynia
419 1513 456 1568 ab
478 1529 547 1584 rege
569 1509 676 1567 Prusia
697 1507 879 1565 venientibus
901 1507 1039 1577 navibus,
1068 1515 1222 1565 statuerat
1242 1503 1338 1564 navat

257 1616 360 1692 proelio
392 1616 536 1673 lacessere
564 1617 729 1684 Romanos,
750 1614 808 1669 iam
842 1614 890 1670 diu
920 1613 949 1670 in
982 1613 1106 1686 regione
1139 1633 1176 1670 ea
1208 1623 1327 1689 potentat

208 1717 243 1770 17
258 1722 357 1780 maris.
406 1723 474 1796 lpse
496 1720 534 1776 ab
558 1737 593 1776 eo
616 1718 738 1776 concilio
760 1721 861 1793 Argos
888 1736 1052 1792 regressus;
1087 1720 1152 1776 iam
1175 1719 1255 1776 enim
1278 1719 1325 1775 Na·

258 1845 388 1884 meorum
426 1826 585 1902 appetebat
616 1833 745 1899 tempus,
781 1841 846 1898 quse
879 1823 1026 1880 celebrare
1057 1825 1186 1882 volebat
1213 1841 1325 1900 praeau-

256 1933 299 1990 tia
320 1951 382 1990 sua.

162 2021 201 2090 31
341 2036 494 2112 Occupato
530 2049 599 2107 rega
636 2039 780 2107 apparatu
818 2030 952 2087 ludorum
994 2039 1024 2088 et
1058 2051 1115 2106 per
1151 2035 1217 2092 dies
1250 2034 1325 2090 fastos

257 2141 389 2198 licentius
423 2158 509 2214 quam
543 2138 618 2194 inter
651 2137 719 2193 belli
753 2147 886 2211 tempora
917 2134 1084 2193 remittente
1113 2139 1268 2208 animum,
1297 2139 1323 2196 P.

261 2245 405 2321 Sulpicius
436 2245 474 2301 ab
496 2243 654 2317 Naupacto
681 2239 829 2316 profectus
851 2241 974 2298 classem
997 2241 1115 2316 appulit
1136 2243 1217 2300 iuter
1239 2243 1324 2317 Sicyo·

261 2369 326 2408 nem
358 2358 387 2406 et
420 2345 611 2416 Corinthum,
651 2348 873 2421 felicissimaque
903 2365 1002 2419 aprum
1041 2345 1208 2405 fertilitatis
1251 2346 1325 2405 effusa

231 2449 248 2504 2
262 2453 398 2511 vastavit.
447 2454 543 2510 Fama
563 2451 624 2508 eius
643 2452 686 2508 rei
697 2451 865 2526 Philippum
881 2451 918 2508 ab
934 2450 1010 2506 ludis
1022 2451 1150 2523 excivit3
1174 2455 1324 2529 raptimque

261 2577 325 2616 cum
346 2558 475 2632 equitatu
494 2555 652 2632 proiectus,
662 2555 749 2613 iussis
764 2557 903 2631 subsequi
917 2555 1072 2630 peditibus,
1092 2558 1215 2632 palatos
1230 2557 1325 2635 passio

258 2681 310 2738 per
345 2681 433 2736 agros
464 2679 628 2737 gravesque
662 2661 780 2736 prada,
817 2670 849 2718 ut
881 2660 931 2735 qui
964 2660 1036 2717 nihil
1067 2663 1131 2719 tale
1168 2669 1323 2721 metuerant

227 2765 378 2826 badortus
405 2770 557 2826 Romanos
586 2767 727 2841 compulit
747 2766 777 2822 in
798 2784 897 2826 naves.
945 2763 1056 2823 Classis
1077 2769 1222 2826 Romana
1243 2767 1323 2825 haud-

258 2891 406 2947 quaquam
418 2871 593 2948 latapruada
599 2871 787 2945 Naupactum
797 2871 895 2940 rediit3
907 2871 1046 2947 Philippo
1057 2872 1198 2930 ludorum
1210 2889 1323 2946 quoque

258 2979 308 3052 qui
337 2979 441 3052 reliqui
471 2986 572 3048 erant,
607 2975 803 3032 celebritatem
837 2985 1088 3050 quantacunque,
1127 2978 1166 3036 de
1196 2975 1323 3036 Romanis

227 3084 365 3152 ttamen,
386 3083 516 3140 victoriae
540 3090 632 3157 partae
663 3080 745 3138 fama
768 3089 906 3151 auxerat,
942 3081 1104 3156 latitiaque
1125 3083 1240 3159 ingenti
1262 3081 1322 3139 cele·

257 3187 334 3244 brati
364 3187 431 3244 festi
452 3187 530 3258 dies,
564 3205 599 3244 eo
630 3185 725 3260 magis
754 3185 856 3255 etium,
891 3187 985 3260 quod,
1008 3189 1195 3264 populariter
1214 3189 1322 3261 dempto

258 3291 361 3368 eapitis
389 3291 495 3366 insigni
521 3309 709 3366 purpuraque
734 3300 822 3366 atque
845 3290 904 3348 alio
925 3291 1006 3366 regio
1028 3293 1143 3364 habitu,
1166 3303 1322 3369 aequaverat

258 3397 360 3456 ceteris
382 3413 413 3454 se
434 3396 465 3453 iu
487 3397 632 3471 speciem,
660 3415 719 3471 quo
741 3395 812 3454 nihil
834 3396 944 3470 gratius
965 3405 1009 3453 est
1030 3397 1202 3456 civitatibus
1221 3399 1322 3456 liberis:

228 3503 485 3577 5praabuissetque
514 3500 594 3562 haud
629 3500 746 3558 dubiam
784 3521 819 3558 eo
854 3500 934 3558 facto
966 3519 1047 3576 spem
1082 3503 1247 3575 libertatis,
1279 3499 1320 3560 nisi

258 3607 357 3664 omnia
377 3607 562 3664 intoleranda
584 3606 703 3663 libidine
724 3581 804 3664 foede
826 3623 861 3662 ae
878 3605 1022 3664 deformia
1041 3606 1198 3670 effecisset.
1230 3611 1320 3682 Vaga·

258 3711 346 3767 batur
378 3713 454 3768 euim
490 3730 555 3768 oum
588 3731 647 3768 uno
676 3720 728 3768 aut
759 3711 851 3768 altero
883 3712 988 3769 comite
1009 3731 1062 3786 per
1084 3715 1208 3772 maritas
1228 3716 1319 3772 domos

227 3815 321 3873 bdies
343 3825 517 3892 noctesque,
547 3823 576 3872 et
596 3816 801 3874 summittendo
823 3835 855 3875 se
875 3817 905 3874 iu
926 3817 1074 3892 privatum
1089 3817 1251 3895 fastigium,
1273 3833 1317 3892 qno

178 3927 189 3940 “
260 3921 354 3979 minus
377 3930 564 3995 conspectus,
588 3939 624 3977 eo
646 3922 768 3981 solutior
789 3934 868 3995 erat,
902 3931 931 3979 et
952 3921 1135 3995 libertatem,
1157 3943 1248 3998 quum
1266 3921 1317 3980 aliis

228 4026 368 4082 'tranum
391 4024 582 4095 ostendisset,
606 4033 698 4083 totam
720 4026 750 4082 in
773 4045 856 4084 suam
875 4025 1020 4085 licentium
1042 4038 1178 4088 verterat
1227 4030 1315 4102 Neque
