2812 4556
286 158 325 211 40
570 151 650 202 Liber
667 151 742 202 XXI.
780 151 826 214 (A.
840 166 865 200 ιι.
879 166 901 203 e.
915 150 989 216 ⁵86.)

214 340 342 413 lpugna
362 343 493 408 venerat,
515 336 608 394 donec
621 335 768 406 Numidae,
791 335 842 410 qui
863 336 894 392 in
914 335 1050 394 comibus
1073 341 1167 404 arant,
1191 333 1338 392 omum-

243 442 319 500 vecti
348 442 467 517 paulum
496 442 534 499 ab
567 450 650 518 tergo
682 460 714 498 sa
744 441 942 501 ostenderunt.
997 441 1028 499 Is
1061 459 1158 516 pavor
1191 439 1337 516 perculit

243 549 403 618 Romanos,
425 547 564 622 auxitque
585 565 725 621 pavorem
748 545 874 604 consulis
895 545 1000 604 vulnus
1021 545 1247 621 periculumque
1276 547 1335 604 in-

44 593 115 800 (st
213 651 373 709 atereursu
395 659 456 708 tum
478 652 603 727 primum
630 651 813 726 pubescentis
842 650 893 708 lilii
914 652 1127 727 propulsatum.
1178 651 1243 710 Hic
1264 623 1334 760 ciffi
1385 662 1392 767 ιδ

242 757 364 828 invenis,
386 775 474 831 penes
496 775 581 832 quem
604 755 726 832 perfecti
746 757 865 814 huiusce
889 756 956 813 belli
978 757 1042 815 laus
1064 766 1123 829 est,
1152 757 1333 816 Africanus

244 865 281 920 ob
313 862 459 938 egregiam
492 861 643 918 victoriam
680 860 716 916 de
748 860 916 918 Hannibale
946 863 1105 938 Poenisque
1136 863 1330 940 appellatus.

213 966 330 1042 9Fuga
361 975 459 1024 tamen
489 964 582 1023 effusa
610 961 802 1024 iaculatorum
832 967 961 1026 maxime
990 967 1059 1040 fuit,
1092 985 1167 1044 quos
1201 970 1329 1045 primos

243 1073 378 1132 Numidae
411 1072 594 1140 invaserunt3
628 1070 702 1127 alius
737 1070 883 1130 confertus
918 1074 1064 1148 equitatus
1102 1075 1257 1134 consulem
1291 1077 1326 1132 in
1388 1058 1389 1069 ἵ

244 1179 369 1238 medium
385 1185 545 1252 acceptum,
567 1193 625 1232 non
648 1177 736 1233 armis
752 1179 849 1249 modo,
872 1179 1032 1236 sedetiam
1056 1180 1231 1257 corporibus
1254 1176 1326 1238 anis

243 1293 414 1360 protegens,
445 1282 474 1338 in
504 1289 600 1338 castra
623 1301 767 1356 nusquam
799 1284 912 1360 trepide
938 1303 1033 1359 nequa
1061 1283 1153 1344 effuse
1181 1287 1324 1344 cadendo

195 1387 229 1441 10
243 1387 368 1447 reduxit.
424 1385 540 1444 Servati
556 1387 694 1444 ,consulis
719 1387 807 1444 decus
842 1387 949 1448 Caelius
980 1391 1018 1446 ad
1047 1409 1162 1448 servum
1191 1392 1323 1450 natione

243 1493 384 1568 Ligurem'
402 1492 531 1567 delegat3
555 1492 651 1549 malim
675 1494 806 1567 equidem
842 1495 878 1552 da
909 1496 969 1552 filio
996 1514 1097 1552 varum
1121 1513 1200 1565 esse,
1234 1496 1320 1570 quod

243 1609 272 1657 et
292 1599 389 1675 plures
408 1597 554 1656 tradidere
576 1607 709 1656 auctores
732 1608 760 1656 et
782 1599 863 1658 fama
885 1602 1017 1659 obtinuit

149 1694 191 1764 47
325 1705 392 1762 Hoc
416 1703 540 1779 primum
573 1722 637 1761 oum
662 1705 828 1763 Hannibale
859 1706 992 1781 proelium
1024 1705 1093 1776 iuit3
1130 1724 1190 1780 quo
1226 1704 1320 1763 facila

243 1811 387 1888 apparuit,
411 1807 468 1888 [et]
492 1810 622 1884 equitatu
644 1811 791 1868 meliorem
807 1813 930 1870 Poenum
946 1830 1018 1885 esse,
1039 1819 1068 1869 ει
1089 1811 1128 1869 ob
1143 1811 1173 1868 id
1189 1829 1318 1886 campos

242 1925 389 1992 patentes,
424 1916 523 1990 quales
553 1923 620 1972 sunt
640 1916 715 1973 inter
735 1917 851 1973 Padum
875 1916 1040 1996 Alpesque,
1072 1916 1148 1974 bello
1180 1917 1317 1991 gerendo

213 2022 384 2080 2Romanis
407 2032 492 2096 aptos
515 2040 574 2079 non
597 2040 669 2078 esse.
715 2022 820 2095 Itaque
843 2022 978 2097 proxima
999 2031 1098 2092 nocte,
1125 2021 1212 2078 iussis
1236 2022 1315 2078 mili·

243 2128 320 2185 tibus
347 2145 421 2183 vasa
452 2127 564 2184 silentio
594 2125 742 2200 colligere,
774 2135 871 2184 castra
893 2129 931 2184 ab
953 2127 1057 2184 Ticino
1085 2134 1167 2183 mota
1190 2125 1316 2184 festina-

243 2243 363 2308 tumque
393 2233 429 2289 ad
452 2231 566 2288 Padum
595 2239 652 2299 est,
686 2239 717 2287 ut
743 2232 871 2304 ratibus,
904 2233 1008 2306 quibus
1037 2233 1172 2289 iunxerat
1193 2232 1316 2302 flumen,

243 2339 370 2396 nondum
390 2336 525 2396 resolutis
546 2337 608 2394 sine
629 2336 753 2392 tumultu
775 2345 863 2412 atque
883 2337 1073 2395 insectatione
1094 2336 1186 2394 hostis
1209 2338 1315 2413 copias

214 2443 397 2505 3traiiccret.
454 2443 540 2500 Prius
576 2441 756 2500 Placentiam
788 2461 960 2517 pervenere,
994 2461 1081 2517 quam
1119 2443 1191 2500 satis
1222 2444 1315 2502 sciret

242 2549 392 2608 Hannibal
416 2548 454 2603 ab
476 2545 580 2603 Ticino
597 2543 758 2620 profectos3
780 2557 878 2604 tamen
894 2549 932 2604 ad
954 2556 1106 2606 sexcentos
1128 2558 1312 2608 moratorum

242 2657 272 2712 in
294 2655 426 2712 citeriore
447 2652 512 2726 ripa
528 2651 613 2721 Padi,
635 2651 761 2724 segniter
776 2659 868 2708 ratem
885 2653 1040 2724 solventes,
1063 2653 1149 2728 cepit.
1197 2655 1312 2712 Trans·

242 2760 284 2817 ire
305 2767 422 2834 pontem
446 2775 504 2814 non
526 2757 634 2832 potuit,
667 2765 699 2812 ιιι
721 2765 851 2813 extrema
872 2758 1001 2814 resoluta
1023 2765 1119 2827 erant,
1146 2765 1216 2814 ⁴tota
1245 2768 1312 2816 rate

213 2865 271 2921 din
301 2863 457 2920 secundam
489 2880 597 2936 aquam
626 2861 751 2918 labente.
801 2860 907 2920 Caelius
937 2872 1118 2932 auctorest,
1145 2863 1310 2938 Magonem

243 2989 307 3050 cum
347 2967 477 3041 equitatu
512 2976 541 3023 ει
570 2967 710 3042 Hispanis
741 2967 887 3041 peditibus
922 2969 1029 3026 flumen
1063 2968 1210 3043 extemplo
1248 2978 1310 3026 tra-

242 3092 337 3142 nasse,
359 3073 453 3147 ipsum
476 3072 672 3129 Hannibalem
694 3091 746 3148 per
775 3073 926 3147 superiora
948 3074 1023 3130 Padi
1049 3073 1128 3129 vada
1149 3075 1310 3132 exercitum

243 3177 422 3248 traduxisse,
455 3177 614 3251 elephantis
641 3179 670 3235 in
700 3166 830 3236 ordinem
868 3179 906 3234 ad
939 3178 1137 3235 sustinendum
1167 3177 1308 3254 impetum

214 3283 368 3341 bfluminis
390 3281 540 3358 oppositis.
590 3285 634 3340 Ea
656 3285 755 3359 peritis
778 3283 871 3340 amnis
894 3283 955 3341 cius
977 3283 1029 3340 vix
1057 3283 1143 3340 fidem
1170 3281 1308 3352 fecerint,

243 3409 311 3447 nam
334 3408 428 3463 nequa
450 3388 560 3462 equitas
582 3388 670 3446 armis
692 3389 831 3462 equisque
856 3387 945 3444 salvis
967 3396 1079 3444 tantam
1101 3387 1160 3444 vim
1182 3388 1307 3446 fluminis

244 3513 396 3571 superasse
424 3493 600 3554 verisimile
629 3503 686 3564 est,
720 3502 751 3550 ut
771 3493 830 3550 iam
844 3493 994 3567 Hispanos
1016 3510 1116 3550 omnes
1137 3492 1231 3550 inflati
1249 3503 1306 3550 tra·

243 3601 375 3659 vexarint
403 3610 498 3670 utres,
531 3608 560 3656 et
586 3598 741 3655 multorum
769 3598 880 3655 dierum
913 3597 1033 3659 circuitu
1052 3597 1128 3655 Padi
1157 3597 1238 3655 vada
1259 3617 1306 3672 pe·
1390 3675 1392 3685 f

243 3703 476 3775 tendafuerunt,
500 3722 558 3778 qua
581 3702 723 3762 exercitus
745 3703 844 3778 gravis
866 3703 1077 3778 impedimentis
1102 3702 1216 3760 traduci
1238 3722 1305 3778 pos·

212 3809 295 3866 6set.
343 3809 478 3866 Potiores
505 3809 584 3883 apud
609 3827 655 3864 ma
678 3817 811 3866 auctores
836 3816 919 3877 sunt,
951 3807 1118 3884 quibiduo
1140 3807 1192 3864 vix
1214 3807 1307 3866 locum

242 3923 305 3972 rate
337 3913 483 3990 iungendo
515 3914 626 3970 flumini
663 3913 826 3970 inventum.
844 3913 975 3981 tradunt;
1011 3932 1057 3969 ea·
1082 3931 1146 3970 cum
1183 3913 1307 3989 Magone
