2680 4546
298 221 336 278 56
566 214 646 266 Liber
663 213 765 266 XXVI.
801 211 850 276 (Δ.
865 225 888 262 u.
904 227 927 265 s.
940 212 1034 276 54⁴.)-

254 410 332 460 tores
353 398 513 458 studiorum
525 396 650 468 fuerant,
674 395 708 456 C.
722 397 837 466 Laelius,
858 397 959 455 relicto
982 396 1117 468 consilio,
1140 397 1182 452 ad
1203 395 1314 452 tribnml

206 507 237 562 ll
253 507 292 565 ed
313 504 479 580 Scipionem
498 503 610 562 aceedit
632 521 756 578 eumque
776 486 870 574 docet,
891 521 953 561 rem
977 500 1040 559 sine
1066 502 1159 558 modo
1179 519 1216 558 sc
1230 500 1314 558 mode·

255 613 313 670 stin
336 611 384 686 egi
407 629 442 668 ae
463 628 555 686 prope
577 626 649 677 esse,
672 616 704 664 ut
725 626 828 666 manus
849 608 924 665 inter
947 625 979 664 se
994 606 1169 676 conferant3
1193 616 1314 665 ceterum.

254 717 368 776 etiamsi
394 716 438 773 vis
473 715 563 784 absit,
594 714 683 772 nihilo
714 713 808 771 miuus
835 712 998 771 detestabili
1020 715 1161 788 exemplo
1185 732 1246 770 rem
1269 711 1314 784 egi,

206 827 241 882 12
255 823 363 900 quippe
391 821 441 879 ubi
468 820 572 879 fraude
601 838 636 878 ao
665 818 790 894 periurio
818 819 906 876 decus
927 826 1044 893 petetur
1065 818 1197 878 virtutis.
1244 817 1315 875 Stare

255 928 322 986 binc
343 926 518 1003 legionarios
537 925 650 994 milites,
673 925 738 983 hinc
758 925 906 994 classicos,
927 941 980 998 per
997 940 1100 978 omnes
1120 923 1197 980 deos
1209 932 1313 998 paratos

254 1035 351 1091 iurare
384 1032 477 1107 magis
499 1049 564 1105 quae
598 1029 706 1099 velint,
743 1049 831 1105 quern
865 1049 929 1104 quse
956 1029 1050 1084 sciant
1078 1047 1153 1085 vers
1185 1046 1263 1096 esse,
1293 1037 1315 1082 et

255 1138 435 1214 obstringere
463 1135 590 1214 periurio
613 1154 671 1192 non
693 1154 725 1192 sa
746 1135 839 1192 solum
862 1153 1005 1208 suumque
1027 1143 1133 1210 ceput,
1171 1135 1224 1190 sed
1245 1133 1315 1206 signu

207 1247 242 1302 13
257 1243 393 1302 militetis
440 1254 469 1301 et
508 1240 622 1315 aquilus
661 1241 892 1314 sacramentique
929 1240 1110 1315 religionem.
1169 1241 1244 1298 Haec
1286 1236 1314 1292 rtl

256 1369 320 1406 cum
344 1350 380 1404 de
401 1345 545 1404 sententia
561 1347 596 1403 P.
619 1344 747 1402 Cornelii
768 1353 796 1402 et
810 1346 853 1406 M.
871 1345 1036 1420 Sempronii
1059 1344 1185 1402 deferre.
1218 1343 1314 1418 Scipio,

256 1454 422 1512 collaudato
446 1451 546 1521 Laelio,
571 1450 609 1508 sd
631 1450 793 1508 contionem
820 1451 983 1522 advocavit,
1005 1451 1273 1526 pronuntiavitque,
1290 1468 1314 1504 se

256 1559 326 1616 satis
351 1568 530 1632 compertum
552 1558 670 1626 babere,
694 1555 730 1628 Q.
749 1555 921 1613 Tiberilium
936 1566 965 1614 et
980 1556 1051 1618 Sex.
1062 1557 1207 1632 Digitium
1218 1557 1314 1632 puriter

255 1663 284 1719 in
303 1681 417 1719 murum
434 1661 606 1730 escendisse,
625 1679 714 1736 seque
731 1679 781 1718 eos
793 1660 907 1718 virtutis
923 1681 1013 1720 cause
1034 1662 1151 1720 coronis
1167 1663 1312 1719 muralibus

208 1767 375 1832 ltldonnre.
423 1767 499 1823 Tum
522 1765 660 1839 reliquos,
683 1774 770 1840 prout
794 1766 898 1841 cuique
921 1768 1054 1826 meritum
1079 1769 1231 1842 virtusque
1254 1777 1311 1825 erat

256 1872 392 1941 donavit3
429 1880 496 1927 ante
525 1888 625 1928 omnes
656 1868 688 1930 O.
712 1869 842 1939 Laelium,
867 1871 1033 1946 prefectum
1059 1873 1179 1942 classis,
1201 1884 1230 1930 et
1248 1872 1311 1930 omni

255 1995 361 2053 genere
382 1976 476 2034 laudis
499 1974 614 2032 sibimet
635 1973 691 2050 ipsi
722 1976 849 2050 aequavit
871 1986 899 2033 et
924 1997 1033 2036 corona
1048 1998 1141 2060 sures
1156 1996 1194 2035 ac
1210 1978 1311 2053 triginta

256 2084 350 2140 bubus
369 2081 499 2139 donavit.

161 2181 204 2250 lli
348 2189 424 2244 Tum
448 2187 562 2244 obsides
589 2186 747 2244 civitatium
767 2186 918 2260 Hispanias
939 2190 1040 2247 vocari
1062 2190 1162 2261 iussit;
1200 2207 1306 2265 qnorum

258 2303 382 2368 quantus
414 2310 550 2349 numerus
587 2290 692 2359 fuerit,
732 2291 811 2366 piget
844 2291 985 2361 scribere,
1022 2295 1132 2371 quippe
1170 2298 1219 2354 ubi
1252 2293 1305 2351 alibi

257 2409 400 2457 trecentos
422 2397 530 2466 ferme,
553 2395 622 2452 alibi
652 2396 707 2453 tria
729 2396 819 2453 millio
841 2397 1038 2472 septingentos
1060 2401 1163 2476 viginti
1186 2411 1306 2476 quattuor

229 2503 348 2562 2luisse
383 2502 537 2562 inveniam.
592 2503 693 2575 AEque
726 2511 756 2558 et
787 2502 845 2559 alio
874 2486 952 2559 inter·
980 2515 1116 2562 auctores
1148 2507 1304 2581 discrepent.

164 2615 165 2619 ’
256 2607 427 2666 Praesidium
446 2608 588 2666 Punicum
608 2607 681 2664 elius
700 2607 808 2678 decern,
831 2607 904 2665 elius
919 2616 1039 2684 septem,
1063 2611 1138 2669 elius
1157 2614 1234 2670 baud
1254 2611 1304 2686 plus

257 2733 344 2789 quem
379 2715 467 2772 duum
494 2713 614 2769 millium
644 2693 733 2769 luisse
761 2713 869 2770 scribit.
918 2712 1013 2788 Capta
1034 2714 1106 2774 alibi
1127 2717 1216 2774 &cern
1235 2717 1304 2772 millio

228 2822 392 2895 sinopitem,
424 2820 493 2876 olibi
517 2836 607 2893 supra
637 2817 764 2892 quinque
786 2827 814 2875 et
836 2818 939 2894 viginti
960 2820 1101 2878 invenias.
1150 2822 1303 2898 Scor-pianes

258 2926 382 2983 maiores
404 2925 588 2998 minoresque
605 2923 642 2979 ad
659 2922 813 2998 sexaginta
831 2935 932 3000 captos
943 2925 1119 3000 scripserim,
1141 2929 1167 2984 si
1178 2939 1301 2984 auctorem

257 3031 392 3090 Graecum
421 3047 527 3116 sequar
563 3028 709 3098 Silenum3
746 3029 771 3086 si
799 3031 950 3088 Valerium
980 3031 1150 3102 Antiatem,
1182 3035 1300 3091 msiorun

256 3136 441 3210 scorpionum
464 3153 516 3192 sex
538 3135 637 3206 millia,
661 3135 804 3192 minorum
821 3135 920 3192 decern
937 3136 993 3194 tria
1015 3137 1123 3208 millia;
1145 3137 1300 3196 adsouullus

228 3240 414 3297 dmentiendi
455 3240 558 3297 modus
599 3249 651 3300 est.
710 3241 758 3299 Ne
797 3243 834 3298 de
873 3242 993 3299 ducibus
1030 3243 1146 3317 quidem
1183 3242 1299 3302 convenit.

257 3346 394 3421 Plerique
408 3345 529 3403 Laelium
550 3344 700 3419 praefuisse
724 3346 819 3416 classi,
840 3356 915 3417 sunt,
938 3347 987 3422 qni
1003 3349 1046 3405 M.
1061 3349 1178 3406 lunium
1193 3349 1298 3408 Silanun

229 3452 374 3522 5dicent;
403 3449 514 3510 Alinen
538 3450 687 3526 praefuisse
702 3453 813 3510 Punico
832 3453 966 3528 praesidio
985 3453 1173 3529 deditumque
1184 3451 1298 3512 Romanis

230 3557 367 3614 tiAntias
394 3557 545 3626 Valerius,
581 3557 738 3632 Magonem
765 3557 815 3615 alii
841 3558 997 3635 scriptores
1027 3559 1155 3619 tradunt.
1197 3561 1257 3618 Non
1273 3555 1297 3610 tlt

260 3682 379 3720 numero
401 3664 519 3721 navium
541 3673 707 3738 captarum,
729 3681 787 3720 non
809 3663 846 3719 de
867 3663 995 3738 pondere
1016 3663 1082 3720 auri
1103 3674 1192 3739 atque
1211 3659 1297 3738 argenti

259 3777 287 3824 et
321 3767 445 3825 redactae
480 3769 609 3844 pecuniae
637 3768 788 3838 convenit3
828 3769 855 3826 si
891 3769 996 3843 aliquis
1036 3771 1170 3828 assentiri
1207 3785 1296 3827 necessa

228 3881 321 3944 lest,
354 3873 449 3931 media
489 3875 635 3932 simillimo
671 3874 747 3932 veris
780 3885 855 3937 sunt.
912 3873 1064 3948 Ceterum,
1102 3876 1212 3935 vocatis
1240 3871 1294 3930 obsi·

258 3981 361 4050 dibus,
404 3979 529 4053 primum
570 3979 719 4038 universos
759 3981 868 4039 bonum
911 3981 1040 4040 animum
1080 3984 1188 4041 habers
1223 3976 1294 4036 iussit:
