2748 4556
372 232 451 282 Liber
467 231 568 282 xxlx.
604 232 649 297 (Α.
663 229 713 287 Oh.
724 231 796 296 tot.)
1012 237 1069 294 tot

116 415 193 470 Iam
220 414 404 472 comitiorum
426 417 583 498 oppetebat
604 426 728 491 ternpus,
749 434 838 490 quum
860 419 895 474 P.
918 415 1023 475 Licinii
1043 435 1113 476 oon·
1168 413 1210 481 lll

31 518 102 574 solie
125 519 244 576 littere
258 522 383 578 Romam
405 520 510 592 ollotae,
532 537 563 578 se
581 521 801 597 exercitumque
814 539 898 580 snum
910 523 995 598 gravi
1009 525 1112 580 morbo

31 620 190 694 effecturi,
227 644 281 683 neo
310 625 373 682 sisti
401 626 546 700 potuisse,
576 625 606 683 ni
633 626 802 684 eudemio
829 628 898 684 meli
924 635 975 684 eut
993 627 1114 702 gravior

31 729 121 786 etiem
156 731 194 787 in
219 732 318 788 hostes
338 730 507 806 ingruisset;
541 731 656 806 itaque,
692 731 828 806 qnoniam
850 731 914 807 ipse
940 731 1040 789 venire
1075 731 1143 790 adl

31 833 158 890 nomilia
184 853 249 892 non
270 845 385 910 posset,
405 836 431 892 si
451 836 494 893 ito
516 835 649 911 patribus
670 837 832 909 videretur,
854 833 886 896 ee
908 836 945 910 Q.
966 835 1113 895 Caeoilium

30 937 196 996 Metellum
222 941 393 998 diotetorem
426 941 607 1008 comitiorum
630 959 721 998 oense
744 941 896 1000 dinturnm.
944 941 1113 1020 Exeroitum

29 1039 67 1113 Q.
92 1040 220 1101 Caecilii
249 1045 354 1102 dimitti
381 1065 399 1102 e
424 1063 456 1104 re
483 1046 601 1122 publiea
627 1063 706 1117 esse3
742 1065 810 1104 nem
831 1065 926 1122 neque
946 1065 1031 1106 usum
1051 1046 1143 1104 eiue3

31 1145 125 1204 ullum
151 1149 187 1206 in
215 1151 371 1225 presentis
390 1169 465 1222 esse,
489 1168 578 1226 quum
599 1149 750 1210 Hannibal
769 1152 828 1209 iem
847 1153 878 1210 in
899 1151 1022 1208 hiberno
1043 1169 1112 1210 suos

31 1255 204 1328 receperit,
238 1264 268 1312 et
295 1263 379 1312 tento.
399 1255 548 1314 inoesrerit
568 1256 598 1313 in
618 1271 657 1313 ee
676 1266 772 1314 oestro
793 1257 838 1314 vis
859 1257 968 1327 morbi,
989 1265 1036 1328 ut,
1057 1257 1113 1314 nisi

32 1364 155 1414 metune
180 1358 376 1431 dimittuntur,
396 1379 481 1418 nemo
505 1361 633 1420 omnium
654 1360 857 1438 superfuturus
878 1361 1021 1422 videntur.
1065 1363 1113 1420 Eo

33 1462 152 1519 oonsuli
179 1481 201 1520 a
227 1466 360 1540 patribus
392 1464 542 1538 leniendo,
573 1476 605 1524 ut
639 1485 656 1524 e
689 1485 722 1524 re
758 1466 875 1541 publiea
906 1467 1022 1543 fideque
1057 1485 1112 1526 suu

32 1562 170 1638 duceret,
194 1570 346 1642 permisso.
420 1610 423 1616 .

122 1669 288 1732 Civitatem
314 1693 349 1732 eo
377 1684 509 1750 tempore
541 1693 645 1751 repens
672 1676 774 1751 religio
795 1675 961 1759 invenerat,
994 1674 1142 1732 inventol

35 1777 175 1834 tormine
208 1779 239 1835 in
261 1779 342 1838 libris
364 1777 513 1856 Sibyllinis
531 1790 652 1856 propter
671 1781 802 1838 erebrius
824 1800 859 1838 eo
882 1798 959 1838 enno
983 1775 1020 1836 de
1041 1779 1111 1837 omlo

37 1877 209 1954 lapidatum
231 1883 368 1959 inspeetis
375 1883 388 1955 ,'
421 1883 596 1959 quandoque
616 1883 709 1940 hostie
730 1883 893 1959 alienigena
913 1895 998 1942 terrm
1019 1883 1141 1941 ltelitez't

37 1983 150 2044 bellum
181 1989 340 2057 intulisset,
363 1995 439 2044 'enm
468 1987 537 2063 pelli
562 1987 650 2045 ltelie
671 1987 805 2061 vincique
833 2002 934 2062 posse,
972 1988 1006 2046 si·
1019 1997 1111 2046 meter

38 2089 121 2150 Idaea
158 2111 180 2150 e
211 2093 386 2152 Pessinunte
406 2093 532 2150 Romam
564 2093 689 2150 euveum
723 2091 807 2150 foret
851 2089 886 2149 Id
922 2111 1039 2150 oerrnen
1072 2093 1141 2150 abo

39 2195 219 2256 ‹leoemuiris
244 2199 393 2256 inventum
424 2215 460 2254 eo
482 2198 575 2273 magis
596 2206 695 2274 potres
717 2197 825 2268 movit,
861 2198 940 2272 quod
964 2206 992 2254 et
1013 2197 1111 2273 legal-i,

40 2302 89 2374 qui
111 2304 226 2361 donum
249 2303 383 2378 Delphos
404 2311 609 2378 portaverunt,
630 2301 794 2361 referebant
802 2280 817 2375 ,¹
832 2312 861 2360 et
882 2303 1110 2361 sacrificantibus

39 2403 110 2480 ipsis
132 2409 246 2486 Pythio
271 2408 404 2484 Apollini
424 2408 491 2464 laste
513 2417 576 2464 outo
599 2407 706 2479 fuisse,
742 2417 770 2464 et
791 2423 962 2483 responsum
990 2407 1109 2465 oreoulo

42 2512 164 2585 editum,
188 2514 327 2571 melonem
350 2511 441 2568 multo
462 2511 624 2584 vietor-iem,
647 2531 735 2588 quem
755 2513 838 2572 onius
863 2531 900 2570 ex
914 2513 1015 2588 spoliis
1031 2513 1110 2570 <lone

42 2625 206 2689 portarent,
228 2615 330 2676 edesse
351 2615 461 2693 populo
480 2617 625 2674 Romuuo.
672 2618 709 2674 In
733 2619 860 2677 eiusdem
882 2619 946 2694 spei
967 2619 1139 2676 summensi

42 2721 242 2780 conferebant»
270 2724 307 2780 P.
332 2720 477 2796 Scipionis
498 2719 577 2778 velot
605 2721 826 2797 pemsegientem
848 2722 976 2780 animum
996 2723 1032 2780 de
1053 2724 1110 2780 fine

43 2824 129 2899 belli,
168 2827 248 2902 quod
272 2813 493 2900 depoposcisset
520 2824 699 2899 provinciam
721 2823 864 2886 Affiosm.
911 2828 1016 2902 ltaque
1050 2827 1141 2902 quoss

43 2933 187 2991 maturius
201 2929 280 3002 letis,
307 2927 451 2988 ominibus
473 2928 656 3003 oreoolisqoe
677 2930 875 3006 portendentis
897 2949 961 2988 sese
978 2933 1110 2990 ‘victorin

45 3047 195 3114 oompotes
217 3039 329 3106 fierent,
348 3035 379 3091 id
401 3032 539 3108 cogitare,
560 3051 625 3108 quoe
642 3035 718 3092 ratio
736 3033 968 3110 transportando
983 3038 1109 3095 Romam

44 3137 104 3200 deae
147 3152 235 3205 esset.
294 3138 471 3198 Nulleeolom
504 3137 535 3193 in
570 3137 646 3195 Λεία
684 3139 780 3197 sooiee
814 3140 945 3198 civitates
981 3139 1110 3200 hebobet
1167 3135 1207 3205 ll

46 3249 358 3322 populns·Romenus;
391 3253 489 3300 tumen
521 3259 679 3315 memores,
704 3245 911 3321 AEsonlepium
935 3265 1052 3321 quoque
1073 3265 1110 3304 ex

46 3349 163 3412 Groeoio
185 3351 349 3427 quendem,
384 3346 532 3406 hauddum
561 3346 620 3403 ullo
642 3345 752 3408 foedere
774 3350 900 3422 sociato,
935 3351 1109 3410 valetudinis

47 3459 145 3533 populi
160 3475 251 3516 oense
268 3453 448 3524 arcessitum,
470 3460 538 3510 tune
555 3452 616 3510 iem
634 3470 694 3510 oum
705 3455 807 3514 Attalo
820 3473 888 3528 rege
899 3463 1019 3530 propter
1030 3454 1140 3513 eom-2

48 3577 131 3621 mune
162 3564 303 3621 moerens
328 3558 497 3634 Philippum
533 3558 640 3616 bellum
676 3569 802 3634 coeptam
843 3558 1000 3629 amicitiem
1037 3579 1109 3631 esse,

49 3663 190 3726 lecturum
212 3683 293 3736 eum,
315 3683 382 3739 quoe
403 3671 519 3738 posset,
540 3663 641 3738 populi
662 3664 788 3722 Romani
812 3681 911 3734 oense,
934 3664 1047 3740 legatos
1070 3665 1139 3723 ud3
1201 3675 1217 3738 j

52 3787 112 3830 eum
128 3773 301 3842 decernunt,
322 3772 364 3830 Μ.
388 3767 539 3826 Valerium
563 3767 727 3837 Laevinum,
759 3767 808 3842 qui
830 3767 875 3825 bis
890 3769 991 3825 ooneul
1011 3769 1107 3827 fueret

51 3891 84 3932 oo
101 3896 146 3936 res
169 3878 200 3934 in
222 3875 341 3933 Graeoie
360 3882 508 3950 gesserat,
539 3873 582 3928 M.
605 3869 751 3928 Caeoilium
775 3873 918 3928 Metellum
934 3875 1107 3948 proeton'um,

52 3976 107 4040 Ser.
127 3983 280 4060 Saepinum
300 3977 430 4038 Galbam
453 3977 623 4047 edilioium,
650 3975 725 4033 duos
747 3977 935 4051 quaestorios,
957 3976 1010 4038 Cn.
1032 3975 1108 4034 Tre·
