2674 4542
291 225 349 280 aaa
452 183 455 188 ⁵
553 216 750 268 ccccxxxiv.
789 217 1005 282 (888888.)

247 423 299 482 par
331 421 395 478 quaa
422 419 496 460 cava
526 420 595 478 pars
627 401 756 476 sagittis,
788 419 857 477 pars
889 401 1092 477 scorpionibus
1125 397 1252 457 modicis
1277 410 1306 457 18
1330 433 1331 444 1

199 513 234 567 10
247 507 360 568 8888118
396 510 534 584 petebant
564 507 687 563 hostem.
740 505 818 579 Quia
852 506 972 582 propius
1008 506 1146 581 quasdam
1187 505 1331 562 subibunt

248 633 354 684 naves,
390 631 448 688 quo
483 610 635 670 interiores
670 610 774 668 ictibus
808 620 1018 670 tormentorum
1051 617 1170 680 essent,
1207 610 1238 665 in
1268 621 1331 666 aas]

248 719 392 777 tollenone
414 737 502 794 saper
528 735 641 772 murum
671 716 814 773 eminente
843 715 938 776 ferrea
960 735 1063 774 manus
1091 720 1191 775 firmat
1214 725 1331 772 calcas¹

247 823 360 899 illigata
381 841 469 898 quum
499 822 605 879 iniecta
625 839 720 897 prora
742 828 817 878 esset
844 819 987 896 gravique
1008 819 1192 877 libramento
1214 817 1308 895 818811

248 929 396 986 recelleret
437 929 476 984 ad
520 927 629 996 solum,
672 943 813 1001 suspensa
855 944 945 1001 prora
986 943 1091 982 navem
1131 925 1162 981 in
1203 872 1331 1024 8888181

177 1036 232 1091 -11
247 1033 410 1101 statuebat,
448 1033 514 1090 dein
552 1031 674 1089 remissa
714 1031 810 1088 subito
848 1031 928 1088 velut
965 1049 1002 1087 ex
1038 1049 1127 1087 muro
1167 1030 1331 1119 cadentem}

247 1155 352 1194 navem
388 1155 453 1195 cum
488 1137 596 1212 ingenti
632 1135 826 1211 trepidatione
862 1143 1016 1190 nautarum
1048 1135 1093 1192 ita
1128 1133 1221 1191 undae
1250 1130 1331 1264 amp

248 1243 345 1316 gebat,
368 1251 408 1313 ut,
431 1242 544 1300 etiamsi
565 1249 645 1299 recta
665 1240 823 1309 reciderat,
852 1238 1031 1314 aliquantum
1054 1257 1144 1314 aquas
1167 1239 1306 1314 acciperat

200 1347 297 1404 12118
318 1346 463 1404 maritima
491 1347 671 1423 oppugnatio
693 1353 736 1402 881
760 1345 857 1416 81888,
890 1344 1041 1418 omnisque
1070 1363 1141 1420 spes
1166 1361 1205 1402 eo
1230 1361 1307 1410 raras,

200 1453 235 1508 13
249 1460 282 1507 ut
313 1451 381 1508 totis
413 1450 522 1509 viribus
556 1461 635 1508 terra
667 1450 900 1526 aggrederentur.
946 1449 1005 1508 Sed
1038 1469 1074 1507 ea
1096 1469 1224 1524 quoque
1255 1463 1308 1523 pars

249 1555 351 1612 eodem
378 1557 456 1613 omni
484 1565 627 1631 apparatu
660 1563 868 1612 tormentorum
905 1557 1045 1613 instructa
1067 1563 1153 1624 erat,
1184 1553 1308 1611 Hieronis

248 1660 386 1734 impensis
413 1678 540 1735 curaque
569 1680 621 1736 per
642 1661 749 1718 multos
771 1676 879 1729 annos,
911 1658 1097 1716 Archimedis
1132 1660 1226 1716 unica
1252 1669 1307 1716 aru.

200 1769 234 1821 tl
249 1766 365 1823 Natura
385 1764 472 1822 etiam
496 1765 655 1823 adiuvabat
682 1766 748 1836 loci,
773 1763 851 1839 quod
873 1783 991 1835 saxum,
1013 1765 1061 1822 cui
1081 1765 1230 1840 imposita
1250 1761 1307 1819 muri

249 1869 439 1927 fundamenta
459 1880 535 1942 sunt,
557 1889 666 1948 magna
686 1879 770 1946 parte
790 1870 833 1927 ita
853 1870 982 1947 proclive
1003 1878 1057 1939 est,
1086 1877 1120 1924 ut
1145 1889 1209 1927 non
1231 1869 1306 1925 solua

249 1976 339 2033 missa
360 1984 514 2048 tormento,
536 1976 707 2047 sedetiam,
729 1993 794 2051 qnae
816 1977 944 2052 pondere
964 1993 1018 2032 suo
1033 1974 1198 2049 provoluta
1221 1977 1306 2037 essent

201 2084 236 2138 15
250 2081 379 2155 graviter
399 2080 429 2136 in
450 2082 563 2138 hostem
584 2081 752 2141 inciderent.
807 2082 919 2139 Eadem
949 2097 1040 2138 causa
1068 2080 1108 2136 ad
1136 2077 1307 2137 subeundam

202 2189 238 2244 16
251 2183 373 2242 arduum
397 2184 506 2242 aditum
534 2185 756 2261 instabilemque
779 2187 940 2262 ingressam
968 2185 1129 2261 praebebat.
1184 2185 1233 2242 118
1254 2199 1306 2240 aar·

250 2291 314 2348 silio
337 2289 451 2359 habito,
483 2290 620 2363 quoniam
650 2293 744 2348 omnis
768 2301 889 2349 conatus
909 2289 1034 2347 ludibrio
1056 2297 1152 2359 esset,
1182 2289 1307 2346 absistam

250 2393 467 2472 oppugnatione
500 2403 587 2468 atqua
618 2396 778 2453 obsidendo
814 2405 925 2454 tantum
952 2411 1052 2452 arcere
1079 2402 1163 2472 tarra
1191 2393 1306 2466 marique

195 2510 199 2518 '
251 2500 459 2559 commeatibus
478 2501 591 2557 hostem
612 2500 731 2574 placuit.

333 2604 452 2661 Interim
487 2604 642 2667 Marcellus
675 2625 739 2664 cum
772 2606 858 2664 tertia
889 2605 950 2664 fere
981 2613 1066 2680 parto
1100 2605 1251 2662 exercitas
1279 2599 1305 2656 sd

242 2708 430 2784 recipiendas
459 2711 546 2766 urbes
576 2710 741 2785 proiectus,
767 2730 832 2787 quar
852 2713 882 2768 in
906 2721 1106 2768 maturarum
1128 2709 1170 2765 ad
1196 2707 1307 2767 Cartha-

251 2813 394 2889 ginieuses
431 2813 611 2886 defecerant,
648 2816 789 2872 Helorum
822 2825 910 2891 atque
942 2813 1107 2872 Herbesum
1146 2814 1306 2872 dedentibus

221 2919 321 2994 218818
344 2917 470 2994 recapit,
492 2921 615 2994 Megara
636 2920 667 2976 vi
688 2928 776 2995 capta
804 2921 892 2978 diruit
919 2939 953 2979 88
975 2919 1095 2995 diripuit
1122 2923 1162 2980 ad
1192 2925 1306 2996 reliquo·
1332 2909 1333 2954 l

221 3026 314 3081 38881
352 3043 386 3081 88
416 3022 542 3082 maxime
575 3025 825 3100 Syracusanorum
860 3037 1010 3084 terrorem.
1065 3028 1126 3085 Per
1152 3028 1234 3085 idam
1260 3025 1307 3084 aa

251 3139 364 3203 tempus
387 3139 415 3186 et
436 3129 573 3198 Himilco,
595 3128 645 3202 qai
666 3129 704 3185 ad
719 3129 851 3213 Pachyni
872 3132 1103 3204 promuntorium
1122 3133 1250 3190 classem
1269 3129 1305 3186 dia

252 3240 398 3302 tenuerat,
431 3232 469 3289 ad
490 3223 674 3304 Heracleam,
707 3252 794 3308 quam
826 3246 934 3293 vocant
956 3235 1098 3307 Minoam,
1131 3237 1261 3313 quinque
1286 3243 1306 3291 81

252 3336 354 3412 viginti
377 3336 470 3394 millia
491 3338 628 3412 peditum,
649 3338 706 3395 tria
727 3339 871 3413 equitum,
894 3340 1045 3398 duodecim
1068 3341 1244 3416 elephantos
1266 3360 1305 3398 ex·

222 3440 359 3516 4888811,
380 3459 566 3515 nequaquam
599 3461 664 3510 cum
692 3443 807 3517 quantis
836 3445 928 3520 copiis
954 3455 1021 3502 ante
1042 3453 1175 3504 tenuerat
1199 3449 1238 3505 ad
1260 3449 1305 3504 Pa·

253 3545 378 3618 chynum
412 3545 548 3616 classem
584 3548 651 3618 scd,
686 3556 842 3623 postquam
874 3550 912 3606 ab
949 3549 1131 3625 Hippocrate
1167 3561 1305 3628 occupata

254 3648 408 3724 Syracusas
429 3661 526 3721 erant,
554 3647 702 3728 profectus
723 3650 930 3728 Carthaginem
960 3654 1135 3729 adiutusque
1166 3656 1210 3714 ibi
1231 3669 1260 3715 81
1277 3656 1306 3712 81

253 3753 356 3828 legatis
374 3753 565 3830 Hippocratis
595 3764 625 3812 et
644 3756 747 3814 litteris
768 3758 959 3830 Hannibalis,
986 3759 1037 3834 qui
1061 3762 1177 3818 venisse
1204 3771 1322 3836 tempus¹

223 3857 351 3916 5aiebat
373 3858 479 3918 Siciliae
509 3877 562 3934 per
592 3878 737 3918 summum
767 3862 855 3919 decus
882 3863 1061 3939 repetenda,
1091 3873 1120 3920 et
1148 3867 1212 3941 ipse
1242 3863 1306 3923 haud

255 3979 348 4019 vanus
369 3980 496 4037 praesens
518 3964 644 4021 monitor
664 3964 749 4022 facile
776 3967 956 4041 perpulerat,
984 3977 1024 4038 ut,
1046 3977 1164 4043 quantas
1185 3970 1306 4028 maxima
