2674 4542
294 209 349 266 lbd
542 207 636 264 ‚biber
653 204 756 260 xxm.
794 204 840 267 (Δ.
856 217 878 256 u.
895 221 918 258 c.
931 203 1003 267 ist.)

246 389 358 466 patenti
375 389 504 448 hostium
525 398 612 464 porta
627 389 777 455 invectum
792 408 845 464 par
866 391 997 456 alteram,
1020 391 1216 464 stupentibus
1243 391 1270 439 ...3
1300 439 1301 442 ,
1323 429 1324 444 t

228 525 229 528 ¹
249 495 315 552 culo
334 494 478 564 hostibus,
497 494 640 551 intactum
665 493 801 558 erasmae.
1323 513 1324 550 t

151 599 199 667 48
289 633 290 641 1
334 599 442 673 Quieta
458 599 526 656 inda
547 599 656 656 stativa
681 599 778 670 fuere,
810 617 844 658 ec
871 585 948 656 retro
975 599 1063 656 etiarn
1095 601 1205 658 consul
1233 616 1293 656 rue

250 715 362 775 castra,
392 713 425 764 ut
455 711 613 762 sementem
645 700 789 778 Campani
822 703 969 773 facerent,
1003 723 1055 762 nec
1091 716 1165 763 anta
1203 707 1265 763 vicl

249 827 351 886 agrum
374 807 573 883 Campanum,
602 825 690 882 quam
714 808 772 866 iam
796 809 861 865 altae
882 809 912 866 in
933 810 1081 884 segetibus
1102 812 1208 868 herbae
1236 840 1284 861 ι
1323 831 1324 866 t

215 915 306 976 llum
328 915 456 990 prebere
474 923 618 988 poterant.
662 913 698 972 Id
722 913 859 971 convexit
879 913 908 970 in
920 913 1088 972 Claudiana
1111 925 1216 974 caena
1233 937 1286 974 au«.
1321 937 1324 974 t

249 1020 428 1088 Suessulam,
459 1020 558 1094 ibique
581 1019 703 1078 hiberna
724 1017 886 1076 aedificavit.
930 1021 972 1078 Μ.
995 1018 1133 1086 Claudio,
1152 1034 1301 1097 proces-us¹
1321 1045 1324 1082 t

249 1123 417 1200 imperavit,
450 1132 495 1192 ut,
525 1132 637 1181 retento
669 1123 755 1181 Nolae
781 1125 945 1183 necessario
978 1126 1015 1182 ad
1042 1126 1187 1184 tuendam
1220 1132 1324 1189 urbeal

249 1228 393 1304 praesidio,
416 1238 527 1287 ceteros
550 1229 654 1286 milites
676 1228 832 1286 dimitteret
852 1230 994 1301 Romam,
1015 1250 1053 1308 ne
1074 1233 1161 1289 oneri
1183 1236 1287 1292 sociis·
1323 1239 1324 1292 l

218 1336 375 1410 ,leumptui
396 1336 439 1392 rei
460 1334 583 1410 publicae
606 1343 709 1392 essent.
757 1334 797 1392 Et
820 1333 867 1394 Ti.
891 1333 1042 1392 Gracchus
1065 1355 1084 1392 a
1107 1335 1212 1394 Cumis
1227 1340 1287 1395 Lu
1323 1363 1324 1398 t

248 1439 320 1496 riam
344 1439 373 1496 in
396 1439 535 1514 Apuliam
556 1441 685 1515 legiones
715 1458 803 1514 quum
826 1439 970 1508 duxisset,
999 1441 1040 1498 M.
1067 1441 1224 1500 Valerium

249 1551 402 1618 praetorem
424 1540 611 1602 Brundisium
634 1564 699 1602 cum
722 1564 771 1616 ee,
794 1563 880 1619 quem
903 1545 1033 1602 Luceriae
1055 1547 1213 1617 habuerat,
1233 1567 1299 1605 excr-
1323 1571 1324 1606 t

249 1649 306 1706 citu
329 1649 414 1719 misit,
437 1651 568 1727 tuerique
589 1638 751 1725 oram'agri
766 1649 917 1708 Sallentini
939 1661 968 1707 et
988 1651 1155 1726 providere,
1180 1656 1252 1727 quod
1269 1653 1297 1710 sd
1323 1679 1324 1714 t

148 1788 173 1830 χ
250 1755 417 1830 Philippum
438 1754 602 1830 bellumque
624 1755 844 1823 Macedonicum
867 1755 1012 1824 attineret,
1032 1757 1126 1814 iussit.
1323 1831 1324 1838 ἵ

216 1867 233 1920 t
331 1860 422 1917 Exitu
443 1860 551 1916 aestatis
575 1860 652 1929 eius,
675 1878 733 1934 qua
755 1861 816 1918 haec
836 1869 920 1935 gesta
948 1861 1188 1936 perscripsimus,
1217 1864 1298 1919 littere
1323 1890 1324 1944 p

248 1986 266 2022 a
287 1967 324 2026 P.
342 1976 370 2022 et
384 1964 437 2023 Cn.
461 1965 645 2040 Scipionibus
668 1975 816 2036 venerunt,
841 1975 966 2040 quantas
988 1985 1139 2042 quamque
1160 1983 1300 2043 prosperas
1323 2005 1324 2008 =

247 2073 276 2129 in
301 2072 446 2146 Hispania
468 2089 514 2128 res
535 2071 708 2146 gessissent3
731 2071 782 2130 sed
803 2071 955 2146 pecuniam
977 2072 1007 2127 in
1029 2072 1208 2148 stipendium
1228 2071 1293 2128 vesti·
1323 2105 1324 2138 ,

248 2186 403 2252 menteque
430 2187 460 2234 et
488 2176 662 2234 frumentum
695 2176 834 2234 exercitui
861 2186 890 2233 ct
917 2177 1003 2234 sociis
1031 2179 1189 2236 navalibus
1216 2178 1292 2234 onais
1323 2189 1324 2242 t

218 2284 358 2340 idcesse.
413 2281 500 2355 Quod
523 2283 561 2339 ad
582 2282 755 2357 stipendium
779 2281 915 2352 attineat,
944 2282 970 2338 si
1000 2283 1135 2340 aersrium
1160 2284 1240 2360 inops
1257 2285 1291 2350 sit,
1323 2309 1324 2346 t

247 2407 279 2446 se
306 2389 432 2462 aliquam
455 2388 596 2445 rationem
619 2387 755 2456 inituros,
787 2387 935 2460 quomodo
957 2388 995 2444 ab
1018 2389 1161 2465 Hispanis
1184 2401 1292 2451 sumaun
1322 2420 1323 2441 t

247 2503 344 2556 cetera
365 2494 464 2568 utique
486 2493 524 2552 ab
539 2493 635 2549 Roma
657 2492 797 2549 mittenda
819 2509 891 2561 esse,
913 2510 966 2550 nec
981 2492 1065 2550 aliter
1086 2503 1138 2552 aut
1155 2496 1289 2552 exercitum
1322 2556 1323 2565 χ

217 2600 300 2655 baut
325 2599 505 2672 provinciam
528 2598 620 2655 teneri
640 2616 737 2673 posse.
781 2595 898 2653 Litteris
918 2598 1056 2669 recitatis,
1082 2619 1169 2658 nemo
1184 2601 1289 2659 omniun

248 2714 320 2774 erat,
343 2705 411 2778 quin
434 2713 462 2762 et
483 2724 554 2762 vera
575 2704 662 2761 scribi
689 2713 718 2759 et
738 2702 882 2778 postulari
902 2720 987 2775 aequa
1007 2703 1162 2776 fateretur,
1191 2707 1235 2764 sed
1253 2723 1289 2760 ce·

248 2810 383 2867 currebat
403 2809 522 2878 animia,
548 2817 673 2881 quantos
695 2809 839 2865 exercitus
861 2817 1011 2865 terrestres
1040 2812 1216 2886 navalesque
1241 2821 1289 2866 tue-

144 2919 146 2922 ’
246 2925 354 2985 rantur,
377 2919 645 2989 quantaque-uara
666 2913 767 2984 classis
788 2932 858 2969 mox
879 2914 1012 2987 paranda
1036 2926 1127 2985 esset,
1160 2917 1184 2974 si
1204 2915 1287 2973 bellun

134 3045 139 3054 ·
217 3021 469 3078 lMs‘cedonicum
502 3029 684 3078 moveretur:
712 3019 840 3078 Siciliam
869 3037 904 3075 ac
935 3019 1117 3092 Sardiniam,
1148 3041 1210 3095 quae
1237 3029 1289 3076 ante

247 3127 353 3184 bellum
376 3124 533 3200 vectigales
548 3124 679 3206 fuissent,
700 3126 750 3182 vix
773 3125 910 3200 praesides
931 3125 1149 3199 provinciarum
1171 3124 1287 3184 exercitus

217 3232 234 3287 8
247 3234 338 3302 alere;
361 3231 468 3288 tributo
483 3239 615 3303 sumptus
630 3230 822 3305 suppeditari;
839 3227 934 3306 [eum]
951 3231 1044 3304 ipsum
1060 3231 1199 3289 tributum
1212 3229 1287 3287 cenic-

247 3337 369 3394 rentium
380 3354 530 3393 numerum
544 3335 630 3392 tantis
643 3335 819 3392 exercituum
832 3336 977 3410 stragibus
989 3345 1017 3392 et
1029 3336 1067 3392 ad
1078 3338 1284 3394 Trasumennum

248 3441 342 3509 lacum
376 3449 402 3498 et
427 3441 465 3498 ad
487 3439 604 3499 Cannas
634 3441 833 3509 imminutum3
866 3440 915 3514 qui
944 3452 1130 3515 superessent
1157 3441 1246 3518 pauci,
1268 3435 1284 3490 si

216 3546 399 3622 9n1ultiplici
420 3553 612 3626 gravarentur
633 3546 793 3621 stipendio,
811 3544 880 3602 ¹alia
901 3545 1045 3620 periturus
1067 3557 1160 3620 peste.
1206 3548 1285 3616 ltaque

217 3653 303 3710 Onisi
322 3654 379 3712 fide'
392 3664 483 3712 staret
497 3673 543 3712 res
565 3653 691 3728 publica,
713 3651 817 3726 opibus
832 3669 890 3706 non
905 3659 1056 3708 staturam.
1105 3650 1284 3710 Prodaundun

246 3761 276 3816 in
298 3761 460 3818 contionem
484 3759 591 3827 Fulvio
612 3757 730 3834 pretori
751 3774 827 3827 esse,
853 3755 1024 3814 indicandas
1050 3759 1161 3833 populo
1182 3755 1284 3834 publius

246 3866 432 3936 necessitates
443 3863 731 3936 adhortandosque,
753 3861 802 3936 qui
833 3861 1025 3936 redempturis
1046 3863 1197 3921 auxissent
1219 3856 1285 3938 petri·

246 3972 358 4039 monia,
392 3980 424 4026 ut
445 3970 486 4025 rei
508 3969 646 4043 publicae,
679 3985 716 4022 ex
750 3985 808 4040 qua
841 3966 1013 4034 crevissent,
1047 3977 1162 4042 tempus
1184 3979 1284 4039 commt‘
