2812 4556
310 255 328 310 4
439 209 443 216 .
712 251 791 300 Liber
809 249 885 303 xxl.
930 279 938 294 ι

221 437 378 506 lometus,
399 418 510 491 nullum
537 433 583 490 ius
605 433 775 504 iurandum,
798 433 878 491 nulla
899 433 1011 509 religio.
1060 432 1134 492 Oum
1159 437 1216 492 bac
1242 417 1369 492 indole

268 540 408 596 virtutum
441 547 531 614 atque
557 538 696 596 vitiorum
728 537 852 594 uienuio
874 540 929 596 sub
951 539 1139 598 Hasdrubale
1161 540 1365 615 imperatore

270 645 390 715 meruit,
420 643 500 702 nulla
521 663 563 714 re,
586 661 650 719 quae
673 645 788 720 agenda
810 643 995 720 videndaque
1016 664 1124 722 magno
1146 644 1247 703 futuro
1279 646 1366 703 duci

270 759 356 820 esset,
378 749 584 824 praetermissa.

171 855 195 922 5
354 853 500 924 Ceterum,
522 871 561 910 ex
582 870 640 926 quo
661 853 709 910 die
733 853 793 910 dux
815 861 859 910 est
886 852 1065 924 declaratus,
1093 855 1174 912 velut
1201 854 1305 912 Italia
1332 855 1364 910 ei

268 960 422 1036 provincia
444 959 561 1018 decreta
581 957 748 1030 bellumque
769 958 935 1016 Romanum
957 959 1128 1016 mandatum
1152 969 1237 1029 esset,
1269 961 1363 1016 nihil

237 1064 476 1140 iprolataudum
508 1073 608 1133 ratus,
640 1081 677 1120 ne
706 1079 739 1118 se
767 1079 900 1136 quoque,
932 1073 964 1122 ut
987 1073 1100 1139 patrem
1128 1066 1361 1136 Hamilcarem,

270 1170 374 1227 deinde
408 1169 639 1238 Hasdrubalem,
675 1175 858 1224 cunctantem
893 1185 978 1226 casus
1015 1169 1119 1244 aliquis
1152 1171 1361 1246 opprimeret,

270 1275 439 1351 Saguntinis
465 1274 573 1332 inferre
594 1273 702 1330 bullum
733 1273 843 1329 statuit.
891 1273 1004 1346 Quibus
1036 1276 1241 1351 oppugnandis
1271 1277 1358 1349 quia

237 1383 347 1440 3huud
370 1381 456 1438 dubie
477 1382 613 1437 Romana
635 1396 718 1434 arma
737 1380 937 1448 movebantur,
958 1379 988 1435 iu
1003 1379 1149 1436 Olcadum
1170 1380 1251 1456 prius
1267 1383 1357 1438 fines

270 1487 360 1560 (ultra
381 1486 524 1543 Hiberum
547 1503 583 1540 ea
604 1501 675 1558 gens
696 1484 726 1539 in
747 1493 830 1559 parte
852 1485 945 1560 magis
968 1502 1057 1559 quam
1076 1485 1107 1540 iu
1128 1485 1242 1543 dicione
1265 1486 1354 1544 Car-

270 1589 492 1666 thaginiensium
515 1586 591 1663 erat}
612 1588 728 1646 induxit
750 1589 923 1659 exercitum,
953 1599 985 1646 ut
1010 1607 1067 1646 nou
1092 1591 1200 1664 petisse
1219 1589 1355 1666 Sagun-

269 1697 355 1766 tinos,
378 1695 429 1752 sed
452 1714 548 1752 rerum
572 1693 655 1765 serie,
677 1695 805 1751 finitimis
830 1695 946 1754 domitis
967 1695 1111 1771 gentibus,
1132 1695 1353 1771 iungendoque

238 1800 380 1858 ltraotus
402 1799 491 1856 adid
513 1798 621 1856 bellum
642 1799 735 1856 videri
756 1808 865 1873 posset.
909 1799 1058 1858 Cartalam
1087 1801 1188 1856 urbem
1217 1801 1352 1876 opulen-

269 1915 342 1976 tam,
363 1914 452 1980 caput
476 1906 570 1980 gentis
596 1905 672 1973 eius,
698 1913 848 1977 expugnat
871 1903 1046 1980 diripitque3
1077 1923 1134 1980 quo
1157 1914 1237 1962 metu
1268 1925 1351 1981 per·

269 2013 356 2070 culsoe
394 2011 521 2070 minores
550 2010 682 2068 civitates
716 2008 860 2082 stipendio
899 2008 1038 2084 imposito
1074 2011 1227 2086 imperium
1255 2029 1349 2068 acce-

268 2137 346 2194 pere.
389 2117 495 2174 Victor
516 2115 659 2172 exercitus
688 2113 899 2188 opulentusque
919 2115 1019 2188 prada
1041 2113 1249 2190 Carthaginem
1271 2119 1349 2174 No-

239 2225 338 2282 5vam
361 2223 390 2280 in
412 2223 535 2279 hiberna
565 2227 609 2276 est
637 2219 786 2278 deductus.
836 2217 883 2274 lbi
915 2217 996 2292 large
1023 2221 1176 2294 partiendo
1208 2223 1345 2296 predam

166 2381 171 2394 ,
269 2328 471 2404 stipendioque
504 2323 650 2401 praeterito
684 2341 748 2380 cum
784 2322 842 2380 tide
872 2323 1051 2380 exsolvendo
1083 2326 1194 2384 cunctis
1230 2328 1346 2385 civium

269 2433 473 2506 sociorumque
503 2429 606 2487 animis
637 2429 667 2484 in
696 2445 729 2484 se
754 2428 891 2498 firmatis,
922 2447 991 2486 vere
1018 2431 1113 2504 primo
1137 2431 1168 2486 in
1194 2431 1344 2489 Vaeoaeos
1396 2469 1397 2528 p

238 2538 433 2612 dpromotum
456 2537 574 2595 bellum.
617 2533 816 2591 Hermandica
838 2543 867 2590 et
880 2534 1041 2605 Arbocala,
1063 2553 1163 2593 eorum
1187 2538 1286 2612 urbes,
1309 2539 1343 2594 vi
1396 2561 1397 2568 ¹

269 2653 378 2717 captae3
407 2641 559 2700 Arbocala
580 2648 609 2698 et
636 2638 743 2695 virtute
772 2645 799 2692 et
831 2637 1013 2696 multitudiue
1040 2641 1254 2715 oppidanorum
1289 2643 1340 2698 diu
1396 2627 1397 2670 ¹

238 2746 398 2807 ldelensa.
442 2749 492 2804 Ab
514 2745 714 2803 Hermandica
734 2741 853 2817 profugi
878 2744 1027 2802 exsulibus
1048 2743 1210 2816 Olcadum,
1238 2749 1342 2822 priore

268 2862 369 2910 astuta
391 2852 507 2909 domita
527 2849 635 2924 gentis,
659 2867 748 2922 quum
770 2866 801 2905 se
822 2848 997 2920 iunxissem,
1024 2851 1171 2908 concitant
1193 2850 1340 2927 Carpeta-

238 2958 337 3028 Bnos,
370 2956 523 3030 adortique
545 2954 742 3011 Hannibalem
764 2971 927 3028 regressum
950 2971 987 3012 ex
1007 2953 1139 3012 Vaccaeis
1161 2957 1242 3013 haud
1263 2977 1341 3032 pro-

237 3063 315 3119 9cul
337 3065 422 3134 Tago
444 3060 570 3131 flumine,
597 3078 703 3135 agmen
725 3077 817 3134 grave
843 3060 944 3134 praeda
971 3061 1136 3120 turbavere.
1184 3061 1339 3121 Hannibal

267 3166 370 3241 proelio
393 3165 541 3234 abstinuit,
573 3165 732 3238 castrisque
755 3183 843 3239 super
865 3166 958 3240 ripam
981 3164 1099 3240 positis,
1128 3181 1217 3238 quum
1240 3167 1339 3240 prima

267 3271 349 3345 quies
379 3270 581 3343 silentiumque
613 3271 650 3327 ab
685 3271 817 3328 hostibus
849 3269 917 3341 fuit,
951 3287 1066 3326 amnem
1102 3270 1180 3326 vado
1210 3272 1337 3341 traiecit,

266 3377 404 3449 valloque
430 3376 473 3432 ita
500 3376 658 3451 producto,
684 3383 717 3432 ut
747 3376 842 3432 locum
871 3374 909 3430 ad
938 3373 1207 3448 transgrediendum
1234 3377 1337 3433 hostes

218 3490 254 3543 10
267 3482 417 3551 baberent,
438 3480 578 3538 invadere
607 3499 657 3538 eos
681 3489 864 3538 transeuntes
886 3479 995 3540 statuit.
1038 3479 1195 3552 Equitibus
1225 3499 1336 3554 praeee·

267 3585 324 3659 pit,
348 3593 394 3656 ut,
422 3605 510 3661 quum
533 3587 680 3662 ingressos
702 3605 809 3660 aquam
834 3585 984 3654 viderent,
1005 3584 1188 3640 adorirentur
1208 3584 1336 3660 impedi-

266 3702 327 3748 tum
361 3711 481 3768 agmen;
516 3693 546 3750 in
576 3693 642 3767 ripa
676 3692 846 3766 elephantos
876 3689 1084 3764 (quadraginta
1110 3697 1207 3745 autem
1235 3691 1333 3765 erant)

217 3803 250 3858 ll
266 3798 401 3872 disponit.
453 3798 685 3874 Carpetanorum
713 3814 777 3852 cum
808 3795 1018 3870 appendicibus
1045 3793 1189 3852 Olcadum
1210 3793 1333 3852 Vaccat-

265 3921 407 3978 orumque
430 3913 544 3962 centum
568 3901 660 3960 millia
680 3900 770 3970 fuere,
798 3900 906 3958 invicta
927 3900 1019 3970 acies,
1047 3899 1073 3956 si
1099 3917 1183 3972 aequo
1207 3898 1332 3957 dimica-

215 4013 345 4070 llretur
366 4027 481 4084 campo.
524 4011 630 4082 Itaque
652 4015 681 4063 et
709 4005 826 4080 ingenio
856 4005 969 4064 feroces
996 4013 1026 4061 st
1054 4004 1236 4062 multitudine
1264 4004 1332 4063 freti
1395 4003 1396 4034 ³
