2812 4556
302 236 339 292 52
582 231 662 284 Liber
678 231 751 281 XXl.
790 233 835 296 (Δ.
849 247 873 282 u.
887 245 910 285 c.
925 235 996 293 536.)

256 417 327 476 burri
347 415 469 476 militurn
491 415 619 492 quinque
639 424 668 474 et
689 412 818 494 praefecti
838 415 983 474 sociorum
1006 427 1064 474 tres
1086 427 1154 476 aunt
1169 417 1346 480 interfecti.
1390 425 1391 476 Ξ

208 522 424 583 resecandum
458 542 523 582 eam
558 540 687 597 pugnam
715 520 866 578 Hannibal
895 521 926 578 in
959 521 1096 596 Ligures,
1132 521 1339 598 Sempronius

257 629 369 688 Lucam
392 627 543 688 concessit.
593 625 729 685 Venieuti
752 626 782 682 in
804 626 926 702 Ligures
946 627 1107 684 Hannibali
1129 647 1186 704 per
1208 628 1344 686 insidias
1390 647 1391 698 ι

256 733 409 810 intercepti
429 735 488 792 duo
510 742 668 809 quaestores
689 729 825 801 Romani,
850 729 883 790 (l.
905 731 1027 789 Fulvius
1049 740 1078 790 et
1100 732 1136 792 L.
1161 733 1346 803 Lueretius,
1390 705 1391 720 ἵ

259 855 324 899 eum
358 839 472 898 duobus
505 838 627 898 tribunis
660 835 781 894 militum
814 845 843 892 et
875 837 1002 910 quinque
1033 837 1177 910 equestris
1212 839 1344 910 ordinis,
1390 831 1391 866 ³

258 954 425 1002 senatorum
448 943 540 1002 ferme
561 941 669 1012 liberis,
691 959 750 1016 quo
770 941 863 1014 magis
885 948 979 998 ratam
1002 939 1147 998 soracum
1169 941 1206 998 iis
1227 961 1342 1018 paoem
1390 915 1391 990 l

241 1050 486 1126 'societatemque
507 1050 646 1119 crederet,
668 1047 829 1104 traduntur.

165 1144 214 1214 llll
341 1156 422 1212 Dum
452 1155 514 1214 haee
545 1155 575 1211 iu
604 1152 692 1211 Italia
713 1158 867 1227 geruntur,
896 1148 951 1212 Cn.
980 1148 1132 1209 Cornelius
1165 1151 1270 1227 Scipio
1306 1154 1339 1210 in

227 1257 432 1336 2Hispaniarn
466 1279 530 1318 cum
564 1260 657 1318 classe
685 1269 712 1314 et
745 1257 873 1314 exercitu
898 1255 1017 1326 missus,
1053 1275 1142 1330 quum
1176 1259 1215 1314 ab
1254 1260 1339 1315 ostio

256 1365 393 1424 Rhodani
414 1363 562 1440 proiectus
579 1365 796 1439 Pyrenaeosque
814 1372 927 1420 montes
947 1361 1156 1418 circumvectus
1178 1362 1342 1436 Emporiis

226 1470 418 1544 3appulisset
440 1468 579 1538 classem,
609 1466 743 1542 exposito
763 1467 806 1523 ibi
832 1467 977 1536 exercitu,
1008 1484 1093 1522 orsus
1120 1485 1139 1522 a
1170 1467 1338 1525 Lacetanis
1389 1466 1390 1479 ²

257 1592 372 1631 omnem
403 1592 485 1630 oram
514 1590 607 1647 usqua
640 1575 678 1631 ad
700 1572 841 1630 Hiberum
870 1573 977 1630 flumen
1015 1571 1120 1646 partim
1148 1574 1338 1629 renovandis

257 1677 460 1747 societatibus,
481 1677 588 1752 partim
613 1679 696 1735 novis
717 1678 898 1736 instituendis
922 1678 1064 1734 Romans)
1092 1674 1214 1733 dicionis
1246 1677 1335 1735 fecit.

225 1782 330 1840 elude
357 1781 511 1840 conciliata
534 1783 692 1840 clementiae
713 1783 795 1842 sama
815 1803 873 1840 non
903 1782 941 1838 ad
963 1772 1124 1838 maritimos
1155 1783 1244 1840 modo
1271 1804 1334 1859 po-

256 1887 351 1962 pulos,
374 1887 476 1945 sedin
501 1888 719 1946 mediterraneis
741 1906 858 1964 quoque
883 1904 918 1943 ac
937 1886 1082 1942 montenis
1105 1887 1144 1943 ad
1165 1887 1332 1948 ferociores

255 1993 313 2050 iam
329 2002 429 2068 gentes
451 1992 558 2063 valuit3
579 2012 634 2052 nee
648 2012 709 2068 pax
724 1993 812 2050 modo
835 1993 914 2068 apud
935 2011 994 2063 eos,
1017 1993 1068 2048 sed
1088 1992 1213 2050 societas
1238 1996 1331 2054 etism

256 2116 404 2154 armorum
427 2106 512 2172 parts
534 2107 592 2167 est,
614 2098 776 2172 validaeque
798 2099 910 2174 aliquot
931 2097 1106 2154 auxiliorum
1129 2099 1267 2156 cohortes
1293 2121 1332 2157 ex

224 2202 289 2260 siis
322 2203 491 2278 conscriptae
513 2213 588 2262 sunt.
641 2204 796 2260 Hannonis
829 2205 869 2261 cis
890 2203 1032 2260 Hiberum
1063 2201 1215 2278 provincia
1249 2217 1333 2275 erat;

254 2326 319 2366 eum
342 2307 498 2382 reliquerat
519 2308 670 2366 Hannibal
692 2310 729 2366 ad
750 2309 876 2386 regionis
898 2308 959 2366 eius
985 2307 1161 2383 praesidium.
1204 2309 1329 2385 Itaque,

253 2414 425 2488 priusquam
446 2413 641 2472 alienarentur
662 2415 774 2486 omnia,
804 2415 920 2472 obviam
943 2413 1068 2470 eundum
1093 2420 1184 2485 ratus,
1218 2418 1332 2472 castris

223 2516 283 2578 tin
304 2527 461 2592 conspectu
482 2518 609 2576 hostium
631 2519 747 2594 positis,
773 2519 802 2576 in
824 2519 915 2576 aciem
936 2519 1043 2575 eduxit.
1090 2519 1155 2576 Nee
1184 2521 1330 2578 Romano

254 2619 443 2680 differendum
475 2631 621 2680 certamen
651 2625 761 2696 visum,
793 2625 900 2700 quippe
930 2623 980 2698 qui
1005 2624 1107 2695 sciret,
1142 2643 1209 2682 eum
1235 2627 1330 2684 Han·

252 2745 329 2784 noue
351 2736 379 2784 et
400 2725 590 2784 Hasdrubale
610 2727 665 2784 sibi
679 2729 874 2786 dimicandum
897 2745 975 2799 esse,
1002 2729 1159 2804 malletque
1181 2731 1329 2790 adversus

253 2832 382 2906 singulos
410 2832 568 2907 separatim
600 2851 688 2907 quam
721 2835 861 2892 adversus
891 2834 964 2891 duos
998 2835 1083 2892 simul
1115 2853 1177 2892 rem
1210 2855 1326 2911 gerere.

223 2937 317 2996 'lNec
339 2938 436 3013 magni
460 2937 624 2995 certaminis
652 2959 687 2996 es
709 2940 856 2997 dimicatio
877 2939 939 2998 fuit.
985 2939 1045 2999 Sex
1071 2939 1162 2998 millia
1192 2943 1326 3002 hostium

253 3059 344 3112 cesa,
365 3043 422 3100 duo
445 3052 532 3118 capta
554 3032 619 3128 cum
644 3045 777 3119 presidio
800 3055 977 3116 castrorum3
1002 3065 1070 3102 nam
1095 3055 1124 3102 et
1146 3058 1246 3104 caetra
1269 3070 1325 3106 ex-

251 3155 382 3222 pugnata
403 3157 485 3217 suut,
514 3158 602 3223 atque
629 3149 692 3224 ipse
721 3152 781 3208 dux
813 3171 877 3210 cum
905 3151 1017 3226 aliquot
1037 3151 1217 3227 principibus
1241 3157 1325 3230 capi-

252 3260 352 3324 untur,
385 3262 415 3310 et
444 3251 551 3324 Cissis,
585 3255 780 3331 propinquum
817 3257 919 3315 castris
952 3256 1091 3332 oppidum
1123 3269 1325 3333 expugnatur.

221 3355 386 3416 SCeterum
408 3358 509 3434 praeda
531 3359 630 3434 oppidi
652 3363 737 3436 parvi
761 3363 845 3438 pretii
872 3380 969 3420 rerum
996 3360 1066 3432 fuit,
1096 3363 1229 3437 supellex
1251 3366 1324 3424 bar-

219 3461 351 3524 9bariea
377 3480 412 3520 ac
441 3463 541 3520 vilium
564 3464 791 3539 mancipiorum
824 3480 920 3527 castra
948 3466 1066 3522 militem
1088 3466 1235 3539 ditavere,
1259 3490 1323 3530 nou

250 3566 312 3623 eius
332 3569 422 3626 modo
445 3569 604 3640 exercitus,
639 3568 689 3643 qui
711 3569 804 3626 victus
826 3581 905 3642 erat,
937 3573 989 3630 sed
1019 3580 1049 3628 et
1075 3571 1150 3641 eiua,
1177 3573 1319 3647 quicum

249 3671 417 3732 Hannibale
451 3674 481 3732 in
519 3674 626 3758 Italia,
644 3673 803 3746 militabat,
838 3677 971 3734 omnibus
1007 3677 1069 3736 fere
1107 3677 1184 3734 caris
1219 3679 1321 3750 rebus,

248 3795 297 3850 ne¹
316 3779 420 3854 gravia
453 3779 660 3854 impedimenta
692 3777 850 3838 ferentibus
887 3793 999 3855 essent,
1036 3784 1109 3842 citra
1142 3783 1320 3858 Pyrenaeum

246 3883 365 3944 relictis.
407 3923 414 3936 .
