2674 4542
321 233 374 292 tot
582 229 661 280 uther
677 227 780 282 xxm.
818 228 865 292 (Δ.
878 241 901 278 o.
917 242 939 280 c.
953 229 1027 292 sse.)

274 415 377 484 nebat,
409 414 528 472 crebras
556 413 743 472 excursiones
771 411 926 486 inegram
956 413 1116 488 Hirpinum
1150 425 1184 472 et
1206 413 1293 472 Samni

228 521 263 576 ll
277 515 426 578 Caudinos
447 517 524 587 fecit,
553 517 685 592 adeoque
715 515 814 574 omniu
840 514 918 574 ferro
941 526 1028 592 atque
1058 517 1121 593 igni
1145 519 1284 586 vastavit,

176 618 220 688 42
277 623 463 698 antiquarum
495 621 620 680 cladium
654 621 774 681 Samnio
808 621 978 680 memoriam
1010 635 1185 682 renovaret.
1246 625 1284 679 Ita

276 727 422 804 extemplo
443 727 532 804 legati
554 727 592 784 ad
614 725 810 784 Hannibalem
833 726 913 782 missi
940 727 1025 786 simul
1047 747 1085 784 ex
1110 737 1244 802 utraque
1262 747 1279 802 g

243 832 316 892 uita
337 834 460 890 Poenum
483 831 601 890 allocuti
622 840 697 890 sunt.
748 831 876 899 „Hostes
895 833 996 906 populi
1018 834 1161 902 Romani,
1192 833 1284 890 Hanni

273 938 381 996 fuimus
403 937 528 1012 primum
549 955 602 1011 per
623 953 676 993 nos
698 935 763 1010 ipsi,
787 937 884 1010 quoad
899 947 999 995 nostra
1021 957 1116 1008 arma,
1137 945 1253 995 nostre
1271 937 1292 992 v'

275 1060 329 1100 uos
350 1042 439 1100 tutari
460 1049 604 1116 poterant.
653 1041 816 1115 Postquam
838 1041 873 1098 iis
894 1060 998 1116 perum
1021 1043 1205 1112 fidebamus,
1235 1045 1299 1118 Pyrr

243 1148 337 1222 3regi
357 1165 411 1204 nos
433 1145 630 1214 adiunximus3
653 1164 672 1203 e
694 1164 752 1220 quo
775 1145 867 1204 relicti
888 1165 989 1221 paoem
1013 1149 1216 1205 necessariam
1239 1167 1283 1206 acc

275 1271 349 1324 mus,
378 1251 544 1325 fuimusque
572 1249 602 1306 in
633 1269 669 1306 ea
696 1269 750 1324 per
779 1268 870 1307 annos
893 1270 986 1326 prope
1016 1252 1238 1328 quinquaginta
1257 1254 1288 1308 ad

245 1365 262 1418 ·l
275 1367 399 1433 tempus,
421 1375 480 1430 quo
502 1366 532 1412 tu
554 1355 584 1412 in
604 1354 720 1412 ltaliam
743 1356 855 1413 venisti.
898 1357 965 1412 Tua
987 1375 1039 1413 uos
1062 1376 1121 1415 non
1144 1359 1244 1434 magis
1258 1359 1282 1412 ι’

275 1463 450 1538 fortunaque
487 1479 575 1535 quam
611 1461 697 1518 unica
729 1461 851 1518 comitas
873 1451 925 1519 'ac
958 1463 1122 1537 benignitas
1160 1483 1237 1539 erga
1270 1464 1304 1518 cir

276 1576 402 1636 nostros,
424 1584 498 1640 quos
522 1575 624 1642 captos
647 1566 731 1624 nobis
756 1567 901 1636 remisisti,
924 1567 967 1624 ita
991 1568 1159 1626 conciliavit
1184 1569 1247 1637 tibi,
1267 1579 1292 1623 ιιι

276 1673 359 1731 salvo
383 1679 471 1746 atque
492 1671 629 1728 incolumi
649 1671 743 1728 amieo
758 1689 816 1728 non
839 1672 926 1729 modo
940 1672 1080 1747 populum
1095 1675 1273 1742 Romanum,

246 1781 313 1836 bne
335 1779 406 1836 deos
429 1778 545 1851 quidem
567 1777 684 1846 iratos,
704 1776 729 1834 si
749 1776 796 1833 fas
818 1784 862 1833 est
889 1777 961 1846 dici,
990 1777 1170 1835 timeremus.
1221 1782 1263 1837 At
1282 1779 1295 1833 h

277 1885 341 1943 cule
362 1903 421 1940 nou
442 1883 536 1940 solum
559 1879 698 1939 ineolumi
729 1890 758 1938 et
785 1881 910 1951 viatore,
943 1882 994 1938 sed
1015 1891 1160 1956 praesente
1185 1892 1231 1952 te,
1259 1902 1291 1956 qu

276 1990 422 2066 ploratum
444 2007 536 2064 prope
558 1988 712 2062 coniugum
735 2004 770 2044 ec
790 1985 946 2043 liberorum
968 1993 1134 2045 nostrorum
1158 1989 1293 2046 exaudire

278 2095 434 2170 flagrantia
462 2102 540 2150 tecta
568 2110 670 2168 posses
701 2091 880 2165 conspicere,
910 2091 953 2148 ita
979 2110 1078 2149 sumus
1107 2093 1265 2170 aliquoties

280 2209 379 2258 aestate
409 2196 568 2268 devastati,
599 2206 632 2258 ut
659 2197 700 2255 M.
723 2196 894 2267 Marcellus,
916 2216 979 2294 non!
998 2197 1150 2255 Hannibal
1177 2199 1280 2255 vicisse

281 2305 398 2363 Cannas
425 2300 559 2359 videatur
586 2302 804 2378 glorienturque
834 2302 971 2371 Romani,
1001 2312 1039 2371 te,
1069 2304 1107 2359 ad
1138 2321 1229 2360 uuum
1263 2321 1285 2358 m

249 2411 367 2468 tlictum
389 2408 544 2483 vigentem,
565 2407 645 2465 velut
666 2407 767 2464 aculeo
791 2407 896 2464 emisso
919 2415 1043 2482 torpere.
1091 2410 1153 2466 Per
1174 2427 1267 2465 annos

281 2524 336 2574 trem
372 2529 436 2570 cum
474 2512 582 2587 populo
616 2513 750 2570 Romano
782 2511 888 2586 bellum
921 2513 1080 2586 gessimus,
1112 2515 1195 2571 nullo
1229 2525 1289 2571 exte

280 2617 371 2676 adiuti
392 2635 445 2674 uec
467 2616 539 2676 duce
560 2636 613 2676 uec
635 2617 777 2687 exercitu,
799 2616 854 2674 nisi
876 2617 953 2690 quod
974 2636 1027 2690 per
1046 2618 1196 2677 biennium
1219 2619 1326 2695 Pyrrha

279 2731 379 2779 nostro
399 2720 492 2796 magis
521 2723 609 2780 milite
635 2741 704 2780 suas
734 2723 816 2778 auxit
842 2722 928 2791 vires,
957 2740 1045 2795 quam
1075 2723 1135 2779 suis
1159 2725 1269 2781 viribus
1290 2735 1326 2776 ua

251 2826 417 2886 idefeudit.
471 2827 541 2884 Non
575 2845 629 2902 ego
660 2828 793 2884 secundis
825 2829 911 2884 rebus
938 2828 1046 2883 nostris
1075 2828 1245 2902 gloriabor,
1273 2829 1325 2883 duct

280 2934 412 2991 consules
427 2951 462 2990 ac
476 2932 550 2990 ‹luos
571 2932 737 2990 consulares
758 2932 902 2990 exercitus
924 2933 961 2988 ab
983 2933 1066 2989 nobis
1086 2934 1141 2991 sub
1159 2935 1256 3010 iugum
1278 2933 1324 2988 mis·

280 3055 343 3108 sos,
370 3046 398 3094 et
426 3036 451 3093 si
481 3055 539 3110 qua
567 3036 625 3092 alia
654 3045 705 3093 aut
732 3037 799 3094 laeta
825 3049 882 3094 aut
909 3036 1039 3112 gloriosa
1066 3031 1152 3096 nobis
1180 3049 1322 3097 evenerunt

250 3143 353 3214 SQuae
375 3159 481 3216 aspera
503 3140 685 3215 adversaque
714 3149 782 3199 tuuc
804 3143 986 3210 acciderunt,
1014 3143 1127 3200 minore
1148 3144 1324 3219 indignatione

250 3246 389 3307 9referre
410 3263 573 3319 possumus,
596 3263 683 3320 quam
706 3263 770 3320 quae
790 3247 876 3304 hodie
899 3247 1042 3304 eveniunt.
1092 3249 1198 3323 Magni
1225 3249 1323 3305 dictato

280 3369 327 3412 res
348 3369 412 3409 cum
436 3349 582 3425 magistris
606 3351 749 3425 equitum,
778 3351 837 3408 bini
859 3352 991 3409 consules
1021 3371 1086 3410 cum
1114 3353 1192 3410 binis
1215 3351 1323 3410 consuls·

279 3456 360 3514 ribus
384 3453 557 3512 exercitibus
586 3455 822 3530 ingrediebantur·
843 3459 913 3514 fines
935 3466 1065 3527 nostros,
1093 3467 1162 3515 onte
1192 3459 1322 3534 explorato

280 3568 309 3616 et
336 3559 472 3616 subsidiis
497 3551 599 3634 positis
628 3569 656 3616 et
684 3563 738 3618 sub
770 3562 860 3636 siguis
888 3563 926 3618 ad
955 3562 1153 3637 populandum
1190 3565 1322 3620 ducebant:

231 3669 354 3722 ltlnuuo
375 3665 562 3740 propraetoris
590 3664 673 3722 unius
704 3675 732 3723 et
755 3667 840 3741 parvi
868 3666 905 3722 ad
932 3669 1067 3725 tuendam
1088 3669 1199 3726 Nolam
1221 3663 1322 3744 presidii

280 3770 380 3844 praeda
411 3787 526 3838 sumus;
557 3768 615 3826 iam
648 3790 684 3828 ue
718 3772 918 3847 manipulatim
950 3773 1080 3847 quidem,
1115 3775 1166 3831 sed
1200 3775 1322 3831 latronum

209 3855 212 3862 ¹
282 3875 368 3933 modo
392 3883 562 3950 percursant
584 3873 653 3931 totis
673 3876 778 3934 finibus
802 3877 908 3934 nostris
929 3877 1136 3952 negligentius,
1158 3899 1246 3954 quam
1267 3879 1287 3936 si
1304 3877 1329 3931 tn

232 3983 415 4042 llRomano
438 3988 615 4052 vagarentur
636 3999 735 4055 agro„
766 3979 863 4038 Causa
878 3991 973 4039 autem
999 3973 1059 4041 haeso
1074 3993 1127 4053 est,
1150 3987 1229 4058 quod
1251 4000 1321 4056 nequo

1322 4101 1328 4503 l
