2674 4542
314 265 370 322 166
579 261 657 314 uibar
676 262 777 317 mn.
815 263 858 326 (A.
872 279 895 312 n„
909 279 931 318 c.
948 269 1019 324 stt.)

236 446 356 523 tlcaput
381 444 521 506 abstulit?
543 445 603 516 nbi,
625 447 675 522 qui
698 449 730 506 ln
750 448 876 506 Paulum
905 449 944 506 ad
966 447 1086 508 Cannas
1115 447 1281 508 occiditlll

267 573 331 614 rum
355 572 430 612 nuno
456 550 563 611 habet?
596 551 653 610 au*
666 552 776 612 dextra
804 553 941 630 torpent?
972 573 1010 612 an
1039 555 1112 629 quid
1142 553 1264 631 prodigii

267 658 365 718 aliud?
387 657 445 732 Qui
467 658 553 734 pauci
573 658 672 735 pluras
687 659 803 718 vincere
824 659 903 718 soliti
924 659 1002 729 estis,
1024 677 1103 718 nuuc
1117 661 1224 737 paucis
1242 679 1259 736 p

268 764 317 824 vix
340 763 466 826 rostatis.
509 766 636 824 Romam
656 781 711 822 vos
733 773 962 842 expugnaturos,
994 763 1106 839 siquis
1129 766 1256 836 duceret,
1272 765 1313 822 lsr-

218 867 310 929 ltltes
331 871 432 946 lingua
452 869 616 932 iactabatis.
664 869 726 940 En,
754 869 784 926 in
806 869 918 928 minore
949 888 982 927 re
1003 870 1133 946 experiri
1161 872 1222 930 vim
1265 869 1271 884 ’

267 987 383 1051 temque
410 974 490 1032 volo.
538 974 716 1050 Expugnate
745 973 871 1046 Nolam,
903 985 1097 1052 campestrem
1135 979 1250 1045 urbem,
1274 990 1313 1032 na

267 1081 398 1150 flumine,
433 1099 493 1140 non
527 1079 601 1138 mani
635 1087 766 1155 saeptam.
827 1080 904 1139 Hinc
941 1097 995 1139 vos
1032 1101 1069 1140 ex
1106 1091 1171 1142 tam
1207 1083 1314 1162 opuleutt

268 1187 339 1246 urbe
370 1185 469 1261 prada
505 1183 663 1262 spoliisque
694 1194 814 1244 onustos
836 1187 885 1244 vel
908 1187 1028 1257 ducam,
1061 1206 1121 1262 quo
1143 1189 1258 1262 voletis,
1282 1189 1314 1248 ul

267 1273 409 1367 aequant

173 1388 216 1457 46
352 1397 416 1454 Neo
451 1397 524 1454 bene
551 1415 604 1454 nec
633 1397 710 1454 male
740 1397 817 1456 dicta
850 1395 1021 1473 profuerunt
1052 1399 1091 1456 ad
1123 1402 1314 1459 confirmandae

237 1491 391 1560 lanimos.
436 1502 533 1576 Quum
560 1501 640 1560 omni
662 1512 746 1578 parte
775 1502 966 1578 pellerentur,
998 1487 1206 1580 Romanisque
1231 1525 1314 1564 mara

267 1617 332 1666 rent
353 1606 452 1676 animi,
473 1626 531 1664 nou
553 1608 625 1666 duce
648 1608 742 1666 solum
765 1608 947 1677 adhortante,
969 1609 1020 1666 sed
1035 1609 1163 1668 Nolanis
1186 1611 1314 1687 etianps

268 1713 424 1771 clamorem
473 1711 584 1770 favoris
624 1711 748 1770 indicem
792 1713 1014 1772 accendentibus
1054 1715 1195 1774 ardorem
1227 1733 1312 1792 pagna

239 1821 351 1896 3terga
379 1817 465 1876 Pceui
496 1819 637 1878 dederunt
666 1829 754 1892 atque
781 1817 810 1875 in
838 1827 935 1876 castra
966 1820 1108 1895 compulsi
1134 1831 1215 1883 sunt.
1264 1822 1313 1894 Qus

269 1941 439 2001 oppugnare
470 1923 616 1998 cupientes
647 1922 752 1981 milites
778 1925 929 1982 Romanos
959 1925 1117 1982 Marcellus
1149 1927 1257 1984 Nolam
1282 1943 1313 1982 re

269 2030 353 2088 (luxit
374 2048 439 2086 cum
463 2045 570 2104 niagno
597 2027 707 2104 gaudio
734 2038 763 2085 et
791 2029 986 2103 gratulatione
1013 2030 1101 2087 etiam
1134 2030 1245 2107 plebis,
1269 2047 1312 2104 qus

116 2152 121 2166 ¹
238 2139 337 2192 tante
369 2133 533 2194 inclinatior
565 2133 604 2190 ad
632 2133 740 2192 Poenos
773 2133 878 2194 fuerat.
941 2134 1078 2192 Hostium
1111 2135 1178 2210 plus
1212 2137 1313 2212 quinqua

270 2239 360 2298 millia
382 2257 457 2296 caesa
478 2257 514 2296 eo
536 2238 592 2308 die,
612 2237 672 2296 vivi
694 2239 772 2314 capti
789 2238 918 2296 sexcenti
939 2246 967 2296 et
988 2238 1072 2314 sigua
1088 2239 1228 2300 militaria
1248 2239 1313 2298 unde

269 2343 371 2420 viginti
393 2352 422 2402 et
445 2345 503 2402 duo
526 2343 686 2419 elephanti3
708 2352 846 2418 quattuor
866 2342 896 2399 in
918 2342 981 2400 acia
1003 2342 1105 2413 occiai3
1136 2345 1312 2404 Romanorum

240 2449 364 2507 ominus
392 2449 470 2508 mille
497 2448 650 2510 interfecti.
698 2450 852 2508 Poetarum
882 2447 957 2504 diem
985 2447 1104 2506 indutiis
1132 2449 1228 2506 tacitis
1252 2467 1313 2523 seps

268 2554 364 2612 liendo
387 2555 523 2631 utrinque
544 2573 635 2614 casos
655 2554 686 2612 in
704 2553 766 2612 acie
789 2561 1038 2628 consumpserunt.
1084 2552 1189 2628 Spolia
1210 2553 1312 2611 hostiurn

240 2660 426 2718 6Marcellua
448 2661 583 2718 Vulcano
606 2668 706 2718 votum
729 2659 877 2716 cremavit.
921 2657 1023 2717 Tertio
1038 2666 1108 2732 post
1130 2659 1178 2716 die
1193 2661 1231 2716 ob
1252 2659 1313 2716 iram

270 2765 371 2834 credo,
404 2766 531 2840 aliquam
554 2774 605 2824 aut
633 2783 714 2840 spem
744 2763 917 2822 liberalioris
939 2762 1047 2820 militia
1078 2762 1195 2821 ducenti
1219 2775 1314 2838 septua-

268 2870 350 2946 ginta
371 2871 429 2928 duo
459 2872 584 2945 equites,
614 2871 697 2930 mixti
718 2869 854 2928 Numidae
881 2879 907 2925 et
932 2868 1074 2944 Hispani,
1103 2869 1144 2924 ad
1166 2867 1313 2926 Marcellin

269 2975 495 3052 transfugerunt.
550 2977 662 3035 Eorum
693 2974 763 3032 forti
787 2974 922 3049 fidelique
954 2993 1044 3049 opera
1072 2974 1102 3031 iu
1124 2993 1161 3032 eo
1185 2975 1258 3033 bello
1284 2969 1314 3028 usi

240 3084 336 3140 leunt
357 3100 434 3157 saepe
456 3082 591 3143 Romani.
636 3085 718 3156 Ager
744 3079 886 3154 Hispanis
916 3079 946 3136 iu
973 3079 1120 3154 Hispania
1151 3088 1180 3138 et
1199 3076 1314 3138 Numida

269 3187 299 3242 iu
320 3185 424 3244 Africa
446 3195 513 3261 post
534 3185 640 3244 bellum
662 3184 776 3242 virtutis
798 3203 887 3242 cause
908 3184 994 3241 datus
1016 3194 1069 3246 est.

240 3291 257 3346 8
331 3291 512 3360 'Hannibal
544 3292 582 3348 ab
613 3291 693 3348 Nola
725 3290 845 3348 remisso
877 3290 907 3345 in
940 3289 1071 3347 Bruttios
1091 3291 1237 3348 Hannone
1266 3303 1314 3346 cun

270 3397 375 3471 quibua
406 3405 526 3455 venerat
562 3396 668 3474 copiis,
701 3395 765 3470 ipse
795 3394 912 3471 Apuliae
943 3394 1066 3452 hiberna
1096 3397 1170 3470 petit
1201 3394 1315 3464 circaque

239 3503 370 3577 9Arpos
392 3501 530 3561 consedit.
578 3501 615 3574 Q.
637 3501 747 3570 Fabius
771 3509 802 3558 ut
824 3499 986 3575 proiectum
1008 3499 1039 3556 in
1060 3501 1202 3576 Apuliam
1222 3495 1315 3556 Hanni·

269 3608 364 3665 balam
398 3607 517 3676 audivit,
550 3605 695 3664 frumento
726 3607 764 3664 ab
790 3606 870 3664 Nola
899 3603 1084 3680 Neapolique
1115 3605 1146 3662 in
1174 3623 1210 3663 ea
1237 3610 1315 3662 casm

271 3715 421 3783 convecto,
443 3730 507 3787 quae
527 3729 616 3787 super
638 3709 806 3770 Suessulam
829 3717 921 3778 erant,
943 3708 1187 3784 munimentisque
1214 3705 1316 3767 firmatu

271 3827 300 3874 et
313 3816 459 3893 praesidio,
481 3817 560 3892 quotl
571 3835 624 3892 per
638 3817 760 3874 hiberna
775 3814 812 3872 atl
828 3813 1014 3873 obtinendum
1039 3813 1135 3872 locum
1158 3816 1229 3874 satis
1248 3822 1316 3870 esset

270 3922 386 3992 relicto,
413 3923 476 3997 ipse
498 3920 632 3997 Capuam
661 3920 781 3996 propius
809 3919 901 3976 movit
922 3929 1035 3988 castra,
1065 3936 1226 3996 agrumque
1246 3917 1315 3976 Osm-

221 4029 257 4081 10
270 4045 378 4102 panum
400 4025 478 4083 ferro
500 4025 618 4100 ignique
640 4034 683 4084 est
704 4025 908 4100 depopulatus,
930 4024 1022 4084 donec
1044 4025 1139 4082 coacti
1158 4033 1226 4084 sunt
1246 4021 1315 4082 cam-
