2812 4556
290 206 329 260 44
565 200 644 250 Liber
661 199 736 252 XXI.
774 200 822 262 (A.
835 213 862 251 u.
876 214 899 250 c.
915 199 989 262 ⁵86.)

248 384 445 446 dam'Siciliae
466 403 565 455 oram,
597 383 712 458 ipsein
733 383 858 440 insulam
881 383 1027 452 Melitam,
1054 399 1120 457 quse
1148 380 1338 440 aCnrtha-

217 491 426 568 2giuiensibus
448 490 610 559 tenebatur,
632 490 753 549 traiecit.
801 489 979 548 Advenienti
999 487 1155 547 Hamilcar
1176 484 1339 561 Gisgonis

249 597 335 668 filius,
369 595 522 672 praefectus
551 596 687 672 praesidii,
717 613 783 653 cum
806 595 1011 670 paulominus
1042 595 1158 652 duobus
1189 591 1338 650 millibus

250 703 372 761 militnm
401 702 597 777 oppidumque
619 720 684 760 cum
705 701 801 759 insula
828 701 960 758 traditur.
1008 699 1082 758 Inde
1112 709 1182 775 post
1207 715 1337 776 paucos

249 809 310 867 dies
338 809 461 868 reditum
485 809 661 884 Lilybaeum,
694 807 859 882 captivique
889 815 918 864 et
951 825 969 864 a
1001 808 1120 866 consule
1142 816 1171 864 et
1203 825 1228 864 a
1254 823 1336 882 prae·

250 897 327 988 tor'e,
358 922 464 990 preater
498 914 624 988 insignes
648 912 798 971 nobilitate
822 913 911 982 viros,
944 914 998 970 sub
1019 931 1130 971 corona
1154 913 1336 970 venierunt.

218 1013 414 1094 3Postquam
447 1021 485 1076 ab
516 1037 551 1075 aa
579 1026 662 1093 parte
684 1018 868 1075 satietatem
892 1017 1021 1077 Siciliam
1046 1019 1185 1078 censebat
1206 1016 1334 1084 consul,

251 1126 289 1183 ad
309 1125 419 1182 insulas
434 1123 570 1193 Vulcani,
593 1123 662 1197 quia
683 1121 764 1180 fama
780 1132 844 1180 erat
864 1132 942 1181 stare
962 1125 1003 1183 ibi
1017 1125 1161 1183 Punicam
1184 1125 1336 1190 classem,

250 1230 375 1300 traiecit3
407 1249 461 1287 nec
492 1228 645 1303 quisquam
678 1228 804 1287 hostium
837 1228 915 1286 circa
946 1249 996 1288 eas
1026 1231 1138 1288 insulas
1170 1231 1332 1296 inventum

219 1330 317 1393 ‘lnam
341 1335 416 1393 forte
438 1335 659 1392 transmiserant
680 1334 717 1391 ad
739 1335 912 1392 vastandam
936 1337 1030 1393 Italiae
1061 1355 1159 1406 oram,
1187 1336 1333 1410 depopu-

219 1437 368 1515 5lal0que
399 1439 573 1497 Viboniensi
605 1457 686 1515 agro,
715 1440 817 1496 urbem
839 1441 926 1498 etiam
948 1444 1106 1503 terrebant.
1163 1437 1329 1517 Repetenti

251 1545 379 1605 Siciliam
416 1544 528 1603 consuli
564 1545 692 1602 escensio
729 1546 857 1604 hostium
900 1547 930 1604 in
968 1565 1070 1623 agnum
1106 1547 1328 1604 Viboniensem

191 1709 194 1712 .
249 1649 329 1708 iacta
357 1651 519 1721 nuntiatur,
551 1650 710 1724 litteraque
738 1652 776 1708 ab
800 1659 902 1711 senatu
931 1653 966 1710 de
996 1654 1119 1710 transitu
1146 1653 1176 1708 in
1198 1651 1326 1709 Italiam

249 1756 439 1827 Hannibalis,
468 1764 497 1813 et
517 1764 549 1812 ut
570 1755 664 1830 primo
687 1775 803 1832 quoque
824 1766 956 1830 tempore
981 1754 1099 1829 collegae
1121 1755 1211 1813 ferret
1233 1754 1324 1813 anxi-

218 1862 334 1932 ulium,
361 1863 457 1920 missae
477 1863 640 1920 traduntur.
688 1862 789 1919 Multis
816 1862 901 1920 simul
932 1860 1035 1918 anxius
1057 1861 1133 1918 curis
1159 1861 1323 1918 exereitum

249 1967 394 2042 extemplo
427 1967 457 2024 in
488 1985 579 2024 naves
611 1967 777 2042 impositum
808 1966 973 2024 Ariminum
1005 1966 1079 2024 mari
1101 1983 1208 2042 supero
1230 1965 1321 2032 misit,

249 2073 318 2133 Sex.
352 2072 517 2147 Pomponio
546 2072 643 2147 legato
676 2091 741 2129 cum
774 2072 876 2148 viginti
905 2073 1032 2146 quinque
1063 2071 1159 2146 longis
1192 2073 1322 2129 navibus

195 2199 200 2204 ·
247 2177 456 2235 Viboniensem
473 2196 575 2252 mum
600 2178 833 2251 maritimamque
855 2195 937 2234 oram
959 2177 1052 2234 Italiae
1074 2179 1211 2235 tuendam
1234 2175 1319 2234 attri-

218 2284 319 2354 scuit,
343 2284 385 2343 M.
406 2282 531 2340 AEmilio
551 2283 669 2357 praetori
692 2281 902 2357 quinquaginta
923 2284 1041 2340 navium
1065 2281 1187 2340 classem
1217 2281 1319 2357 exple·

247 2391 298 2447 vit.
344 2389 421 2463 Ipse,
443 2386 610 2461 compositis
626 2385 731 2445 Sicilioe
744 2388 841 2457 rebus,
863 2387 961 2447 decem
978 2389 1101 2446 navibus
1123 2405 1206 2446 oram
1222 2386 1317 2445 Italiae

248 2496 348 2570 legens
371 2491 534 2550 Ariminum
561 2493 702 2566 pervenit.
749 2494 822 2550 Inde
850 2511 914 2550 cum
942 2495 1071 2552 exercitu
1092 2511 1145 2551 suo
1168 2492 1318 2569 profectus

250 2601 288 2656 ad
303 2598 441 2656 Trebiam
464 2597 570 2654 flumen
593 2597 710 2674 collegae
733 2598 925 2672 coniungitur.

110 2766 112 2770 ,
153 2703 199 2773 52
331 2705 396 2762 Iam
419 2703 506 2760 ambo
529 2703 661 2760 consules
683 2712 712 2761 et
734 2704 870 2779 quicquid
892 2707 1091 2762 Romanarum
1114 2703 1220 2760 virium
1243 2708 1315 2766 erat,
1378 2736 1382 2771 ,

249 2806 409 2865 Hannibali
431 2807 606 2882 oppositum,
633 2817 683 2864 aut
703 2809 760 2866 illis
783 2809 874 2884 copiis
897 2807 1013 2866 defendi
1041 2826 1128 2883 posse
1150 2809 1314 2865 Romanum

218 2914 402 2989 2impe1iu1n
425 2922 476 2970 arat
498 2931 580 2987 spem
595 2913 703 2972 nullam
728 2915 815 2971 aliam
840 2933 912 2984 esse,
934 2914 1005 2970 sctis
1027 2913 1205 2970 declarabat
1252 2913 1313 2970 Ta-

250 3039 314 3076 men
343 3018 445 3076 consul
476 3018 564 3089 alter,
595 3019 721 3092 equestri
744 3018 847 3094 proelio
882 3038 940 3077 uno
963 3028 991 3076 et
1011 3019 1131 3076 vulnere
1154 3037 1209 3076 suo
1234 3015 1314 3090 imi·

248 3133 343 3193 nutus,
365 3124 442 3180 trahi
464 3141 525 3180 rem
548 3123 689 3193 malebat3
718 3099 841 3180 recentis
870 3123 958 3180 animi
980 3124 1054 3181 alter
1075 3141 1170 3197 eoque
1191 3121 1314 3181 ferocior
1381 3127 1384 3209 p

219 3229 357 3288 3nullam
380 3228 547 3285 dilationem
568 3229 740 3302 patiebatur.
784 3227 870 3300 Quod
891 3228 967 3286 inter
986 3228 1125 3287 Trebiam
1142 3229 1312 3302 Padumque
1384 3211 1385 3306 l

250 3333 314 3407 agri
337 3341 390 3402 est,
413 3332 494 3390 Galli
515 3341 576 3390 tum
596 3333 772 3402 incolebant,
793 3332 822 3389 in
837 3333 959 3390 duorum
975 3333 1197 3408 praepotentium
1220 3349 1311 3408 popu·
1383 3309 1384 3354 3

249 3438 343 3495 lorum
366 3438 522 3494 certamine
549 3458 602 3513 per
623 3437 791 3512 ambiguum
818 3437 950 3496 favorem
978 3438 1057 3496 haud
1080 3438 1167 3495 dubie
1189 3439 1310 3514 gratiam

218 3543 368 3602 ‹lvictoris
401 3551 573 3617 spectantes.
629 3543 665 3600 Id
692 3543 833 3612 Romani,
848 3585 850 3589 ι
866 3545 953 3601 modo
983 3562 1019 3600 ne
1052 3543 1122 3617 quid
1155 3549 1308 3607 moverent,
1383 3539 1385 3586 ἶ

250 3666 334 3722 aequo
356 3647 445 3718 satis,
475 3649 583 3706 Poenus
610 3648 761 3723 periniquo
790 3647 886 3704 animo
910 3648 1037 3717 ferebat,
1060 3648 1097 3703 ab
1119 3645 1216 3704 Gallis
1238 3645 1309 3704 acci·

218 3759 310 3814 5tum
332 3750 506 3811 sevenisse
533 3754 571 3810 ad
599 3752 764 3812 liberandos
787 3771 837 3809 eos
865 3752 1009 3809 dictitans.
1058 3749 1105 3808 Ob
1134 3771 1200 3810 eam
1232 3751 1308 3816 iram,
1382 3757 1385 3816 l

250 3857 335 3915 simul
361 3867 393 3914 ut
414 3859 513 3933 praeda
535 3858 653 3916 militem
677 3858 783 3926 aleret,
813 3857 871 3915 duo
901 3856 991 3913 millia
1019 3855 1150 3930 peditum
1181 3865 1210 3912 et
1240 3853 1308 3912 milla
1380 3847 1385 3936 p*

250 3963 370 4037 equites,
391 3962 537 4020 Numidas
558 3961 721 4036 plerosque,
744 3962 850 4018 mixtos
872 3961 1014 4070 quosnam
1035 3967 1064 4016 et
1086 3959 1201 4031 Gallos,
1222 3975 1307 4035 popu·
1382 3952 1384 4022 l
