2812 4556
388 265 465 314 Liber
483 265 558 314 ΧΧΙ.
596 265 642 328 (a.
657 263 705 314 ch.
722 265 797 325 ms.)
1042 263 1080 320 29

59 450 175 507 alentio
209 469 279 507 mox
311 466 411 506 omues
441 447 576 504 traducti.
627 443 785 504 Castellum
814 445 890 514 inde,
925 444 1002 518 quod
1038 451 1125 518 caput
1141 447 1172 500 ll

61 555 121 610 eius
152 554 278 628 regionis
309 562 381 622 erat,
416 553 584 626 viculosque
617 551 813 608 circumiectos
835 549 922 625 capit,
954 557 983 605 et
1007 548 1123 623 captivo

64 659 120 715 cibo
152 675 188 714 ac
214 656 368 732 pecoribus
390 655 590 731 pertriduum
612 656 770 712 exercitum
796 655 880 724 aluit;
909 662 951 722 et,
982 653 1051 727 quia
1073 671 1126 710 nec

63 763 210 820 montanis
225 763 318 838 primo
340 760 480 836 perculsis
496 778 549 818 nec
569 761 635 817 loco
651 779 759 835 magno
775 777 863 834 opere
883 757 1125 834 impediebantur,
1223 755 1227 764 '

66 867 243 940 aliquantum
266 884 301 922 eo
324 864 420 922 triduo
445 863 500 921 viae
522 865 654 924 confecit.

148 972 324 1028 Perventum
346 969 412 1026 inde
434 969 473 1026 ad
493 970 673 1044 frequentem
696 968 852 1030 cultoribus
875 967 978 1038 alium,
1001 975 1032 1024 ut
1052 967 1127 1024 inter
1178 961 1223 1032 34

67 1083 232 1143 montanos,
255 1072 412 1147 populum.
461 1073 508 1130 lbi
534 1093 593 1131 non
617 1074 693 1132 bello
715 1081 831 1148 aperto,
853 1073 906 1130 sed
927 1071 987 1128 suis
1009 1071 1128 1140 artibus,

68 1177 170 1234 frauda
204 1187 232 1234 et
267 1177 394 1247 insidiis,
431 1185 475 1236 eet
511 1197 603 1254 prope
639 1179 858 1236 circumventus.
914 1178 1025 1251 Magno
1058 1179 1159 1234 uatu2

70 1283 210 1358 principes
225 1282 410 1338 castellorum
426 1290 557 1340 oratores
576 1284 613 1340 ad
627 1285 751 1341 Poenum
768 1282 895 1351 veniunt,
919 1281 1019 1338 alianis
1035 1281 1129 1349 malis,

72 1386 131 1442 utili
152 1386 294 1460 exemplo,
316 1387 419 1444 doctos
444 1397 638 1446 memorantes
667 1387 823 1444 amicitiam
852 1385 938 1442 malle
960 1403 1048 1459 quam
1070 1385 1129 1442 vim

74 1490 193 1564 experiri
215 1491 389 1562 Poenorum3
412 1492 511 1566 itaque
533 1491 699 1548 obedienter
719 1491 862 1566 imperata
883 1490 1028 1560 facturos3
1048 1491 1160 1546 com-3

73 1603 193 1650 meatum
221 1594 390 1670 itinerisque
417 1597 504 1654 duces
532 1604 560 1653 et
584 1597 622 1652 ad
655 1595 742 1652 fidem
774 1595 983 1671 promissorum
1014 1593 1130 1652 obsides

76 1699 220 1773 acciperet.
264 1701 416 1758 Hannibal
437 1717 491 1756 nec
513 1711 620 1758 temere
641 1700 815 1757 credendum
837 1719 890 1756 nec
913 1697 1162 1772 aspernanduml

74 1813 161 1873 ratus,
180 1822 215 1860 ue
228 1805 374 1879 repudiati
395 1814 495 1880 aperte
516 1807 615 1862 hostes
628 1806 737 1872 fierent,
759 1803 882 1876 benigne
902 1821 990 1876 quum
1011 1820 1131 1876 respon·

79 1908 170 1978 disset,
191 1909 347 1980 obsidibus,
370 1927 443 1984 quos
463 1910 582 1974 dabant,
605 1908 730 1983 acceptis
752 1915 780 1963 ει
801 1915 974 1978 commeatu,
995 1926 1080 1980 quem
1102 1907 1132 1962 in

78 2011 150 2068 viam
174 2013 231 2087 ipsi-
257 2004 429 2084 detulerant,
450 2031 530 2085 usus,
551 2029 735 2086 nequaquam
758 2020 789 2068 ut
810 2011 885 2068 inter
906 2020 1027 2087 pacatos
1049 2028 1131 2067 com-

80 2115 167 2188 posite
189 2119 303 2192 agmine
332 2120 420 2176 duces
450 2137 550 2176 eorum
583 2116 721 2190 sequitur.
769 2116 900 2173 Primum
933 2135 1038 2191 agmen
1072 2116 1162 2174 ele-5

82 2219 173 2292 phanti
192 2231 219 2277 ει
241 2222 352 2295 equites
381 2231 477 2291 erant3
509 2221 572 2296 ipse
603 2227 755 2295 posteum
787 2221 893 2277 robore
919 2221 1047 2296 peditum
1078 2221 1132 2277 cir·

84 2334 268 2399 cumspeetaus
294 2327 434 2384 sollicitus
460 2326 559 2384 omnia
584 2325 746 2386 incedebat.
805 2324 865 2385 Ubi
885 2325 916 2381 in
937 2325 1164 2399 angustioremb

84 2428 151 2484 viam
172 2439 200 2485 ει
212 2440 297 2505 parte
319 2431 411 2488 altera
425 2430 585 2488 subiectam
606 2430 675 2504 iugo
696 2430 815 2505 insuper
835 2429 996 2486 imminenti
1016 2437 1133 2486 ventum

87 2543 135 2604 est,
163 2535 287 2609 undique
318 2556 355 2594 ex
375 2535 487 2594 insidiis
520 2534 654 2604 barbari,
687 2534 833 2605 afronia,
861 2535 898 2591 ab
926 2543 1008 2608 tergo
1033 2533 1134 2602 coorti,

88 2639 211 2710 cominus,
238 2641 350 2698 eminus
379 2649 495 2717 petunt,
529 2657 603 2696 sarra
623 2638 752 2713 iugentia
779 2638 809 2694 in
834 2657 939 2713 agmen
968 2638 1134 2696 devolvunt.

88 2741 202 2800 Maxima
223 2746 260 2802 ab
283 2754 366 2820 tergo
388 2746 433 2804 vis
454 2743 604 2802 homiuum
631 2743 762 2818 urgebat.
810 2743 846 2799 Iu
868 2761 918 2800 eos
946 2761 1032 2800 versa
1054 2741 1164 2817 pedi-7

88 2857 137 2904 tum
171 2850 244 2906 acies
277 2851 357 2908 haud
387 2850 506 2907 dubium
539 2847 622 2918 lecit,
657 2849 741 2921 quin,
771 2849 828 2906 nisi
858 2849 974 2905 firmata
1004 2855 1135 2903 extrema

89 2953 353 3026 agminisfuissent,
375 2955 479 3029 ingens
505 2954 535 3009 in
557 2971 591 3010 eo
621 2953 696 3009 saltu
719 2951 887 3027 accipienda
914 2952 1011 3008 clades
1040 2949 1135 3006 luerit.

90 3057 158 3114 Tune
178 3077 295 3134 quoque
316 3059 354 3116 ad
379 3068 540 3116 extremum
565 3057 686 3132 periculi
709 3074 744 3112 ac
772 3075 865 3131 prope
890 3054 1044 3131 perniciem
1066 3056 1166 3110 ven-8

91 3171 139 3220 tum
163 3173 217 3233 eet3
249 3182 329 3234 narn,
362 3164 430 3220 dum
454 3165 606 3220 cunctatur
626 3161 777 3222 Hannibal
808 3160 958 3218 demittere
980 3178 1085 3235 agmen
1106 3157 1136 3212 in

91 3269 229 3342 augustias,
253 3269 324 3341 quia
345 3287 413 3339 non,
436 3277 468 3324 ut
487 3269 551 3342 ipse
573 3267 717 3341 equitibus
741 3266 874 3341 prasidio
897 3274 968 3334 erat,
989 3264 1031 3321 ita
1052 3263 1136 3338 pedi·

91 3373 152 3430 tibus
178 3374 334 3448 quicquam
365 3374 403 3430 ab
435 3381 518 3448 tergo
548 3371 649 3429 auxilii
678 3370 843 3444 reliquerat,
874 3378 1057 3426 occursantes
1084 3368 1166 3442 peril

92 3477 191 3552 obliqua
221 3478 369 3549 montani,
401 3479 563 3552 interrupto
596 3476 691 3532 medio
724 3475 854 3550 agmine,
886 3474 964 3531 viam
996 3471 1136 3541 insedere,

93 3599 190 3656 noxque
210 3601 270 3638 una
292 3583 454 3642 Hannibali
475 3583 538 3638 sine
559 3580 703 3655 equitibus
726 3587 814 3653 atque
834 3577 1046 3653 impedimentis
1071 3585 1138 3634 acta

94 3697 133 3744 est.
173 3689 298 3746 Postero
314 3687 371 3757 die,
391 3687 451 3744 iam
467 3687 583 3760 segnius
604 3685 861 3742 intercursantibus
877 3683 1018 3752 barbaris,
1033 3681 1137 3738 iuncta
1186 3673 1231 3740 35

95 3792 182 3866 copia,
200 3793 352 3867 saltusque
372 3791 451 3848 haud
473 3789 535 3850 siue
557 3790 653 3860 clade,
681 3789 792 3846 maiore
819 3797 917 3844 tamen
944 3787 1136 3842 iumentorum

97 3913 164 3968 quam
186 3899 336 3956 bominum
357 3895 494 3972 pernicie,
515 3904 678 3972 superatus,
728 3892 800 3950 lude
826 3889 957 3947 montani
985 3887 1168 3974 pauciores2

97 3998 141 4056 ian
159 4011 192 4060 et·
203 4002 351 4062 latrocinii
372 4002 465 4078 magis
488 4019 576 4074 quam
598 3999 666 4057 belli
688 4015 769 4056 more
791 3995 1018 4064 concursabant,
1050 3991 1138 4054 modo
