<?xml version="1.0" encoding="UTF-8"?>
<!DOCTYPE html PUBLIC "-//W3C//DTD XHTML 1.0 Transitional//EN"
    "http://www.w3.org/TR/xhtml1/DTD/xhtml1-transitional.dtd">
<html xmlns="http://www.w3.org/1999/xhtml" xml:lang="en" lang="en">
 <head>
  <title>
</title>
<meta http-equiv="Content-Type" content="text/html;charset=utf-8" />
  <meta name='ocr-system' content='tesseract 3.04.00' />
  <meta name='ocr-capabilities' content='ocr_page ocr_carea ocr_par ocr_line ocrx_word'/>
</head>
<body>
  <div class='ocr_page' id='page_1' title='image "./titiliviihistor01ussigoog/titiliviihistor01ussigoog_0279.png"; bbox 0 0 2674 4542; ppageno 0'>
   <div class='ocr_carea' id='block_1_1' title="bbox 297 237 1002 304">
    <p class='ocr_par' dir='ltr' id='par_1_1' title="bbox 297 237 1002 304">
     <span class='ocr_line' id='line_1_1' title="bbox 297 237 1002 304; baseline -0.021 -2"><span class='ocrx_word' id='word_1_1' title='bbox 297 243 357 302; x_wconf 79' lang='lat'><strong>288</strong></span> <span class='ocrx_word' id='word_1_2' title='bbox 568 241 647 291; x_wconf 79' lang='lat' dir='ltr'><strong>niter</strong></span> <span class='ocrx_word' id='word_1_3' title='bbox 662 237 750 293; x_wconf 84' lang='lat' dir='ltr'>xxv.</span> <span class='ocrx_word' id='word_1_4' title='bbox 786 239 835 304; x_wconf 81' lang='grc' dir='ltr'><strong>(Δ.</strong></span> <span class='ocrx_word' id='word_1_5' title='bbox 848 253 912 294; x_wconf 70' lang='lat' dir='ltr'><strong>aa</strong></span> <span class='ocrx_word' id='word_1_6' title='bbox 925 241 1002 304; x_wconf 73' lang='lat' dir='ltr'><strong>sss.)</strong></span> 
     </span>
    </p>
   </div>
   <div class='ocr_carea' id='block_1_2' title="bbox 84 422 1332 4061">
    <p class='ocr_par' dir='ltr' id='par_1_2' title="bbox 84 422 1332 4061">
     <span class='ocr_line' id='line_1_2' title="bbox 255 422 1332 499; baseline -0.005 -16"><span class='ocrx_word' id='word_1_7' title='bbox 255 425 323 495; x_wconf 81' lang='lat' dir='ltr'><strong>scit,</strong></span> <span class='ocrx_word' id='word_1_8' title='bbox 346 425 521 482; x_wconf 78' lang='lat' dir='ltr'><strong>Hannonem</strong></span> <span class='ocrx_word' id='word_1_9' title='bbox 550 443 615 481; x_wconf 90' lang='lat' dir='ltr'><strong>oum</strong></span> <span class='ocrx_word' id='word_1_10' title='bbox 638 422 781 481; x_wconf 83' lang='lat' dir='ltr'><strong>exercitus</strong></span> <span class='ocrx_word' id='word_1_11' title='bbox 806 431 890 497; x_wconf 87' lang='lat' dir='ltr'><strong>parte</strong></span> <span class='ocrx_word' id='word_1_12' title='bbox 914 422 1079 499; x_wconf 79' lang='lat' dir='ltr'><strong>profectum</strong></span> <span class='ocrx_word' id='word_1_13' title='bbox 1105 423 1274 480; x_wconf 84' lang='lat' dir='ltr'><strong>frumentstn</strong></span> <span class='ocrx_word' id='word_1_14' title='bbox 1331 434 1332 468; x_wconf 73' lang='lat' dir='ltr'><strong>t</strong></span> 
     </span>
     <span class='ocr_line' id='line_1_3' title="bbox 254 525 1225 606; baseline -0.003 -19"><span class='ocrx_word' id='word_1_15' title='bbox 254 549 308 606; x_wconf 89' lang='lat' dir='ltr'><strong>per</strong></span> <span class='ocrx_word' id='word_1_16' title='bbox 329 537 500 603; x_wconf 75' lang='lat' dir='ltr'><strong>quaererem</strong></span> <span class='ocrx_word' id='word_1_17' title='bbox 523 525 681 602; x_wconf 85' lang='lat' dir='ltr'><strong>Campanis</strong></span> <span class='ocrx_word' id='word_1_18' title='bbox 702 527 802 584; x_wconf 86' lang='lat' dir='ltr'><strong>datum</strong></span> <span class='ocrx_word' id='word_1_19' title='bbox 823 525 1011 596; x_wconf 65' lang='lat' dir='ltr'><strong>fulmentum</strong></span> <span class='ocrx_word' id='word_1_20' title='bbox 1030 528 1109 584; x_wconf 85' lang='lat' dir='ltr'><strong>duo</strong></span> <span class='ocrx_word' id='word_1_21' title='bbox 1135 527 1225 584; x_wconf 86' lang='lat' dir='ltr'><strong>millia</strong></span> 
     </span>
     <span class='ocr_line' id='line_1_4' title="bbox 255 630 1332 705; baseline -0.006 -13"><span class='ocrx_word' id='word_1_22' title='bbox 255 644 390 705; x_wconf 78' lang='lat' dir='ltr'><strong>atrorum,</strong></span> <span class='ocrx_word' id='word_1_23' title='bbox 411 631 588 690; x_wconf 75' lang='lat' dir='ltr'><strong>inconditam</strong></span> <span class='ocrx_word' id='word_1_24' title='bbox 609 632 808 705; x_wconf 81' lang='lat' dir='ltr'><strong>inermemque</strong></span> <span class='ocrx_word' id='word_1_25' title='bbox 834 631 920 687; x_wconf 84' lang='lat' dir='ltr'><strong>aliam</strong></span> <span class='ocrx_word' id='word_1_26' title='bbox 943 633 1059 688; x_wconf 86' lang='lat' dir='ltr'><strong>turbam</strong></span> <span class='ocrx_word' id='word_1_27' title='bbox 1082 630 1254 699; x_wconf 78' lang='lat' dir='ltr'><strong>advenisse3</strong></span> <span class='ocrx_word' id='word_1_28' title='bbox 1268 640 1332 705; x_wconf 65' lang='lat' dir='ltr'><strong>pel</strong></span> 
     </span>
     <span class='ocr_line' id='line_1_5' title="bbox 253 734 1309 812; baseline -0.005 -16"><span class='ocrx_word' id='word_1_29' title='bbox 253 739 407 804; x_wconf 84' lang='lat' dir='ltr'><strong>tumultum</strong></span> <span class='ocrx_word' id='word_1_30' title='bbox 432 755 467 794; x_wconf 87' lang='lat' dir='ltr'><strong>ac</strong></span> <span class='ocrx_word' id='word_1_31' title='bbox 487 737 709 812; x_wconf 80' lang='lat' dir='ltr'><strong>trepidationem</strong></span> <span class='ocrx_word' id='word_1_32' title='bbox 732 737 831 794; x_wconf 88' lang='lat' dir='ltr'><strong>omnia</strong></span> <span class='ocrx_word' id='word_1_33' title='bbox 851 736 917 811; x_wconf 77' lang='lat' dir='ltr'><strong>agi,</strong></span> <span class='ocrx_word' id='word_1_34' title='bbox 946 745 1182 810; x_wconf 85' lang='lat' dir='ltr'><strong>castrorumque</strong></span> <span class='ocrx_word' id='word_1_35' title='bbox 1207 734 1309 792; x_wconf 73' lang='lat' dir='ltr'><strong>formu</strong></span> 
     </span>
     <span class='ocr_line' id='line_1_6' title="bbox 255 837 1332 915; baseline -0.006 -14"><span class='ocrx_word' id='word_1_36' title='bbox 255 854 284 901; x_wconf 92' lang='lat' dir='ltr'><strong>et</strong></span> <span class='ocrx_word' id='word_1_37' title='bbox 305 843 458 900; x_wconf 89' lang='lat' dir='ltr'><strong>militarem</strong></span> <span class='ocrx_word' id='word_1_38' title='bbox 480 842 610 898; x_wconf 86' lang='lat' dir='ltr'><strong>ordinem</strong></span> <span class='ocrx_word' id='word_1_39' title='bbox 632 839 772 897; x_wconf 82' lang='lat' dir='ltr'><strong>immixtis</strong></span> <span class='ocrx_word' id='word_1_40' title='bbox 794 840 957 915; x_wconf 75' lang='lat' dir='ltr'><strong>agrestibus</strong></span> <span class='ocrx_word' id='word_1_41' title='bbox 978 841 1055 897; x_wconf 75' lang='lat' dir='ltr'><strong>otiis</strong></span> <span class='ocrx_word' id='word_1_42' title='bbox 1074 839 1215 898; x_wconf 83' lang='lat' dir='ltr'><strong>externis</strong></span> <span class='ocrx_word' id='word_1_43' title='bbox 1234 837 1311 896; x_wconf 79' lang='lat' dir='ltr'><strong>subls-</strong></span> <span class='ocrx_word' id='word_1_44' title='bbox 1331 855 1332 888; x_wconf 73' lang='lat' dir='ltr'><strong>l</strong></span> 
     </span>
     <span class='ocr_line' id='line_1_7' title="bbox 205 944 1332 1020; baseline -0.007 -14"><span class='ocrx_word' id='word_1_45' title='bbox 205 951 326 1006; x_wconf 86' lang='lat' dir='ltr'><strong>litum.</strong></span> <span class='ocrx_word' id='word_1_46' title='bbox 372 946 514 1004; x_wconf 79' lang='lat' dir='ltr'><strong>Hieratis</strong></span> <span class='ocrx_word' id='word_1_47' title='bbox 535 946 698 1020; x_wconf 76' lang='lat' dir='ltr'><strong>compertis,</strong></span> <span class='ocrx_word' id='word_1_48' title='bbox 720 945 821 1002; x_wconf 90' lang='lat' dir='ltr'><strong>consul</strong></span> <span class='ocrx_word' id='word_1_49' title='bbox 842 944 978 1002; x_wconf 85' lang='lat' dir='ltr'><strong>militibus</strong></span> <span class='ocrx_word' id='word_1_50' title='bbox 994 945 1091 1016; x_wconf 82' lang='lat' dir='ltr'><strong>edicit,</strong></span> <span class='ocrx_word' id='word_1_51' title='bbox 1116 945 1209 1020; x_wconf 86' lang='lat' dir='ltr'><strong>signa</strong></span> <span class='ocrx_word' id='word_1_52' title='bbox 1221 949 1310 1000; x_wconf 78' lang='lat' dir='ltr'><strong>tantula</strong></span> <span class='ocrx_word' id='word_1_53' title='bbox 1331 1009 1332 1012; x_wconf 7' lang='grc' dir='ltr'><strong>Ἴ</strong></span> 
     </span>
     <span class='ocr_line' id='line_1_8' title="bbox 255 1041 1311 1127; baseline -0.006 -17"><span class='ocrx_word' id='word_1_54' title='bbox 255 1041 395 1127; x_wconf 84' lang='lat' dir='ltr'><strong>armaque</strong></span> <span class='ocrx_word' id='word_1_55' title='bbox 415 1054 446 1110; x_wconf 91' lang='lat' dir='ltr'><strong>in</strong></span> <span class='ocrx_word' id='word_1_56' title='bbox 467 1051 630 1127; x_wconf 82' lang='lat' dir='ltr'><strong>proximam</strong></span> <span class='ocrx_word' id='word_1_57' title='bbox 654 1057 767 1107; x_wconf 90' lang='lat' dir='ltr'><strong>noctem</strong></span> <span class='ocrx_word' id='word_1_58' title='bbox 791 1049 973 1125; x_wconf 86' lang='lat' dir='ltr'><strong>expedirent;</strong></span> <span class='ocrx_word' id='word_1_59' title='bbox 1002 1060 1105 1107; x_wconf 82' lang='lat' dir='ltr'><strong>castra</strong></span> <span class='ocrx_word' id='word_1_60' title='bbox 1135 1049 1248 1106; x_wconf 85' lang='lat' dir='ltr'><strong>Punice</strong></span> <span class='ocrx_word' id='word_1_61' title='bbox 1270 1065 1311 1122; x_wconf 84' lang='lat' dir='ltr'><strong>op·</strong></span> 
     </span>
     <span class='ocr_line' id='line_1_9' title="bbox 206 1152 1332 1234; baseline -0.004 -18"><span class='ocrx_word' id='word_1_62' title='bbox 206 1160 241 1217; x_wconf 81' lang='lat'><strong>12</strong></span> <span class='ocrx_word' id='word_1_63' title='bbox 253 1158 411 1234; x_wconf 87' lang='lat' dir='ltr'><strong>pugnanda</strong></span> <span class='ocrx_word' id='word_1_64' title='bbox 434 1175 506 1214; x_wconf 85' lang='lat' dir='ltr'><strong>esse.</strong></span> <span class='ocrx_word' id='word_1_65' title='bbox 549 1156 664 1229; x_wconf 78' lang='lat' dir='ltr'><strong>Qtrsrte</strong></span> <span class='ocrx_word' id='word_1_66' title='bbox 685 1154 785 1228; x_wconf 83' lang='lat' dir='ltr'><strong>vigilia</strong></span> <span class='ocrx_word' id='word_1_67' title='bbox 806 1152 943 1229; x_wconf 83' lang='lat' dir='ltr'><strong>proiecti,</strong></span> <span class='ocrx_word' id='word_1_68' title='bbox 965 1152 1101 1210; x_wconf 63' lang='lat' dir='ltr'><strong>sucinis</strong></span> <span class='ocrx_word' id='word_1_69' title='bbox 1117 1155 1254 1210; x_wconf 89' lang='lat' dir='ltr'><strong>omnibus</strong></span> <span class='ocrx_word' id='word_1_70' title='bbox 1270 1153 1310 1208; x_wconf 91' lang='lat' dir='ltr'><strong>in·</strong></span> <span class='ocrx_word' id='word_1_71' title='bbox 1323 1167 1332 1211; x_wconf 77' lang='lat' dir='ltr'><strong>t</strong></span> 
     </span>
     <span class='ocr_line' id='line_1_10' title="bbox 253 1255 1332 1339; baseline -0.007 -19"><span class='ocrx_word' id='word_1_72' title='bbox 253 1262 483 1339; x_wconf 88' lang='lat' dir='ltr'><strong>pedimentisque</strong></span> <span class='ocrx_word' id='word_1_73' title='bbox 503 1260 663 1317; x_wconf 86' lang='lat' dir='ltr'><strong>Beneventi</strong></span> <span class='ocrx_word' id='word_1_74' title='bbox 688 1259 811 1328; x_wconf 80' lang='lat' dir='ltr'><strong>relictis,</strong></span> <span class='ocrx_word' id='word_1_75' title='bbox 837 1257 926 1333; x_wconf 92' lang='lat' dir='ltr'><strong>paulo</strong></span> <span class='ocrx_word' id='word_1_76' title='bbox 948 1267 1016 1314; x_wconf 85' lang='lat' dir='ltr'><strong>ante</strong></span> <span class='ocrx_word' id='word_1_77' title='bbox 1040 1258 1144 1315; x_wconf 87' lang='lat' dir='ltr'><strong>lucem</strong></span> <span class='ocrx_word' id='word_1_78' title='bbox 1177 1275 1261 1332; x_wconf 88' lang='lat' dir='ltr'><strong>quum</strong></span> <span class='ocrx_word' id='word_1_79' title='bbox 1281 1255 1307 1312; x_wconf 77' lang='lat' dir='ltr'><strong>ad</strong></span> <span class='ocrx_word' id='word_1_80' title='bbox 1331 1273 1332 1305; x_wconf 53' lang='grc' dir='ltr'>ι</span> 
     </span>
     <span class='ocr_line' id='line_1_11' title="bbox 254 1340 1332 1439; baseline -0.005 -17"><span class='ocrx_word' id='word_1_81' title='bbox 254 1374 351 1422; x_wconf 84' lang='lat' dir='ltr'><strong>castra</strong></span> <span class='ocrx_word' id='word_1_82' title='bbox 373 1366 579 1439; x_wconf 82' lang='lat' dir='ltr'><strong>pervenissent,</strong></span> <span class='ocrx_word' id='word_1_83' title='bbox 601 1375 712 1423; x_wconf 88' lang='lat' dir='ltr'><strong>tantum</strong></span> <span class='ocrx_word' id='word_1_84' title='bbox 733 1340 853 1439; x_wconf 76' lang='lat' dir='ltr'><strong>pavoris</strong></span> <span class='ocrx_word' id='word_1_85' title='bbox 873 1364 1040 1432; x_wconf 84' lang='lat' dir='ltr'><strong>iniecerunt,</strong></span> <span class='ocrx_word' id='word_1_86' title='bbox 1069 1373 1115 1434; x_wconf 84' lang='lat' dir='ltr'><strong>ut,</strong></span> <span class='ocrx_word' id='word_1_87' title='bbox 1141 1363 1170 1419; x_wconf 87' lang='lat' dir='ltr'><strong>si</strong></span> <span class='ocrx_word' id='word_1_88' title='bbox 1191 1363 1221 1418; x_wconf 90' lang='lat' dir='ltr'><strong>in</strong></span> <span class='ocrx_word' id='word_1_89' title='bbox 1242 1361 1310 1436; x_wconf 82' lang='lat' dir='ltr'><strong>plena</strong></span> <span class='ocrx_word' id='word_1_90' title='bbox 1331 1377 1332 1410; x_wconf 71' lang='lat' dir='ltr'><strong>l</strong></span> 
     </span>
     <span class='ocr_line' id='line_1_12' title="bbox 256 1465 1332 1544; baseline -0.007 -16"><span class='ocrx_word' id='word_1_91' title='bbox 256 1480 353 1528; x_wconf 90' lang='lat' dir='ltr'><strong>castra</strong></span> <span class='ocrx_word' id='word_1_92' title='bbox 374 1469 471 1544; x_wconf 88' lang='lat' dir='ltr'><strong>posita</strong></span> <span class='ocrx_word' id='word_1_93' title='bbox 492 1477 596 1537; x_wconf 77' lang='lat' dir='ltr'><strong>essent,</strong></span> <span class='ocrx_word' id='word_1_94' title='bbox 617 1470 696 1526; x_wconf 84' lang='lat' dir='ltr'><strong>hand</strong></span> <span class='ocrx_word' id='word_1_95' title='bbox 718 1468 804 1524; x_wconf 85' lang='lat' dir='ltr'><strong>dubie</strong></span> <span class='ocrx_word' id='word_1_96' title='bbox 825 1468 919 1544; x_wconf 87' lang='lat' dir='ltr'><strong>primo</strong></span> <span class='ocrx_word' id='word_1_97' title='bbox 940 1467 1050 1543; x_wconf 86' lang='lat' dir='ltr'><strong>impetn</strong></span> <span class='ocrx_word' id='word_1_98' title='bbox 1078 1469 1154 1544; x_wconf 84' lang='lat' dir='ltr'><strong>capi</strong></span> <span class='ocrx_word' id='word_1_99' title='bbox 1177 1465 1332 1544; x_wconf 52' lang='lat' dir='ltr'><strong>potuerim*</strong></span> 
     </span>
     <span class='ocr_line' id='line_1_13' title="bbox 205 1571 1332 1646; baseline -0.007 -14"><span class='ocrx_word' id='word_1_100' title='bbox 205 1573 241 1627; x_wconf 88' lang='grc'><strong>13</strong></span> <span class='ocrx_word' id='word_1_101' title='bbox 254 1574 389 1632; x_wconf 83' lang='lat' dir='ltr'><strong>Altitudo</strong></span> <span class='ocrx_word' id='word_1_102' title='bbox 410 1573 468 1630; x_wconf 91' lang='lat' dir='ltr'><strong>loci</strong></span> <span class='ocrx_word' id='word_1_103' title='bbox 497 1583 526 1628; x_wconf 90' lang='lat' dir='ltr'><strong>et</strong></span> <span class='ocrx_word' id='word_1_104' title='bbox 554 1573 732 1630; x_wconf 87' lang='lat' dir='ltr'><strong>munimenta</strong></span> <span class='ocrx_word' id='word_1_105' title='bbox 753 1571 957 1642; x_wconf 73' lang='lat' dir='ltr'><strong>defenderunt,</strong></span> <span class='ocrx_word' id='word_1_106' title='bbox 986 1591 1050 1646; x_wconf 83' lang='lat' dir='ltr'><strong>quae</strong></span> <span class='ocrx_word' id='word_1_107' title='bbox 1076 1575 1168 1630; x_wconf 87' lang='lat' dir='ltr'><strong>nulla</strong></span> <span class='ocrx_word' id='word_1_108' title='bbox 1190 1591 1227 1629; x_wconf 85' lang='lat' dir='ltr'><strong>ex</strong></span> <span class='ocrx_word' id='word_1_109' title='bbox 1245 1577 1332 1645; x_wconf 63' lang='lat' dir='ltr'><strong>pertst</strong></span> 
     </span>
     <span class='ocr_line' id='line_1_14' title="bbox 206 1655 1306 1753; baseline 0.001 -20"><span class='ocrx_word' id='word_1_110' title='bbox 206 1678 243 1733; x_wconf 78' lang='lat' dir='ltr'><strong>tt</strong></span> <span class='ocrx_word' id='word_1_111' title='bbox 256 1678 331 1736; x_wconf 89' lang='lat' dir='ltr'><strong>adiri</strong></span> <span class='ocrx_word' id='word_1_112' title='bbox 358 1678 414 1734; x_wconf 91' lang='lat' dir='ltr'><strong>nisi</strong></span> <span class='ocrx_word' id='word_1_113' title='bbox 440 1679 532 1734; x_wconf 87' lang='lat' dir='ltr'><strong>arduo</strong></span> <span class='ocrx_word' id='word_1_114' title='bbox 560 1695 596 1734; x_wconf 89' lang='lat' dir='ltr'><strong>ao</strong></span> <span class='ocrx_word' id='word_1_115' title='bbox 617 1675 728 1734; x_wconf 82' lang='lat' dir='ltr'><strong>difficili</strong></span> <span class='ocrx_word' id='word_1_116' title='bbox 758 1655 900 1734; x_wconf 76' lang='lat' dir='ltr'><strong>adscensu</strong></span> <span class='ocrx_word' id='word_1_117' title='bbox 928 1687 1074 1753; x_wconf 85' lang='lat' dir='ltr'><strong>poterant.</strong></span> <span class='ocrx_word' id='word_1_118' title='bbox 1130 1679 1216 1735; x_wconf 85' lang='lat' dir='ltr'><strong>Luce</strong></span> <span class='ocrx_word' id='word_1_119' title='bbox 1234 1676 1306 1750; x_wconf 79' lang='lat' dir='ltr'><strong>print</strong></span> 
     </span>
     <span class='ocr_line' id='line_1_15' title="bbox 256 1782 1332 1859; baseline -0.008 -19"><span class='ocrx_word' id='word_1_120' title='bbox 256 1783 389 1859; x_wconf 75' lang='lat' dir='ltr'><strong>proelium</strong></span> <span class='ocrx_word' id='word_1_121' title='bbox 423 1782 525 1858; x_wconf 87' lang='lat' dir='ltr'><strong>ingens</strong></span> <span class='ocrx_word' id='word_1_122' title='bbox 556 1799 708 1839; x_wconf 85' lang='lat' dir='ltr'><strong>accensum</strong></span> <span class='ocrx_word' id='word_1_123' title='bbox 741 1793 794 1843; x_wconf 90' lang='lat' dir='ltr'><strong>est.</strong></span> <span class='ocrx_word' id='word_1_124' title='bbox 841 1783 906 1840; x_wconf 88' lang='lat' dir='ltr'><strong>Nec</strong></span> <span class='ocrx_word' id='word_1_125' title='bbox 932 1782 1040 1838; x_wconf 88' lang='lat' dir='ltr'><strong>vallum</strong></span> <span class='ocrx_word' id='word_1_126' title='bbox 1069 1783 1168 1840; x_wconf 91' lang='lat' dir='ltr'><strong>modo</strong></span> <span class='ocrx_word' id='word_1_127' title='bbox 1201 1787 1308 1837; x_wconf 82' lang='lat' dir='ltr'><strong>munur</strong></span> <span class='ocrx_word' id='word_1_128' title='bbox 1331 1797 1332 1831; x_wconf 62' lang='grc' dir='ltr'><strong>ς</strong></span> 
     </span>
     <span class='ocr_line' id='line_1_16' title="bbox 254 1885 1332 1961; baseline -0.002 -17"><span class='ocrx_word' id='word_1_129' title='bbox 254 1887 349 1958; x_wconf 82' lang='lat' dir='ltr'><strong>Poeni,</strong></span> <span class='ocrx_word' id='word_1_130' title='bbox 370 1887 431 1957; x_wconf 74' lang='lat' dir='ltr'><strong>sed,</strong></span> <span class='ocrx_word' id='word_1_131' title='bbox 446 1895 479 1942; x_wconf 90' lang='lat' dir='ltr'><strong>ut</strong></span> <span class='ocrx_word' id='word_1_132' title='bbox 500 1887 604 1961; x_wconf 89' lang='lat' dir='ltr'><strong>quibus</strong></span> <span class='ocrx_word' id='word_1_133' title='bbox 617 1885 699 1942; x_wconf 89' lang='lat' dir='ltr'><strong>locus</strong></span> <span class='ocrx_word' id='word_1_134' title='bbox 720 1887 830 1961; x_wconf 86' lang='lat' dir='ltr'><strong>aequior</strong></span> <span class='ocrx_word' id='word_1_135' title='bbox 844 1897 929 1956; x_wconf 83' lang='lat' dir='ltr'><strong>esset,</strong></span> <span class='ocrx_word' id='word_1_136' title='bbox 948 1887 1105 1946; x_wconf 85' lang='lat' dir='ltr'><strong>deturbant</strong></span> <span class='ocrx_word' id='word_1_137' title='bbox 1127 1888 1252 1944; x_wconf 81' lang='lat' dir='ltr'><strong>nitentes</strong></span> <span class='ocrx_word' id='word_1_138' title='bbox 1267 1895 1307 1957; x_wconf 69' lang='lat' dir='ltr'><strong>pff</strong></span> <span class='ocrx_word' id='word_1_139' title='bbox 1331 1915 1332 1936; x_wconf 57' lang='lat' dir='ltr'><strong>t</strong></span> 
     </span>
     <span class='ocr_line' id='line_1_17' title="bbox 84 1988 1332 2068; baseline -0.013 -7"><span class='ocrx_word' id='word_1_140' title='bbox 84 2054 87 2060; x_wconf 86' lang='lat'><em>.</em></span> <span class='ocrx_word' id='word_1_141' title='bbox 160 1988 201 2057; x_wconf 78' lang='grc'><strong>14</strong></span> <span class='ocrx_word' id='word_1_142' title='bbox 255 1993 348 2049; x_wconf 87' lang='lat' dir='ltr'><strong>ardua</strong></span> <span class='ocrx_word' id='word_1_143' title='bbox 368 1993 476 2051; x_wconf 90' lang='lat' dir='ltr'><strong>hostes.</strong></span> <span class='ocrx_word' id='word_1_144' title='bbox 523 1990 622 2047; x_wconf 84' lang='lat' dir='ltr'><strong>Vincit</strong></span> <span class='ocrx_word' id='word_1_145' title='bbox 643 1999 740 2047; x_wconf 86' lang='lat' dir='ltr'><strong>tamen</strong></span> <span class='ocrx_word' id='word_1_146' title='bbox 754 1991 860 2048; x_wconf 55' lang='lat' dir='ltr'><strong>*omnia</strong></span> <span class='ocrx_word' id='word_1_147' title='bbox 881 1993 1015 2068; x_wconf 83' lang='lat' dir='ltr'><strong>pertinax</strong></span> <span class='ocrx_word' id='word_1_148' title='bbox 1036 1993 1145 2063; x_wconf 76' lang='lat' dir='ltr'><strong>viu-tus,</strong></span> <span class='ocrx_word' id='word_1_149' title='bbox 1168 2001 1199 2048; x_wconf 86' lang='lat' dir='ltr'><strong>et</strong></span> <span class='ocrx_word' id='word_1_150' title='bbox 1219 1989 1305 2062; x_wconf 74' lang='lat' dir='ltr'><strong>elucet</strong></span> <span class='ocrx_word' id='word_1_151' title='bbox 1331 2010 1332 2045; x_wconf 77' lang='lat' dir='ltr'><strong>t</strong></span> 
     </span>
     <span class='ocr_line' id='line_1_18' title="bbox 253 2091 1332 2173; baseline -0.006 -19"><span class='ocrx_word' id='word_1_152' title='bbox 253 2097 339 2154; x_wconf 89' lang='lat' dir='ltr'><strong>simul</strong></span> <span class='ocrx_word' id='word_1_153' title='bbox 353 2097 484 2172; x_wconf 87' lang='lat' dir='ltr'><strong>partibus</strong></span> <span class='ocrx_word' id='word_1_154' title='bbox 500 2096 538 2152; x_wconf 86' lang='lat' dir='ltr'><strong>ad</strong></span> <span class='ocrx_word' id='word_1_155' title='bbox 549 2095 656 2152; x_wconf 88' lang='lat' dir='ltr'><strong>vallum</strong></span> <span class='ocrx_word' id='word_1_156' title='bbox 673 2114 708 2152; x_wconf 87' lang='lat' dir='ltr'><strong>ac</strong></span> <span class='ocrx_word' id='word_1_157' title='bbox 722 2093 817 2154; x_wconf 84' lang='lat' dir='ltr'><strong>fossas</strong></span> <span class='ocrx_word' id='word_1_158' title='bbox 831 2108 1002 2173; x_wconf 86' lang='lat' dir='ltr'><strong>perventum</strong></span> <span class='ocrx_word' id='word_1_159' title='bbox 1017 2107 1070 2168; x_wconf 88' lang='lat' dir='ltr'><strong>est,</strong></span> <span class='ocrx_word' id='word_1_160' title='bbox 1085 2097 1141 2154; x_wconf 85' lang='lat' dir='ltr'><strong>sed</strong></span> <span class='ocrx_word' id='word_1_161' title='bbox 1148 2115 1220 2154; x_wconf 85' lang='lat' dir='ltr'><strong>oum</strong></span> <span class='ocrx_word' id='word_1_162' title='bbox 1231 2091 1305 2150; x_wconf 78' lang='lat' dir='ltr'><strong>mute</strong></span> <span class='ocrx_word' id='word_1_163' title='bbox 1331 2116 1332 2148; x_wconf 76' lang='grc'>;</span> 
     </span>
     <span class='ocr_line' id='line_1_19' title="bbox 223 2195 1332 2276; baseline -0.003 -17"><span class='ocrx_word' id='word_1_164' title='bbox 223 2201 421 2259; x_wconf 82' lang='lat' dir='ltr'><strong>2vnlneribus</strong></span> <span class='ocrx_word' id='word_1_165' title='bbox 443 2219 478 2258; x_wconf 84' lang='lat' dir='ltr'><strong>ac</strong></span> <span class='ocrx_word' id='word_1_166' title='bbox 499 2199 620 2257; x_wconf 89' lang='lat' dir='ltr'><strong>militum</strong></span> <span class='ocrx_word' id='word_1_167' title='bbox 643 2201 778 2274; x_wconf 87' lang='lat' dir='ltr'><strong>pernicie.</strong></span> <span class='ocrx_word' id='word_1_168' title='bbox 826 2202 931 2276; x_wconf 85' lang='lat' dir='ltr'><strong>Itaque</strong></span> <span class='ocrx_word' id='word_1_169' title='bbox 960 2203 1132 2260; x_wconf 87' lang='lat' dir='ltr'><strong>convocatis</strong></span> <span class='ocrx_word' id='word_1_170' title='bbox 1163 2195 1298 2275; x_wconf 59' lang='lat' dir='ltr'><strong>meatui</strong></span> <span class='ocrx_word' id='word_1_171' title='bbox 1331 2222 1332 2256; x_wconf 74' lang='lat' dir='ltr'><strong>t</strong></span> 
     </span>
     <span class='ocr_line' id='line_1_20' title="bbox 254 2301 1332 2388; baseline -0.007 -25"><span class='ocrx_word' id='word_1_172' title='bbox 254 2306 397 2379; x_wconf 81' lang='lat' dir='ltr'><strong>bonisque</strong></span> <span class='ocrx_word' id='word_1_173' title='bbox 408 2306 538 2374; x_wconf 77' lang='lat' dir='ltr'><strong>militurn,</strong></span> <span class='ocrx_word' id='word_1_174' title='bbox 550 2304 651 2362; x_wconf 87' lang='lat' dir='ltr'><strong>consul</strong></span> <span class='ocrx_word' id='word_1_175' title='bbox 662 2305 857 2364; x_wconf 82' lang='lat' dir='ltr'><strong>absistendum</strong></span> <span class='ocrx_word' id='word_1_176' title='bbox 869 2307 1024 2363; x_wconf 88' lang='lat' dir='ltr'><strong>temerario</strong></span> <span class='ocrx_word' id='word_1_177' title='bbox 1033 2306 1156 2388; x_wconf 79' lang='lat' dir='ltr'><strong>incepto</strong></span> <span class='ocrx_word' id='word_1_178' title='bbox 1168 2308 1221 2375; x_wconf 81' lang='lat' dir='ltr'><strong>ait3</strong></span> <span class='ocrx_word' id='word_1_179' title='bbox 1234 2301 1298 2359; x_wconf 80' lang='lat' dir='ltr'><strong>nun</strong></span> <span class='ocrx_word' id='word_1_180' title='bbox 1331 2325 1332 2356; x_wconf 71' lang='lat' dir='ltr'><strong>t</strong></span> 
     </span>
     <span class='ocr_line' id='line_1_21' title="bbox 254 2409 1332 2486; baseline -0.004 -18"><span class='ocrx_word' id='word_1_181' title='bbox 254 2412 309 2468; x_wconf 91' lang='lat' dir='ltr'><strong>sibi</strong></span> <span class='ocrx_word' id='word_1_182' title='bbox 330 2410 423 2467; x_wconf 89' lang='lat' dir='ltr'><strong>videri</strong></span> <span class='ocrx_word' id='word_1_183' title='bbox 444 2411 542 2468; x_wconf 82' lang='lat' dir='ltr'><strong>reduci</strong></span> <span class='ocrx_word' id='word_1_184' title='bbox 563 2428 598 2465; x_wconf 91' lang='lat' dir='ltr'><strong>eo</strong></span> <span class='ocrx_word' id='word_1_185' title='bbox 620 2409 667 2466; x_wconf 92' lang='lat' dir='ltr'><strong>die</strong></span> <span class='ocrx_word' id='word_1_186' title='bbox 688 2411 845 2468; x_wconf 75' lang='lat' dir='ltr'><strong>exerciwm</strong></span> <span class='ocrx_word' id='word_1_187' title='bbox 869 2413 1084 2481; x_wconf 85' lang='lat' dir='ltr'><strong>Beneventum,</strong></span> <span class='ocrx_word' id='word_1_188' title='bbox 1114 2413 1187 2470; x_wconf 90' lang='lat' dir='ltr'><strong>dein</strong></span> <span class='ocrx_word' id='word_1_189' title='bbox 1207 2417 1298 2486; x_wconf 77' lang='lat' dir='ltr'><strong>pestere</strong></span> <span class='ocrx_word' id='word_1_190' title='bbox 1331 2433 1332 2462; x_wconf 72' lang='grc'><strong>;</strong></span> 
     </span>
     <span class='ocr_line' id='line_1_22' title="bbox 254 2514 1332 2592; baseline -0.006 -19"><span class='ocrx_word' id='word_1_191' title='bbox 254 2525 348 2573; x_wconf 69' lang='lat' dir='ltr'><strong>cornu</strong></span> <span class='ocrx_word' id='word_1_192' title='bbox 380 2516 483 2572; x_wconf 87' lang='lat' dir='ltr'><strong>eastris</strong></span> <span class='ocrx_word' id='word_1_193' title='bbox 517 2516 642 2572; x_wconf 88' lang='lat' dir='ltr'><strong>hostium</strong></span> <span class='ocrx_word' id='word_1_194' title='bbox 668 2514 763 2588; x_wconf 84' lang='lat' dir='ltr'><strong>iungi,</strong></span> <span class='ocrx_word' id='word_1_195' title='bbox 796 2533 833 2571; x_wconf 90' lang='lat' dir='ltr'><strong>ne</strong></span> <span class='ocrx_word' id='word_1_196' title='bbox 863 2516 942 2572; x_wconf 88' lang='lat' dir='ltr'><strong>exire</strong></span> <span class='ocrx_word' id='word_1_197' title='bbox 971 2515 1041 2573; x_wconf 88' lang='lat' dir='ltr'><strong>inde</strong></span> <span class='ocrx_word' id='word_1_198' title='bbox 1070 2515 1220 2592; x_wconf 82' lang='lat' dir='ltr'><strong>Campani</strong></span> <span class='ocrx_word' id='word_1_199' title='bbox 1245 2527 1298 2568; x_wconf 77' lang='lat' dir='ltr'><strong>nen</strong></span> <span class='ocrx_word' id='word_1_200' title='bbox 1331 2536 1332 2568; x_wconf 70' lang='lat' dir='ltr'><strong>t</strong></span> 
     </span>
     <span class='ocr_line' id='line_1_23' title="bbox 196 2598 1332 2694; baseline -0.004 -16"><span class='ocrx_word' id='word_1_201' title='bbox 196 2690 197 2694; x_wconf 5' lang='grc' dir='ltr'>ἵ</span> <span class='ocrx_word' id='word_1_202' title='bbox 223 2621 362 2678; x_wconf 78' lang='lat' dir='ltr'><strong>3Hanno</strong></span> <span class='ocrx_word' id='word_1_203' title='bbox 394 2620 508 2694; x_wconf 84' lang='lat' dir='ltr'><strong>regredi</strong></span> <span class='ocrx_word' id='word_1_204' title='bbox 534 2629 646 2693; x_wconf 90' lang='lat' dir='ltr'><strong>posset;</strong></span> <span class='ocrx_word' id='word_1_205' title='bbox 679 2619 709 2675; x_wconf 91' lang='lat' dir='ltr'><strong>id</strong></span> <span class='ocrx_word' id='word_1_206' title='bbox 737 2638 795 2693; x_wconf 89' lang='lat' dir='ltr'><strong>quo</strong></span> <span class='ocrx_word' id='word_1_207' title='bbox 821 2619 935 2678; x_wconf 83' lang='lat' dir='ltr'><strong>facilius</strong></span> <span class='ocrx_word' id='word_1_208' title='bbox 962 2622 1146 2690; x_wconf 85' lang='lat' dir='ltr'><strong>obtineatur,</strong></span> <span class='ocrx_word' id='word_1_209' title='bbox 1183 2619 1294 2692; x_wconf 66' lang='lat' dir='ltr'><strong>elegen</strong></span> <span class='ocrx_word' id='word_1_210' title='bbox 1314 2598 1332 2675; x_wconf 67' lang='lat' dir='ltr'><strong>b</strong></span> 
     </span>
     <span class='ocr_line' id='line_1_24' title="bbox 255 2723 1332 2802; baseline -0.006 -20"><span class='ocrx_word' id='word_1_211' title='bbox 255 2734 421 2800; x_wconf 84' lang='lat' dir='ltr'><strong>quoquest</strong></span> <span class='ocrx_word' id='word_1_212' title='bbox 443 2723 599 2781; x_wconf 87' lang='lat' dir='ltr'><strong>exercitum</strong></span> <span class='ocrx_word' id='word_1_213' title='bbox 622 2723 683 2780; x_wconf 92' lang='lat' dir='ltr'><strong>eius</strong></span> <span class='ocrx_word' id='word_1_214' title='bbox 705 2743 739 2780; x_wconf 90' lang='lat' dir='ltr'><strong>se</strong></span> <span class='ocrx_word' id='word_1_215' title='bbox 758 2726 926 2795; x_wconf 77' lang='lat' dir='ltr'><strong>acciturum,</strong></span> <span class='ocrx_word' id='word_1_216' title='bbox 951 2735 1105 2802; x_wconf 89' lang='lat' dir='ltr'><strong>totumque</strong></span> <span class='ocrx_word' id='word_1_217' title='bbox 1126 2745 1166 2784; x_wconf 91' lang='lat' dir='ltr'><strong>eo</strong></span> <span class='ocrx_word' id='word_1_218' title='bbox 1187 2735 1296 2782; x_wconf 73' lang='lat' dir='ltr'><strong>versuros</strong></span> <span class='ocrx_word' id='word_1_219' title='bbox 1331 2755 1332 2776; x_wconf 38' lang='grc' dir='ltr'>ι</span> 
     </span>
     <span class='ocr_line' id='line_1_25' title="bbox 254 2826 1295 2906; baseline 0.003 -20"><span class='ocrx_word' id='word_1_220' title='bbox 254 2831 370 2889; x_wconf 85' lang='lat' dir='ltr'><strong>bellum.</strong></span> <span class='ocrx_word' id='word_1_221' title='bbox 414 2831 487 2888; x_wconf 83' lang='lat' dir='ltr'><strong>Haec</strong></span> <span class='ocrx_word' id='word_1_222' title='bbox 507 2828 628 2885; x_wconf 86' lang='lat' dir='ltr'><strong>consilia</strong></span> <span class='ocrx_word' id='word_1_223' title='bbox 649 2829 745 2899; x_wconf 72' lang='lat' dir='ltr'><strong>ducis,</strong></span> <span class='ocrx_word' id='word_1_224' title='bbox 769 2849 858 2904; x_wconf 89' lang='lat' dir='ltr'><strong>quum</strong></span> <span class='ocrx_word' id='word_1_225' title='bbox 880 2830 939 2888; x_wconf 82' lang='lat' dir='ltr'><strong>iane</strong></span> <span class='ocrx_word' id='word_1_226' title='bbox 960 2832 1091 2906; x_wconf 88' lang='lat' dir='ltr'><strong>receptui</strong></span> <span class='ocrx_word' id='word_1_227' title='bbox 1115 2839 1238 2898; x_wconf 73' lang='lat' dir='ltr'><strong>caneret,</strong></span> <span class='ocrx_word' id='word_1_228' title='bbox 1255 2826 1295 2882; x_wconf 76' lang='lat' dir='ltr'><strong>clt-</strong></span> 
     </span>
     <span class='ocr_line' id='line_1_26' title="bbox 224 2929 1332 3011; baseline 0.001 -18"><span class='ocrx_word' id='word_1_229' title='bbox 224 2935 242 2989; x_wconf 83' lang='lat'>4</span> <span class='ocrx_word' id='word_1_230' title='bbox 255 2953 319 2993; x_wconf 91' lang='lat' dir='ltr'><strong>mor</strong></span> <span class='ocrx_word' id='word_1_231' title='bbox 333 2937 454 2994; x_wconf 90' lang='lat' dir='ltr'><strong>militum</strong></span> <span class='ocrx_word' id='word_1_232' title='bbox 471 2933 687 3009; x_wconf 83' lang='lat' dir='ltr'><strong>aspernantium</strong></span> <span class='ocrx_word' id='word_1_233' title='bbox 703 2944 763 2991; x_wconf 83' lang='lat' dir='ltr'><strong>tam</strong></span> <span class='ocrx_word' id='word_1_234' title='bbox 778 2953 866 3011; x_wconf 82' lang='lat' dir='ltr'><strong>segne</strong></span> <span class='ocrx_word' id='word_1_235' title='bbox 879 2935 1032 3010; x_wconf 87' lang='lat' dir='ltr'><strong>imperium</strong></span> <span class='ocrx_word' id='word_1_236' title='bbox 1049 2936 1175 2994; x_wconf 83' lang='lat' dir='ltr'><strong>disiecit.</strong></span> <span class='ocrx_word' id='word_1_237' title='bbox 1216 2929 1295 2994; x_wconf 79' lang='lat' dir='ltr'><strong>Pr01i·</strong></span> <span class='ocrx_word' id='word_1_238' title='bbox 1331 2955 1332 2988; x_wconf 71' lang='lat' dir='ltr'><strong>t</strong></span> 
     </span>
     <span class='ocr_line' id='line_1_27' title="bbox 212 3035 1332 3116; baseline -0.004 -20"><span class='ocrx_word' id='word_1_239' title='bbox 212 3073 219 3082; x_wconf 83' lang='lat'><em>-</em></span> <span class='ocrx_word' id='word_1_240' title='bbox 255 3059 303 3096; x_wconf 85' lang='lat' dir='ltr'><strong>ma</strong></span> <span class='ocrx_word' id='word_1_241' title='bbox 335 3041 411 3098; x_wconf 84' lang='lat' dir='ltr'><strong>forte</strong></span> <span class='ocrx_word' id='word_1_242' title='bbox 437 3039 519 3098; x_wconf 60' lang='lat' dir='ltr'><strong>hosti*</strong></span> <span class='ocrx_word' id='word_1_243' title='bbox 544 3048 607 3094; x_wconf 85' lang='lat' dir='ltr'><strong>erat</strong></span> <span class='ocrx_word' id='word_1_244' title='bbox 637 3039 741 3096; x_wconf 85' lang='lat' dir='ltr'><strong>cohors</strong></span> <span class='ocrx_word' id='word_1_245' title='bbox 769 3040 907 3116; x_wconf 84' lang='lat' dir='ltr'><strong>Peligna,</strong></span> <span class='ocrx_word' id='word_1_246' title='bbox 936 3041 1016 3099; x_wconf 90' lang='lat' dir='ltr'><strong>cuius&#39;</strong></span> <span class='ocrx_word' id='word_1_247' title='bbox 1037 3041 1197 3116; x_wconf 86' lang='lat' dir='ltr'><strong>praefectus</strong></span> <span class='ocrx_word' id='word_1_248' title='bbox 1217 3035 1294 3098; x_wconf 69' lang='lat' dir='ltr'><strong>Vibius</strong></span> <span class='ocrx_word' id='word_1_249' title='bbox 1331 3061 1332 3094; x_wconf 76' lang='lat' dir='ltr'><strong>t</strong></span> 
     </span>
     <span class='ocr_line' id='line_1_28' title="bbox 225 3141 1332 3222; baseline 0.003 -20"><span class='ocrx_word' id='word_1_250' title='bbox 225 3145 372 3202; x_wconf 84' lang='lat' dir='ltr'><strong>5Aecaus</strong></span> <span class='ocrx_word' id='word_1_251' title='bbox 388 3154 534 3222; x_wconf 84' lang='lat' dir='ltr'><strong>arreptum</strong></span> <span class='ocrx_word' id='word_1_252' title='bbox 559 3143 696 3201; x_wconf 86' lang='lat' dir='ltr'><strong>vexillum</strong></span> <span class='ocrx_word' id='word_1_253' title='bbox 712 3153 792 3201; x_wconf 88' lang='lat' dir='ltr'><strong>trans</strong></span> <span class='ocrx_word' id='word_1_254' title='bbox 812 3145 921 3202; x_wconf 85' lang='lat' dir='ltr'><strong>vellum</strong></span> <span class='ocrx_word' id='word_1_255' title='bbox 944 3146 1071 3202; x_wconf 90' lang='lat' dir='ltr'><strong>hostium</strong></span> <span class='ocrx_word' id='word_1_256' title='bbox 1093 3147 1218 3205; x_wconf 82' lang='lat' dir='ltr'><strong>traiecit</strong></span> <span class='ocrx_word' id='word_1_257' title='bbox 1252 3141 1295 3198; x_wconf 79' lang='lat' dir='ltr'><strong>E1·</strong></span> <span class='ocrx_word' id='word_1_258' title='bbox 1331 3187 1332 3201; x_wconf 52' lang='lat'><em>÷</em></span> 
     </span>
     <span class='ocr_line' id='line_1_29' title="bbox 255 3228 1332 3325; baseline 0.004 -19"><span class='ocrx_word' id='word_1_259' title='bbox 255 3259 383 3306; x_wconf 86' lang='lat' dir='ltr'><strong>secretus</strong></span> <span class='ocrx_word' id='word_1_260' title='bbox 403 3251 470 3307; x_wconf 90' lang='lat' dir='ltr'><strong>inde</strong></span> <span class='ocrx_word' id='word_1_261' title='bbox 492 3228 580 3322; x_wconf 67' lang='lat' dir='ltr'><strong>seque</strong></span> <span class='ocrx_word' id='word_1_262' title='bbox 609 3258 639 3305; x_wconf 89' lang='lat' dir='ltr'><strong>et</strong></span> <span class='ocrx_word' id='word_1_263' title='bbox 668 3249 832 3322; x_wconf 88' lang='lat' dir='ltr'><strong>cohortem,</strong></span> <span class='ocrx_word' id='word_1_264' title='bbox 861 3250 886 3308; x_wconf 92' lang='lat' dir='ltr'><strong>si</strong></span> <span class='ocrx_word' id='word_1_265' title='bbox 912 3251 973 3308; x_wconf 87' lang='lat' dir='ltr'><strong>eius</strong></span> <span class='ocrx_word' id='word_1_266' title='bbox 995 3250 1095 3308; x_wconf 85' lang='lat' dir='ltr'><strong>vexilli</strong></span> <span class='ocrx_word' id='word_1_267' title='bbox 1115 3253 1217 3310; x_wconf 88' lang='lat' dir='ltr'><strong>hostes</strong></span> <span class='ocrx_word' id='word_1_268' title='bbox 1235 3243 1293 3325; x_wconf 73' lang='lat' dir='ltr'><strong>pofifi</strong></span> <span class='ocrx_word' id='word_1_269' title='bbox 1331 3275 1332 3296; x_wconf 72' lang='lat'>2</span> 
     </span>
     <span class='ocr_line' id='line_1_30' title="bbox 255 3343 1332 3430; baseline 0 -20"><span class='ocrx_word' id='word_1_270' title='bbox 255 3362 360 3423; x_wconf 72' lang='lat' dir='ltr'><strong>essent,</strong></span> <span class='ocrx_word' id='word_1_271' title='bbox 381 3355 514 3429; x_wconf 90' lang='lat' dir='ltr'><strong>princeps</strong></span> <span class='ocrx_word' id='word_1_272' title='bbox 536 3343 599 3428; x_wconf 82' lang='lat' dir='ltr'><strong>ipso¹</strong></span> <span class='ocrx_word' id='word_1_273' title='bbox 621 3373 674 3429; x_wconf 91' lang='lat' dir='ltr'><strong>per</strong></span> <span class='ocrx_word' id='word_1_274' title='bbox 700 3354 811 3412; x_wconf 84' lang='lat' dir='ltr'><strong>fossam</strong></span> <span class='ocrx_word' id='word_1_275' title='bbox 833 3357 1001 3430; x_wconf 89' lang='lat' dir='ltr'><strong>vallumque</strong></span> <span class='ocrx_word' id='word_1_276' title='bbox 1027 3356 1058 3412; x_wconf 91' lang='lat' dir='ltr'><strong>in</strong></span> <span class='ocrx_word' id='word_1_277' title='bbox 1087 3366 1190 3415; x_wconf 85' lang='lat' dir='ltr'><strong>castra</strong></span> <span class='ocrx_word' id='word_1_278' title='bbox 1210 3349 1291 3426; x_wconf 69' lang='lat' dir='ltr'><strong>innuit</strong></span> <span class='ocrx_word' id='word_1_279' title='bbox 1331 3351 1332 3410; x_wconf 67' lang='lat' dir='ltr'><strong>l</strong></span> 
     </span>
     <span class='ocr_line' id='line_1_31' title="bbox 224 3458 1293 3536; baseline 0.006 -22"><span class='ocrx_word' id='word_1_280' title='bbox 224 3458 378 3532; x_wconf 85' lang='lat' dir='ltr'><strong>blamque</strong></span> <span class='ocrx_word' id='word_1_281' title='bbox 404 3459 482 3516; x_wconf 88' lang='lat' dir='ltr'><strong>intra</strong></span> <span class='ocrx_word' id='word_1_282' title='bbox 510 3459 619 3516; x_wconf 84' lang='lat' dir='ltr'><strong>vallum</strong></span> <span class='ocrx_word' id='word_1_283' title='bbox 642 3459 757 3535; x_wconf 88' lang='lat' dir='ltr'><strong>Peligni</strong></span> <span class='ocrx_word' id='word_1_284' title='bbox 777 3462 962 3536; x_wconf 80' lang='lat' dir='ltr'><strong>pugnabant,</strong></span> <span class='ocrx_word' id='word_1_285' title='bbox 995 3479 1084 3534; x_wconf 90' lang='lat' dir='ltr'><strong>quum</strong></span> <span class='ocrx_word' id='word_1_286' title='bbox 1106 3461 1205 3518; x_wconf 80' lang='lat' dir='ltr'><strong>altere</strong></span> <span class='ocrx_word' id='word_1_287' title='bbox 1227 3465 1293 3535; x_wconf 65' lang='lat' dir='ltr'><strong>perit</strong></span> 
     </span>
     <span class='ocr_line' id='line_1_32' title="bbox 255 3562 1332 3642; baseline 0.001 -23"><span class='ocrx_word' id='word_1_288' title='bbox 255 3562 375 3619; x_wconf 89' lang='lat' dir='ltr'><strong>Valerio</strong></span> <span class='ocrx_word' id='word_1_289' title='bbox 390 3563 498 3620; x_wconf 85' lang='lat' dir='ltr'><strong>Flacco</strong></span> <span class='ocrx_word' id='word_1_290' title='bbox 519 3564 635 3621; x_wconf 89' lang='lat' dir='ltr'><strong>tribuno</strong></span> <span class='ocrx_word' id='word_1_291' title='bbox 650 3565 771 3622; x_wconf 89' lang='lat' dir='ltr'><strong>militum</strong></span> <span class='ocrx_word' id='word_1_292' title='bbox 793 3565 884 3623; x_wconf 76' lang='lat' dir='ltr'><strong>tertia</strong></span> <span class='ocrx_word' id='word_1_293' title='bbox 898 3565 1020 3640; x_wconf 86' lang='lat' dir='ltr'><strong>legionis</strong></span> <span class='ocrx_word' id='word_1_294' title='bbox 1042 3567 1237 3642; x_wconf 85' lang='lat' dir='ltr'><strong>exprobrante</strong></span> <span class='ocrx_word' id='word_1_295' title='bbox 1252 3563 1291 3620; x_wconf 69' lang='lat' dir='ltr'><strong>Re</strong></span> <span class='ocrx_word' id='word_1_296' title='bbox 1331 3579 1332 3614; x_wconf 69' lang='lat'>1</span> 
     </span>
     <span class='ocr_line' id='line_1_33' title="bbox 255 3667 1293 3744; baseline -0.002 -18"><span class='ocrx_word' id='word_1_297' title='bbox 255 3667 349 3726; x_wconf 88' lang='lat' dir='ltr'><strong>manis</strong></span> <span class='ocrx_word' id='word_1_298' title='bbox 375 3668 537 3742; x_wconf 80' lang='lat' dir='ltr'><strong>ignaviam,</strong></span> <span class='ocrx_word' id='word_1_299' title='bbox 570 3669 620 3742; x_wconf 90' lang='lat' dir='ltr'><strong>qui</strong></span> <span class='ocrx_word' id='word_1_300' title='bbox 648 3669 735 3726; x_wconf 89' lang='lat' dir='ltr'><strong>sociis</strong></span> <span class='ocrx_word' id='word_1_301' title='bbox 759 3678 911 3744; x_wconf 88' lang='lat' dir='ltr'><strong>ceptorum</strong></span> <span class='ocrx_word' id='word_1_302' title='bbox 941 3677 1096 3727; x_wconf 82' lang='lat' dir='ltr'><strong>castrorum</strong></span> <span class='ocrx_word' id='word_1_303' title='bbox 1130 3670 1293 3728; x_wconf 73' lang='lat' dir='ltr'><strong>concederent</strong></span> 
     </span>
     <span class='ocr_line' id='line_1_34' title="bbox 226 3763 1332 3852; baseline 0.001 -23"><span class='ocrx_word' id='word_1_304' title='bbox 226 3763 358 3842; x_wconf 77' lang='lat' dir='ltr'><strong>idaeus,</strong></span> <span class='ocrx_word' id='word_1_305' title='bbox 380 3774 420 3832; x_wconf 76' lang='grc' dir='ltr'><strong>Τ.</strong></span> <span class='ocrx_word' id='word_1_306' title='bbox 440 3774 588 3831; x_wconf 87' lang='lat' dir='ltr'><strong>Pedanius</strong></span> <span class='ocrx_word' id='word_1_307' title='bbox 609 3774 743 3848; x_wconf 89' lang='lat' dir='ltr'><strong>princeps</strong></span> <span class='ocrx_word' id='word_1_308' title='bbox 764 3773 874 3848; x_wconf 87' lang='lat' dir='ltr'><strong>primus</strong></span> <span class='ocrx_word' id='word_1_309' title='bbox 895 3775 1041 3845; x_wconf 85' lang='lat' dir='ltr'><strong>centurio,</strong></span> <span class='ocrx_word' id='word_1_310' title='bbox 1070 3793 1161 3849; x_wconf 89' lang='lat' dir='ltr'><strong>quum</strong></span> <span class='ocrx_word' id='word_1_311' title='bbox 1183 3769 1291 3852; x_wconf 72' lang='lat' dir='ltr'><strong>signiter</strong></span> <span class='ocrx_word' id='word_1_312' title='bbox 1331 3791 1332 3830; x_wconf 75' lang='lat' dir='ltr'><strong>t</strong></span> 
     </span>
     <span class='ocr_line' id='line_1_35' title="bbox 256 3871 1291 3952; baseline 0.005 -20"><span class='ocrx_word' id='word_1_313' title='bbox 256 3877 370 3950; x_wconf 86' lang='lat' dir='ltr'><strong>signum</strong></span> <span class='ocrx_word' id='word_1_314' title='bbox 404 3877 573 3949; x_wconf 82' lang='lat' dir='ltr'><strong>ademisset,</strong></span> <span class='ocrx_word' id='word_1_315' title='bbox 608 3879 690 3948; x_wconf 84' lang='lat' dir='ltr'><strong>„Iam</strong></span> <span class='ocrx_word' id='word_1_316' title='bbox 712 3879 768 3935; x_wconf 87' lang='lat' dir='ltr'><strong>hcc</strong></span> <span class='ocrx_word' id='word_1_317' title='bbox 789 3879 902 3952; x_wconf 88' lang='lat' dir='ltr'><strong>signum</strong></span> <span class='ocrx_word' id='word_1_318' title='bbox 925 3889 955 3938; x_wconf 88' lang='lat' dir='ltr'><strong>et</strong></span> <span class='ocrx_word' id='word_1_319' title='bbox 982 3880 1030 3938; x_wconf 89' lang='lat' dir='ltr'><strong>hic</strong></span> <span class='ocrx_word' id='word_1_320' title='bbox 1051 3881 1203 3939; x_wconf 87' lang='lat' dir='ltr'><strong>centurio“</strong></span> <span class='ocrx_word' id='word_1_321' title='bbox 1227 3871 1291 3950; x_wconf 79' lang='lat' dir='ltr'><strong>inquit</strong></span> 
     </span>
     <span class='ocr_line' id='line_1_36' title="bbox 259 3977 1289 4061; baseline 0.008 -26"><span class='ocrx_word' id='word_1_322' title='bbox 259 3980 352 4048; x_wconf 87' lang='lat' dir='ltr'><strong>„intra</strong></span> <span class='ocrx_word' id='word_1_323' title='bbox 379 3981 487 4037; x_wconf 86' lang='lat' dir='ltr'><strong>vallum</strong></span> <span class='ocrx_word' id='word_1_324' title='bbox 516 3980 642 4038; x_wconf 87' lang='lat' dir='ltr'><strong>hostium</strong></span> <span class='ocrx_word' id='word_1_325' title='bbox 674 3983 742 4052; x_wconf 85' lang='lat' dir='ltr'><strong>erit3</strong></span> <span class='ocrx_word' id='word_1_326' title='bbox 769 3993 943 4056; x_wconf 85' lang='lat' dir='ltr'><strong>sequantur,</strong></span> <span class='ocrx_word' id='word_1_327' title='bbox 972 3985 1022 4058; x_wconf 91' lang='lat' dir='ltr'><strong>qui</strong></span> <span class='ocrx_word' id='word_1_328' title='bbox 1049 3985 1116 4061; x_wconf 89' lang='lat' dir='ltr'><strong>capi</strong></span> <span class='ocrx_word' id='word_1_329' title='bbox 1146 3987 1252 4061; x_wconf 83' lang='lat' dir='ltr'><strong>signum</strong></span> <span class='ocrx_word' id='word_1_330' title='bbox 1266 3977 1289 4035; x_wconf 62' lang='grc' dir='ltr'><strong>»ὓ</strong></span> 
     </span>
    </p>
   </div>
   <div class='ocr_carea' id='block_1_3' title="bbox 0 0 1342 4542">
    <p class='ocr_par' dir='ltr' id='par_1_3' title="bbox 0 0 1342 4542">
     <span class='ocr_line' id='line_1_37' title="bbox 0 0 1342 4542; baseline 0 0"><span class='ocrx_word' id='word_1_331' title='bbox 0 0 1342 4542; x_wconf 95' lang='lat' dir='ltr'><strong> </strong></span> 
     </span>
    </p>
   </div>
  </div>
 </body>
</html>
