2748 4556
290 225 350 283 212
564 223 643 274 Liber
662 222 763 276 XXIX.
799 223 847 286 (Δ.
861 238 887 272 u.
902 237 922 272 o.
936 223 1014 286 550.)

249 409 467 482 turbandosque
491 407 671 484 egredientes
700 426 738 464 ex
759 406 882 464 navibus
908 407 1006 475 missi,
1044 407 1073 464 in
1094 407 1236 464 stationes
1256 407 1307 462 Ro·

201 518 401 573 limenorum
423 513 593 572 inciderunt.
648 513 712 569 Iam
737 512 811 568 enim
831 511 940 586 Scipio,
963 513 1057 570 classe
1077 513 1199 571 Uticam
1223 512 1309 576 missa,

250 620 313 694 ipse
343 619 421 676 band
450 619 492 676 ita
521 618 641 676 multum
669 634 841 692 progressus
872 637 891 674 o
922 617 997 674 mari
1019 618 1148 674 tumulos
1171 617 1311 690 proximos

252 732 383 799 ceperat3
404 724 516 798 equites
535 736 564 780 et
585 724 613 780 in
636 721 809 779 stationibus
829 721 900 777 locis
921 723 1035 780 idoneis
1055 733 1200 799 posuerat
1223 733 1249 778 et
1269 741 1312 794 per

152 825 197 896 29
253 847 341 906 agros
373 830 492 887 miserat
527 830 698 903 praedatum·
746 826 787 882 Hi
819 843 886 894 oum
917 826 1157 903 Carthaginiensi
1194 828 1311 900 equitatu

252 933 384 1010 proelium
408 953 496 1009 quum
519 933 745 1001 commisissent,
779 949 889 1006 paucos
910 932 939 988 in
961 932 1025 1006 ipso
1051 933 1229 1001 certamine,
1262 933 1312 1006 ple·

250 1057 357 1113 rosque
378 1037 521 1114 fugientes
542 1037 703 1114 persecuti,
724 1037 754 1092 in
778 1036 882 1110 quibus
903 1035 1071 1110 prefectum
1096 1057 1220 1112 quoqne
1239 1039 1311 1094 Han·

219 1146 370 1213 lnonem,
406 1142 532 1201 nobilem
576 1143 727 1210 iuvenem,
765 1141 941 1198 occiderunt.
998 1141 1099 1216 Scipio
1135 1162 1201 1199 non
1238 1161 1312 1216 agros

251 1249 338 1306 modo
369 1249 447 1306 circa
474 1245 617 1316 vastavit,
648 1247 699 1302 sed
733 1247 832 1302 urbem
864 1246 950 1303 etiam
980 1247 1148 1320 proximam
1180 1247 1310 1305 Afromu

219 1351 322 1411 3satis
354 1353 519 1427 opulentam
551 1351 641 1426 cepit3
678 1351 727 1407 ubi
749 1360 854 1425 praeter
876 1358 988 1419 cetera,
1025 1369 1091 1422 quae
1115 1352 1266 1427 extemplo
1288 1347 1310 1405 iu

251 1475 341 1514 naves
371 1457 520 1514 onerarias
549 1457 686 1532 imposita
722 1456 869 1528 missaque
896 1455 926 1512 in
957 1455 1086 1512 Siciliam
1118 1467 1222 1526 erant,
1255 1467 1309 1512 octo

219 1562 341 1619 imillia
362 1562 519 1619 liberorum
542 1580 751 1637 servorumque
773 1562 898 1637 capitum
915 1568 982 1615 snut
996 1569 1094 1634 capta.
1139 1562 1311 1618 Laetissimus'

250 1675 346 1722 tamen
376 1665 510 1722 omnibns
544 1667 573 1723 iu
602 1665 743 1742 principio
765 1683 860 1721 rerum
883 1665 1075 1738 gerendarum
1099 1667 1247 1723 adventus
1266 1665 1309 1722 init

251 1771 431 1840 Masinissee3
459 1790 543 1845 quern
567 1772 685 1846 quidam
708 1789 772 1827 cum
796 1768 925 1826 ducentis
945 1771 1025 1826 haud
1057 1771 1186 1845 amplius
1217 1770 1309 1844 equiri-

251 1876 322 1944 bus,
354 1875 485 1951 plerique
517 1895 581 1934 cum
617 1877 705 1933 duum
736 1876 854 1933 millium
884 1875 1014 1949 equitatu
1043 1877 1165 1933 uadunt
1198 1877 1308 1934 venisse.

221 1980 388 2039 eceteram
427 2000 515 2056 quum
549 1981 636 2056 louge
668 1981 813 2038 maximus
847 1980 974 2036 omnium
1006 1981 1100 2038 aetatis
1128 2001 1192 2039 snae
1219 1999 1306 2056 regum
1348 1958 1349 1987 ¹

251 2085 297 2142 hio
320 2084 407 2142 fuerit
426 2086 640 2160 plurimumque
660 2105 720 2142 rem
743 2087 907 2143 Romanam
929 2085 1050 2155 iuverit,
1073 2105 1172 2161 operae
1196 2087 1305 2162 pretium

250 2191 364 2248 videtur
386 2192 526 2248 excedere
547 2191 666 2266 paulurn
689 2191 726 2246 ad
750 2190 958 2261 enarrandum,
982 2210 1069 2264 quam
1094 2192 1184 2249 varia
1203 2192 1304 2250 fortuna

251 2313 319 2352 usus
341 2296 378 2352 sit
399 2297 429 2352 in
451 2296 609 2353 amittendo
632 2296 890 2370 recuperandoque
914 2305 1036 2369 paterno
1057 2315 1159 2370 regno.
1348 2319 1349 2382 q

218 2401 236 2454 (i
333 2401 471 2458 Militanti
506 2420 560 2476 pro
598 2399 885 2475 Carthaginiensibus
923 2399 953 2455 in
984 2398 1133 2474 Hispania
1172 2412 1256 2476 pater
1283 2397 1303 2452 ei

249 2504 383 2574 moritur3
406 2505 491 2564 Gala
514 2525 619 2563 nomen
642 2515 713 2562 erat.
762 2507 895 2579 Regnum
918 2505 956 2561 ad
976 2504 1097 2562 frat-rem
1116 2507 1199 2580 regis
1217 2501 1301 2561 OEaul·
1348 2521 1349 2574 i

250 2627 301 2666 oen
330 2611 523 2684 pergrandem
557 2620 628 2668 natu
661 2611 715 2687 (ita
735 2629 800 2667 mos
822 2610 900 2684 apud
923 2609 1067 2666 Numidas
1093 2609 1151 2686 est)
1176 2606 1300 2686 pervenit.

219 2714 337 2770 lHaud
360 2715 451 2772 multo
472 2724 540 2792 post
561 2714 683 2772 OEzalce
705 2733 821 2789 quoque
843 2722 973 2785 mortuo,
1010 2715 1105 2771 maior
1134 2734 1174 2772 ex
1206 2713 1300 2772 duobus
1348 2717 1349 2768 l

249 2819 314 2876 liliis
330 2821 391 2877 eius
406 2819 549 2896 Capussa,
570 2838 661 2895 puero
684 2819 841 2876 admodum
864 2820 964 2891 altero,
986 2830 1140 2895 paternum
1163 2819 1297 2896 imperium

219 2924 369 3000 8aocepit.
418 2924 553 2983 Ceterum
583 2943 672 2999 quum
702 2922 796 2998 magis
824 2923 887 2980 iure
913 2925 1006 2998 gentis
1028 2943 1118 2998 quarn
1142 2924 1299 2983 auctoritate
1348 2905 1349 2962 l

250 3030 324 3086 inter
359 3048 428 3086 suos
465 3041 515 3086 aut
546 3029 656 3086 viribus
672 3033 675 3039 '
690 3028 831 3085 obtineret
874 3046 1009 3102 reguum,
1045 3029 1159 3086 exstitit
1199 3028 1296 3104 quidam

250 3133 432 3190 Mazaetullus
464 3136 595 3205 nomine,
631 3153 689 3190 non
718 3133 828 3190 alienus
862 3135 1001 3208 sauguine
1028 3135 1165 3210 regibus,
1199 3132 1298 3192 familia
1348 3093 1349 3156 l

251 3255 365 3312 semper
385 3238 508 3296 inimicae
530 3258 564 3296 ac
587 3240 622 3294 de
642 3238 764 3312 imperio
786 3238 868 3293 varia
890 3235 1094 3295 fortunarum
1116 3240 1163 3309 iis,
1187 3242 1294 3315 quitum
1348 3283 1349 3352 p

219 3343 437 3414 9obtinebaut,
465 3344 609 3403 certantis.
658 3344 708 3412 Is,
736 3343 886 3400 concitatis
908 3343 1115 3417 popularibuS,
1139 3348 1220 3420 apud
1240 3357 1295 3418 quos

250 3449 360 3505 invidia
381 3468 481 3524 regum
514 3467 626 3522 magnae
649 3449 828 3506 auctoritatis
851 3458 927 3516 erat,
957 3449 1060 3504 castris
1079 3449 1181 3523 palam
1203 3447 1295 3527 positia,

199 3556 235 3610 10
250 3549 423 3610 descendere
445 3573 541 3629 regem
566 3555 594 3611 in
619 3554 709 3610 aciem
732 3572 767 3609 ao
790 3552 929 3609 dimicare
951 3553 988 3608 de
1009 3571 1099 3628 regno
1124 3557 1230 3632 coegit
1269 3553 1292 3609 ln
1347 3590 1348 3632 ,

247 3673 283 3711 eo
306 3656 407 3730 proelio
424 3656 557 3733 Capussa
580 3679 643 3716 cum
667 3659 763 3716 multis
782 3657 943 3733 principum
961 3657 1072 3715 cecidit.
1107 3660 1191 3718 Gens
1206 3664 1292 3719 Maso·
1348 3647 1349 3740 l

246 3759 350 3816 liorum
379 3764 472 3819 omnis
506 3765 535 3821 in
565 3766 705 3823 dicionem
735 3763 945 3838 imperiumque
975 3763 1134 3821 Mazaetulli
1155 3763 1291 3826 contenda

197 3865 326 3938 turegio
354 3877 449 3922 tamen
478 3871 595 3926 nomine
625 3869 776 3937 abstinuit,
813 3875 1022 3941 contentusque
1049 3871 1167 3928 nomine
1199 3870 1290 3928 modico
1348 3897 1349 3926 r

247 3969 348 4024 tutoris
371 3989 491 4043 puerum
514 3973 707 4041 Lacumazen,
731 3973 780 4045 qui
801 3972 897 4046 stirpis
919 3972 1007 4046 regiae
1028 3987 1191 4047 supererat,
1214 3990 1288 4049 regen
