<?xml version="1.0" encoding="UTF-8"?>
<!DOCTYPE html PUBLIC "-//W3C//DTD XHTML 1.0 Transitional//EN"
    "http://www.w3.org/TR/xhtml1/DTD/xhtml1-transitional.dtd">
<html xmlns="http://www.w3.org/1999/xhtml" xml:lang="en" lang="en">
 <head>
  <title>
</title>
<meta http-equiv="Content-Type" content="text/html;charset=utf-8" />
  <meta name='ocr-system' content='tesseract 3.04.00' />
  <meta name='ocr-capabilities' content='ocr_page ocr_carea ocr_par ocr_line ocrx_word'/>
</head>
<body>
  <div class='ocr_page' id='page_1' title='image "./titiliviihistor01ussigoog/titiliviihistor01ussigoog_0159.png"; bbox 0 0 2704 4552; ppageno 0'>
   <div class='ocr_carea' id='block_1_1' title="bbox 600 1484 981 1564">
    <p class='ocr_par' dir='ltr' id='par_1_1' title="bbox 600 1484 981 1564">
     <span class='ocr_line' id='line_1_1' title="bbox 600 1484 981 1564; baseline -0.005 0"><span class='ocrx_word' id='word_1_1' title='bbox 600 1486 757 1564; x_wconf 87' lang='lat' dir='ltr'><strong>Liber</strong></span> <span class='ocrx_word' id='word_1_2' title='bbox 798 1484 981 1563; x_wconf 90' lang='lat' dir='ltr'><strong>XXlll.</strong></span> 
     </span>
    </p>
   </div>
   <div class='ocr_carea' id='block_1_2' title="bbox 747 1680 846 1689">
    <p class='ocr_par' dir='ltr' id='par_1_2' title="bbox 747 1680 846 1689">
     <span class='ocr_line' id='line_1_2' title="bbox 747 1680 846 1689; baseline 0.02 -2"><span class='ocrx_word' id='word_1_3' title='bbox 747 1680 846 1689; x_wconf 52' lang='lat' dir='ltr'><strong>m·-</strong></span> 
     </span>
    </p>
   </div>
   <div class='ocr_carea' id='block_1_3' title="bbox 231 1762 1330 2286">
    <p class='ocr_par' dir='ltr' id='par_1_3' title="bbox 231 1762 1330 2286">
     <span class='ocr_line' id='line_1_3' title="bbox 261 1762 1330 1872; baseline 0.002 -20"><span class='ocrx_word' id='word_1_4' title='bbox 261 1762 418 1852; x_wconf 83' lang='lat' dir='ltr'><strong>Hannibal</strong></span> <span class='ocrx_word' id='word_1_5' title='bbox 432 1803 500 1869; x_wconf 89' lang='lat' dir='ltr'><strong>post</strong></span> <span class='ocrx_word' id='word_1_6' title='bbox 521 1793 702 1853; x_wconf 80' lang='lat' dir='ltr'><strong>Cannensem</strong></span> <span class='ocrx_word' id='word_1_7' title='bbox 725 1815 854 1872; x_wconf 89' lang='lat' dir='ltr'><strong>pugnam</strong></span> <span class='ocrx_word' id='word_1_8' title='bbox 874 1806 1022 1870; x_wconf 71' lang='lat' dir='ltr'><strong>castraque</strong></span> <span class='ocrx_word' id='word_1_9' title='bbox 1043 1775 1134 1870; x_wconf 78' lang='lat' dir='ltr'><strong>capta</strong></span> <span class='ocrx_word' id='word_1_10' title='bbox 1156 1816 1194 1854; x_wconf 88' lang='lat' dir='ltr'><strong>ae</strong></span> <span class='ocrx_word' id='word_1_11' title='bbox 1217 1798 1330 1872; x_wconf 84' lang='lat' dir='ltr'><strong>direpta</strong></span> 
     </span>
     <span class='ocr_line' id='line_1_4' title="bbox 263 1899 1328 1975; baseline 0.001 -20"><span class='ocrx_word' id='word_1_12' title='bbox 263 1899 413 1956; x_wconf 74' lang='lat' dir='ltr'><strong>confestim</strong></span> <span class='ocrx_word' id='word_1_13' title='bbox 429 1917 466 1954; x_wconf 85' lang='lat' dir='ltr'><strong>ex</strong></span> <span class='ocrx_word' id='word_1_14' title='bbox 481 1899 592 1973; x_wconf 83' lang='lat' dir='ltr'><strong>Apulia</strong></span> <span class='ocrx_word' id='word_1_15' title='bbox 605 1899 635 1954; x_wconf 91' lang='lat' dir='ltr'><strong>in</strong></span> <span class='ocrx_word' id='word_1_16' title='bbox 651 1899 802 1958; x_wconf 88' lang='lat' dir='ltr'><strong>Samnium</strong></span> <span class='ocrx_word' id='word_1_17' title='bbox 818 1908 959 1968; x_wconf 89' lang='lat' dir='ltr'><strong>moverat,</strong></span> <span class='ocrx_word' id='word_1_18' title='bbox 982 1900 1091 1955; x_wconf 79' lang='lat' dir='ltr'><strong>accitus</strong></span> <span class='ocrx_word' id='word_1_19' title='bbox 1106 1900 1136 1956; x_wconf 92' lang='lat' dir='ltr'><strong>in</strong></span> <span class='ocrx_word' id='word_1_20' title='bbox 1153 1901 1297 1975; x_wconf 83' lang='lat' dir='ltr'><strong>Hirpinos</strong></span> <span class='ocrx_word' id='word_1_21' title='bbox 1313 1923 1328 1956; x_wconf 87' lang='lat' dir='ltr'><strong>a</strong></span> 
     </span>
     <span class='ocr_line' id='line_1_5' title="bbox 233 2001 1329 2080; baseline 0.005 -24"><span class='ocrx_word' id='word_1_22' title='bbox 233 2002 358 2061; x_wconf 72' lang='lat' dir='ltr'><strong>assatio</strong></span> <span class='ocrx_word' id='word_1_23' title='bbox 385 2001 489 2072; x_wconf 76' lang='lat' dir='ltr'><strong>Trebia,</strong></span> <span class='ocrx_word' id='word_1_24' title='bbox 511 2003 664 2076; x_wconf 78' lang='lat' dir='ltr'><strong>pollicente</strong></span> <span class='ocrx_word' id='word_1_25' title='bbox 686 2022 717 2060; x_wconf 90' lang='lat' dir='ltr'><strong>se</strong></span> <span class='ocrx_word' id='word_1_26' title='bbox 733 2003 890 2079; x_wconf 86' lang='lat' dir='ltr'><strong>Compsam</strong></span> <span class='ocrx_word' id='word_1_27' title='bbox 913 2001 1097 2060; x_wconf 86' lang='lat' dir='ltr'><strong>traditurum.</strong></span> <span class='ocrx_word' id='word_1_28' title='bbox 1144 2002 1329 2080; x_wconf 86' lang='lat' dir='ltr'><strong>Compsanus</strong></span> 
     </span>
     <span class='ocr_line' id='line_1_6' title="bbox 264 2106 1326 2182; baseline 0 -19"><span class='ocrx_word' id='word_1_29' title='bbox 264 2115 327 2163; x_wconf 88' lang='lat' dir='ltr'><strong>erat</strong></span> <span class='ocrx_word' id='word_1_30' title='bbox 348 2106 473 2163; x_wconf 86' lang='lat' dir='ltr'><strong>Trebius</strong></span> <span class='ocrx_word' id='word_1_31' title='bbox 500 2107 604 2164; x_wconf 92' lang='lat' dir='ltr'><strong>nobilis</strong></span> <span class='ocrx_word' id='word_1_32' title='bbox 625 2107 700 2164; x_wconf 91' lang='lat' dir='ltr'><strong>inter</strong></span> <span class='ocrx_word' id='word_1_33' title='bbox 722 2124 803 2176; x_wconf 81' lang='lat' dir='ltr'><strong>suos3</strong></span> <span class='ocrx_word' id='word_1_34' title='bbox 826 2107 877 2164; x_wconf 86' lang='lat' dir='ltr'><strong>sed</strong></span> <span class='ocrx_word' id='word_1_35' title='bbox 897 2107 1048 2182; x_wconf 82' lang='lat' dir='ltr'><strong>premebat</strong></span> <span class='ocrx_word' id='word_1_36' title='bbox 1063 2125 1130 2163; x_wconf 90' lang='lat' dir='ltr'><strong>eum</strong></span> <span class='ocrx_word' id='word_1_37' title='bbox 1146 2109 1326 2182; x_wconf 88' lang='lat' dir='ltr'><strong>Mopsiorum</strong></span> 
     </span>
     <span class='ocr_line' id='line_1_7' title="bbox 231 2203 1327 2286; baseline 0.002 -20"><span class='ocrx_word' id='word_1_38' title='bbox 231 2212 247 2266; x_wconf 87' lang='lat'>3</span> <span class='ocrx_word' id='word_1_39' title='bbox 261 2211 360 2281; x_wconf 83' lang='lat' dir='ltr'><strong>factio,</strong></span> <span class='ocrx_word' id='word_1_40' title='bbox 381 2203 499 2268; x_wconf 72' lang='lat' dir='ltr'><strong>familiae</strong></span> <span class='ocrx_word' id='word_1_41' title='bbox 513 2222 566 2285; x_wconf 84' lang='lat' dir='ltr'><strong>per</strong></span> <span class='ocrx_word' id='word_1_42' title='bbox 589 2211 714 2285; x_wconf 85' lang='lat' dir='ltr'><strong>gratiam</strong></span> <span class='ocrx_word' id='word_1_43' title='bbox 729 2213 929 2268; x_wconf 86' lang='lat' dir='ltr'><strong>Romanorum</strong></span> <span class='ocrx_word' id='word_1_44' title='bbox 943 2210 1079 2286; x_wconf 86' lang='lat' dir='ltr'><strong>potentis.</strong></span> <span class='ocrx_word' id='word_1_45' title='bbox 1126 2213 1202 2270; x_wconf 89' lang='lat' dir='ltr'><strong>Post</strong></span> <span class='ocrx_word' id='word_1_46' title='bbox 1221 2212 1327 2270; x_wconf 79' lang='lat' dir='ltr'><strong>famam</strong></span> 
     </span>
    </p>
   </div>
   <div class='ocr_carea' id='block_1_4' title="bbox 205 2313 1351 4056">
    <p class='ocr_par' dir='ltr' id='par_1_4' title="bbox 205 2313 1351 4056">
     <span class='ocr_line' id='line_1_8' title="bbox 261 2313 1326 2390; baseline 0.001 -18"><span class='ocrx_word' id='word_1_47' title='bbox 261 2313 420 2372; x_wconf 86' lang='lat' dir='ltr'><strong>Cannensis</strong></span> <span class='ocrx_word' id='word_1_48' title='bbox 452 2330 557 2390; x_wconf 83' lang='lat' dir='ltr'><strong>pugnae</strong></span> <span class='ocrx_word' id='word_1_49' title='bbox 588 2313 797 2388; x_wconf 86' lang='lat' dir='ltr'><strong>vulgatumque</strong></span> <span class='ocrx_word' id='word_1_50' title='bbox 822 2315 922 2372; x_wconf 89' lang='lat' dir='ltr'><strong>Trebii</strong></span> <span class='ocrx_word' id='word_1_51' title='bbox 956 2315 1140 2372; x_wconf 86' lang='lat' dir='ltr'><strong>sermonibus</strong></span> <span class='ocrx_word' id='word_1_52' title='bbox 1175 2317 1326 2373; x_wconf 82' lang='lat' dir='ltr'><strong>adventum</strong></span> 
     </span>
     <span class='ocr_line' id='line_1_9' title="bbox 260 2418 1351 2494; baseline 0 -18"><span class='ocrx_word' id='word_1_53' title='bbox 260 2418 434 2476; x_wconf 85' lang='lat' dir='ltr'><strong>Hannibalis</strong></span> <span class='ocrx_word' id='word_1_54' title='bbox 457 2436 546 2492; x_wconf 90' lang='lat' dir='ltr'><strong>quum</strong></span> <span class='ocrx_word' id='word_1_55' title='bbox 569 2419 718 2492; x_wconf 90' lang='lat' dir='ltr'><strong>Mopsiani</strong></span> <span class='ocrx_word' id='word_1_56' title='bbox 739 2418 839 2476; x_wconf 87' lang='lat' dir='ltr'><strong>urbem</strong></span> <span class='ocrx_word' id='word_1_57' title='bbox 862 2420 1066 2489; x_wconf 76' lang='lat' dir='ltr'><strong>excessissent,</strong></span> <span class='ocrx_word' id='word_1_58' title='bbox 1089 2419 1153 2476; x_wconf 91' lang='lat' dir='ltr'><strong>sina</strong></span> <span class='ocrx_word' id='word_1_59' title='bbox 1175 2423 1327 2478; x_wconf 83' lang='lat' dir='ltr'><strong>certamine</strong></span> <span class='ocrx_word' id='word_1_60' title='bbox 1350 2481 1351 2494; x_wconf 48' lang='lat'><strong>,</strong></span> 
     </span>
     <span class='ocr_line' id='line_1_10' title="bbox 230 2522 1351 2602; baseline 0.004 -26"><span class='ocrx_word' id='word_1_61' title='bbox 230 2523 369 2580; x_wconf 74' lang='lat' dir='ltr'><strong>luadita</strong></span> <span class='ocrx_word' id='word_1_62' title='bbox 403 2524 471 2579; x_wconf 87' lang='lat' dir='ltr'><strong>urbs</strong></span> <span class='ocrx_word' id='word_1_63' title='bbox 493 2523 586 2579; x_wconf 86' lang='lat' dir='ltr'><strong>Poeno</strong></span> <span class='ocrx_word' id='word_1_64' title='bbox 618 2522 842 2597; x_wconf 85' lang='lat' dir='ltr'><strong>praesidiumque</strong></span> <span class='ocrx_word' id='word_1_65' title='bbox 870 2533 1020 2598; x_wconf 77' lang='lat' dir='ltr'><strong>acceptum</strong></span> <span class='ocrx_word' id='word_1_66' title='bbox 1053 2535 1106 2583; x_wconf 88' lang='lat' dir='ltr'><strong>est.</strong></span> <span class='ocrx_word' id='word_1_67' title='bbox 1158 2525 1205 2581; x_wconf 92' lang='lat' dir='ltr'><strong>Ibi</strong></span> <span class='ocrx_word' id='word_1_68' title='bbox 1232 2528 1325 2600; x_wconf 74' lang='lat' dir='ltr'><strong>prada</strong></span> <span class='ocrx_word' id='word_1_69' title='bbox 1350 2529 1351 2602; x_wconf 61' lang='lat' dir='ltr'><strong>j</strong></span> 
     </span>
     <span class='ocr_line' id='line_1_11' title="bbox 260 2625 1323 2704; baseline 0.003 -22"><span class='ocrx_word' id='word_1_70' title='bbox 260 2627 340 2684; x_wconf 90' lang='lat' dir='ltr'><strong>omni</strong></span> <span class='ocrx_word' id='word_1_71' title='bbox 361 2635 448 2700; x_wconf 90' lang='lat' dir='ltr'><strong>atque</strong></span> <span class='ocrx_word' id='word_1_72' title='bbox 469 2626 682 2702; x_wconf 88' lang='lat' dir='ltr'><strong>impedimentis</strong></span> <span class='ocrx_word' id='word_1_73' title='bbox 703 2625 825 2696; x_wconf 83' lang='lat' dir='ltr'><strong>relictis,</strong></span> <span class='ocrx_word' id='word_1_74' title='bbox 859 2628 986 2685; x_wconf 79' lang='lat' dir='ltr'><strong>exercitu</strong></span> <span class='ocrx_word' id='word_1_75' title='bbox 1013 2629 1140 2704; x_wconf 84' lang='lat' dir='ltr'><strong>partito,</strong></span> <span class='ocrx_word' id='word_1_76' title='bbox 1172 2629 1323 2704; x_wconf 85' lang='lat' dir='ltr'><strong>Magonem</strong></span> 
     </span>
     <span class='ocr_line' id='line_1_12' title="bbox 205 2729 1323 2808; baseline 0.001 -21"><span class='ocrx_word' id='word_1_77' title='bbox 205 2762 209 2769; x_wconf 75' lang='lat'><strong>,</strong></span> <span class='ocrx_word' id='word_1_78' title='bbox 260 2732 387 2806; x_wconf 83' lang='lat' dir='ltr'><strong>regionis</strong></span> <span class='ocrx_word' id='word_1_79' title='bbox 417 2734 478 2789; x_wconf 87' lang='lat' dir='ltr'><strong>eius</strong></span> <span class='ocrx_word' id='word_1_80' title='bbox 507 2732 593 2788; x_wconf 88' lang='lat' dir='ltr'><strong>urbes</strong></span> <span class='ocrx_word' id='word_1_81' title='bbox 621 2741 672 2786; x_wconf 86' lang='lat' dir='ltr'><strong>aut</strong></span> <span class='ocrx_word' id='word_1_82' title='bbox 693 2729 857 2786; x_wconf 86' lang='lat' dir='ltr'><strong>dedeientss</strong></span> <span class='ocrx_word' id='word_1_83' title='bbox 885 2733 922 2788; x_wconf 89' lang='lat' dir='ltr'><strong>ab</strong></span> <span class='ocrx_word' id='word_1_84' title='bbox 945 2731 1085 2790; x_wconf 87' lang='lat' dir='ltr'><strong>Romanis</strong></span> <span class='ocrx_word' id='word_1_85' title='bbox 1117 2734 1253 2808; x_wconf 87' lang='lat' dir='ltr'><strong>aooipere</strong></span> <span class='ocrx_word' id='word_1_86' title='bbox 1283 2748 1323 2789; x_wconf 79' lang='lat' dir='ltr'><strong>aut</strong></span> 
     </span>
     <span class='ocr_line' id='line_1_13' title="bbox 230 2831 1322 2913; baseline 0.006 -26"><span class='ocrx_word' id='word_1_87' title='bbox 230 2834 451 2893; x_wconf 82' lang='lat' dir='ltr'><strong>5detreetantes</strong></span> <span class='ocrx_word' id='word_1_88' title='bbox 484 2854 589 2910; x_wconf 86' lang='lat' dir='ltr'><strong>cogere</strong></span> <span class='ocrx_word' id='word_1_89' title='bbox 621 2835 660 2892; x_wconf 86' lang='lat' dir='ltr'><strong>ad</strong></span> <span class='ocrx_word' id='word_1_90' title='bbox 691 2831 882 2891; x_wconf 84' lang='lat' dir='ltr'><strong>defectionem</strong></span> <span class='ocrx_word' id='word_1_91' title='bbox 914 2834 1009 2903; x_wconf 88' lang='lat' dir='ltr'><strong>iubet,</strong></span> <span class='ocrx_word' id='word_1_92' title='bbox 1041 2835 1105 2908; x_wconf 86' lang='lat' dir='ltr'><strong>ipse</strong></span> <span class='ocrx_word' id='word_1_93' title='bbox 1140 2855 1195 2911; x_wconf 89' lang='lat' dir='ltr'><strong>per</strong></span> <span class='ocrx_word' id='word_1_94' title='bbox 1228 2857 1322 2913; x_wconf 83' lang='lat' dir='ltr'><strong>agrum</strong></span> 
     </span>
     <span class='ocr_line' id='line_1_14' title="bbox 260 2937 1321 3015; baseline 0.003 -20"><span class='ocrx_word' id='word_1_95' title='bbox 260 2937 442 3014; x_wconf 89' lang='lat' dir='ltr'><strong>Campanum</strong></span> <span class='ocrx_word' id='word_1_96' title='bbox 465 2960 545 2999; x_wconf 87' lang='lat' dir='ltr'><strong>mare</strong></span> <span class='ocrx_word' id='word_1_97' title='bbox 572 2940 697 2998; x_wconf 86' lang='lat' dir='ltr'><strong>inferum</strong></span> <span class='ocrx_word' id='word_1_98' title='bbox 724 2937 812 3012; x_wconf 87' lang='lat' dir='ltr'><strong>petit,</strong></span> <span class='ocrx_word' id='word_1_99' title='bbox 845 2946 1065 3014; x_wconf 80' lang='lat' dir='ltr'><strong>oppugnaturus</strong></span> <span class='ocrx_word' id='word_1_100' title='bbox 1093 2940 1270 3015; x_wconf 78' lang='lat' dir='ltr'><strong>Neapolim,</strong></span> <span class='ocrx_word' id='word_1_101' title='bbox 1299 2961 1321 2998; x_wconf 79' lang='lat' dir='ltr'><strong>ut</strong></span> 
     </span>
     <span class='ocr_line' id='line_1_15' title="bbox 230 3042 1322 3118; baseline 0.002 -20"><span class='ocrx_word' id='word_1_102' title='bbox 230 3043 360 3100; x_wconf 82' lang='lat' dir='ltr'><strong>durbem</strong></span> <span class='ocrx_word' id='word_1_103' title='bbox 385 3043 559 3101; x_wconf 87' lang='lat' dir='ltr'><strong>maritimam</strong></span> <span class='ocrx_word' id='word_1_104' title='bbox 586 3043 718 3101; x_wconf 86' lang='lat' dir='ltr'><strong>haberet.</strong></span> <span class='ocrx_word' id='word_1_105' title='bbox 761 3042 822 3101; x_wconf 93' lang='lat' dir='ltr'><strong>Ubi</strong></span> <span class='ocrx_word' id='word_1_106' title='bbox 847 3045 919 3100; x_wconf 87' lang='lat' dir='ltr'><strong>fines</strong></span> <span class='ocrx_word' id='word_1_107' title='bbox 941 3043 1208 3118; x_wconf 86' lang='lat' dir='ltr'><strong>Neapolitanorum</strong></span> <span class='ocrx_word' id='word_1_108' title='bbox 1239 3047 1322 3102; x_wconf 83' lang='lat' dir='ltr'><strong>intra-</strong></span> 
     </span>
     <span class='ocr_line' id='line_1_16' title="bbox 259 3145 1322 3221; baseline 0.003 -20"><span class='ocrx_word' id='word_1_109' title='bbox 259 3147 314 3216; x_wconf 87' lang='lat' dir='ltr'><strong>vit,</strong></span> <span class='ocrx_word' id='word_1_110' title='bbox 338 3149 482 3205; x_wconf 89' lang='lat' dir='ltr'><strong>Numidas</strong></span> <span class='ocrx_word' id='word_1_111' title='bbox 504 3147 610 3221; x_wconf 87' lang='lat' dir='ltr'><strong>partim</strong></span> <span class='ocrx_word' id='word_1_112' title='bbox 631 3145 794 3202; x_wconf 38' lang='lat' dir='ltr'><strong>invinsidiis</strong></span> <span class='ocrx_word' id='word_1_113' title='bbox 822 3151 864 3213; x_wconf 86' lang='lat' dir='ltr'><strong>(et</strong></span> <span class='ocrx_word' id='word_1_114' title='bbox 892 3146 1038 3219; x_wconf 83' lang='lat' dir='ltr'><strong>pleraeque</strong></span> <span class='ocrx_word' id='word_1_115' title='bbox 1067 3165 1148 3205; x_wconf 86' lang='lat' dir='ltr'><strong>oavae</strong></span> <span class='ocrx_word' id='word_1_116' title='bbox 1177 3158 1248 3206; x_wconf 88' lang='lat' dir='ltr'><strong>sunt</strong></span> <span class='ocrx_word' id='word_1_117' title='bbox 1275 3153 1322 3205; x_wconf 82' lang='lat' dir='ltr'><strong>ria</strong></span> 
     </span>
     <span class='ocr_line' id='line_1_17' title="bbox 259 3251 1322 3326; baseline 0 -20"><span class='ocrx_word' id='word_1_118' title='bbox 259 3251 396 3324; x_wconf 88' lang='lat' dir='ltr'><strong>sinusque</strong></span> <span class='ocrx_word' id='word_1_119' title='bbox 428 3251 559 3322; x_wconf 79' lang='lat' dir='ltr'><strong>occulti),</strong></span> <span class='ocrx_word' id='word_1_120' title='bbox 593 3268 765 3324; x_wconf 79' lang='lat' dir='ltr'><strong>quacunque</strong></span> <span class='ocrx_word' id='word_1_121' title='bbox 797 3253 868 3324; x_wconf 76' lang='lat' dir='ltr'><strong>apte&#39;</strong></span> <span class='ocrx_word' id='word_1_122' title='bbox 896 3260 1027 3325; x_wconf 86' lang='lat' dir='ltr'><strong>poterat,</strong></span> <span class='ocrx_word' id='word_1_123' title='bbox 1060 3251 1221 3326; x_wconf 81' lang='lat' dir='ltr'><strong>disposuit,</strong></span> <span class='ocrx_word' id='word_1_124' title='bbox 1255 3253 1322 3310; x_wconf 83' lang='lat' dir='ltr'><strong>alios</strong></span> 
     </span>
     <span class='ocr_line' id='line_1_18' title="bbox 259 3355 1321 3433; baseline 0.001 -22"><span class='ocrx_word' id='word_1_125' title='bbox 259 3373 319 3431; x_wconf 83' lang='lat' dir='ltr'><strong>prae</strong></span> <span class='ocrx_word' id='word_1_126' title='bbox 344 3372 376 3412; x_wconf 90' lang='lat' dir='ltr'><strong>se</strong></span> <span class='ocrx_word' id='word_1_127' title='bbox 397 3363 493 3412; x_wconf 86' lang='lat' dir='ltr'><strong>aetam</strong></span> <span class='ocrx_word' id='word_1_128' title='bbox 515 3356 644 3429; x_wconf 77' lang='lat' dir='ltr'><strong>praedam</strong></span> <span class='ocrx_word' id='word_1_129' title='bbox 675 3374 712 3413; x_wconf 87' lang='lat' dir='ltr'><strong>ex</strong></span> <span class='ocrx_word' id='word_1_130' title='bbox 733 3355 812 3429; x_wconf 89' lang='lat' dir='ltr'><strong>agris</strong></span> <span class='ocrx_word' id='word_1_131' title='bbox 840 3360 1017 3411; x_wconf 87' lang='lat' dir='ltr'><strong>ostentantes</strong></span> <span class='ocrx_word' id='word_1_132' title='bbox 1040 3355 1212 3428; x_wconf 79' lang='lat' dir='ltr'><strong>obequitare</strong></span> <span class='ocrx_word' id='word_1_133' title='bbox 1235 3359 1321 3433; x_wconf 83' lang='lat' dir='ltr'><strong>portis</strong></span> 
     </span>
     <span class='ocr_line' id='line_1_19' title="bbox 229 3457 1321 3533; baseline 0.002 -19"><span class='ocrx_word' id='word_1_134' title='bbox 229 3458 350 3515; x_wconf 79' lang='lat' dir='ltr'><strong>liussit.</strong></span> <span class='ocrx_word' id='word_1_135' title='bbox 396 3460 433 3515; x_wconf 93' lang='lat' dir='ltr'><strong>In</strong></span> <span class='ocrx_word' id='word_1_136' title='bbox 463 3477 551 3532; x_wconf 91' lang='lat' dir='ltr'><strong>quos,</strong></span> <span class='ocrx_word' id='word_1_137' title='bbox 581 3460 650 3533; x_wconf 90' lang='lat' dir='ltr'><strong>quia</strong></span> <span class='ocrx_word' id='word_1_138' title='bbox 670 3477 723 3516; x_wconf 83' lang='lat' dir='ltr'><strong>neo</strong></span> <span class='ocrx_word' id='word_1_139' title='bbox 752 3459 834 3516; x_wconf 87' lang='lat' dir='ltr'><strong>multi</strong></span> <span class='ocrx_word' id='word_1_140' title='bbox 867 3467 896 3514; x_wconf 92' lang='lat' dir='ltr'><strong>et</strong></span> <span class='ocrx_word' id='word_1_141' title='bbox 926 3457 1110 3532; x_wconf 77' lang='lat' dir='ltr'><strong>incompositi</strong></span> <span class='ocrx_word' id='word_1_142' title='bbox 1143 3461 1321 3519; x_wconf 88' lang='lat' dir='ltr'><strong>videbantur.</strong></span> 
     </span>
     <span class='ocr_line' id='line_1_20' title="bbox 259 3560 1320 3638; baseline 0 -20"><span class='ocrx_word' id='word_1_143' title='bbox 259 3580 348 3634; x_wconf 89' lang='lat' dir='ltr'><strong>quum</strong></span> <span class='ocrx_word' id='word_1_144' title='bbox 370 3573 467 3620; x_wconf 87' lang='lat' dir='ltr'><strong>turma</strong></span> <span class='ocrx_word' id='word_1_145' title='bbox 488 3564 616 3638; x_wconf 87' lang='lat' dir='ltr'><strong>equitum</strong></span> <span class='ocrx_word' id='word_1_146' title='bbox 640 3563 795 3638; x_wconf 83' lang='lat' dir='ltr'><strong>erupisset,</strong></span> <span class='ocrx_word' id='word_1_147' title='bbox 821 3563 858 3618; x_wconf 91' lang='lat' dir='ltr'><strong>ab</strong></span> <span class='ocrx_word' id='word_1_148' title='bbox 886 3560 1053 3618; x_wconf 77' lang='lat' dir='ltr'><strong>cedentibus</strong></span> <span class='ocrx_word' id='word_1_149' title='bbox 1075 3565 1208 3622; x_wconf 85' lang='lat' dir='ltr'><strong>consulto</strong></span> <span class='ocrx_word' id='word_1_150' title='bbox 1232 3575 1320 3622; x_wconf 81' lang='lat' dir='ltr'><strong>tracta</strong></span> 
     </span>
     <span class='ocr_line' id='line_1_21' title="bbox 228 3664 1320 3739; baseline 0.004 -19"><span class='ocrx_word' id='word_1_151' title='bbox 228 3664 288 3721; x_wconf 87' lang='lat' dir='ltr'><strong>8in</strong></span> <span class='ocrx_word' id='word_1_152' title='bbox 309 3667 428 3724; x_wconf 86' lang='lat' dir='ltr'><strong>insidias</strong></span> <span class='ocrx_word' id='word_1_153' title='bbox 451 3668 647 3726; x_wconf 82' lang='lat' dir='ltr'><strong>circumventa</strong></span> <span class='ocrx_word' id='word_1_154' title='bbox 668 3675 726 3735; x_wconf 91' lang='lat' dir='ltr'><strong>est;</strong></span> <span class='ocrx_word' id='word_1_155' title='bbox 756 3684 809 3723; x_wconf 87' lang='lat' dir='ltr'><strong>nae</strong></span> <span class='ocrx_word' id='word_1_156' title='bbox 831 3665 972 3722; x_wconf 89' lang='lat' dir='ltr'><strong>evasisset</strong></span> <span class='ocrx_word' id='word_1_157' title='bbox 993 3665 1158 3739; x_wconf 86' lang='lat' dir='ltr'><strong>quisquam,</strong></span> <span class='ocrx_word' id='word_1_158' title='bbox 1187 3669 1215 3726; x_wconf 91' lang='lat' dir='ltr'><strong>ni</strong></span> <span class='ocrx_word' id='word_1_159' title='bbox 1245 3689 1320 3726; x_wconf 90' lang='lat' dir='ltr'><strong>mare</strong></span> 
     </span>
     <span class='ocr_line' id='line_1_22' title="bbox 256 3770 1319 3848; baseline 0.002 -21"><span class='ocrx_word' id='word_1_160' title='bbox 256 3773 451 3847; x_wconf 89' lang='lat' dir='ltr'><strong>propinquum</strong></span> <span class='ocrx_word' id='word_1_161' title='bbox 481 3782 509 3830; x_wconf 89' lang='lat' dir='ltr'><strong>et</strong></span> <span class='ocrx_word' id='word_1_162' title='bbox 530 3773 610 3830; x_wconf 90' lang='lat' dir='ltr'><strong>haud</strong></span> <span class='ocrx_word' id='word_1_163' title='bbox 630 3771 731 3847; x_wconf 78' lang='lat' dir='ltr'><strong>procul</strong></span> <span class='ocrx_word' id='word_1_164' title='bbox 759 3771 844 3827; x_wconf 84' lang='lat' dir='ltr'><strong>litore</strong></span> <span class='ocrx_word' id='word_1_165' title='bbox 874 3786 965 3826; x_wconf 85' lang='lat' dir='ltr'><strong>naves</strong></span> <span class='ocrx_word' id='word_1_166' title='bbox 992 3770 1158 3844; x_wconf 72' lang='lat' dir='ltr'><strong>piscatorias</strong></span> <span class='ocrx_word' id='word_1_167' title='bbox 1179 3773 1319 3848; x_wconf 81' lang='lat' dir='ltr'><strong>pleraeque</strong></span> 
     </span>
     <span class='ocr_line' id='line_1_23' title="bbox 226 3873 1316 3953; baseline 0.004 -23"><span class='ocrx_word' id='word_1_168' title='bbox 226 3876 419 3953; x_wconf 69' lang='lat' dir='ltr'><strong>boonspactoe</strong></span> <span class='ocrx_word' id='word_1_169' title='bbox 440 3878 539 3953; x_wconf 86' lang='lat' dir='ltr'><strong>peritis</strong></span> <span class='ocrx_word' id='word_1_170' title='bbox 560 3876 650 3933; x_wconf 89' lang='lat' dir='ltr'><strong>nandi</strong></span> <span class='ocrx_word' id='word_1_171' title='bbox 671 3875 818 3932; x_wconf 87' lang='lat' dir='ltr'><strong>dedissent</strong></span> <span class='ocrx_word' id='word_1_172' title='bbox 832 3873 978 3949; x_wconf 83' lang='lat' dir='ltr'><strong>effugium.</strong></span> <span class='ocrx_word' id='word_1_173' title='bbox 1022 3874 1147 3948; x_wconf 88' lang='lat' dir='ltr'><strong>Aliquot</strong></span> <span class='ocrx_word' id='word_1_174' title='bbox 1168 3885 1264 3934; x_wconf 85' lang='lat' dir='ltr'><strong>tamen</strong></span> <span class='ocrx_word' id='word_1_175' title='bbox 1285 3897 1316 3933; x_wconf 89' lang='lat' dir='ltr'><strong>eo</strong></span> 
     </span>
     <span class='ocr_line' id='line_1_24' title="bbox 255 3977 1317 4056; baseline 0.001 -18"><span class='ocrx_word' id='word_1_176' title='bbox 255 3981 358 4055; x_wconf 74' lang='lat' dir='ltr'><strong>proelio</strong></span> <span class='ocrx_word' id='word_1_177' title='bbox 389 3982 501 4038; x_wconf 87' lang='lat' dir='ltr'><strong>nobiles</strong></span> <span class='ocrx_word' id='word_1_178' title='bbox 521 3982 640 4038; x_wconf 88' lang='lat' dir='ltr'><strong>iuvenes</strong></span> <span class='ocrx_word' id='word_1_179' title='bbox 665 3978 743 4053; x_wconf 82' lang='lat' dir='ltr'><strong>eapti</strong></span> <span class='ocrx_word' id='word_1_180' title='bbox 775 3979 908 4052; x_wconf 77' lang='lat' dir='ltr'><strong>caesique,</strong></span> <span class='ocrx_word' id='word_1_181' title='bbox 943 3977 1018 4034; x_wconf 86' lang='lat' dir='ltr'><strong>inter</strong></span> <span class='ocrx_word' id='word_1_182' title='bbox 1044 3997 1118 4052; x_wconf 90' lang='lat' dir='ltr'><strong>quos</strong></span> <span class='ocrx_word' id='word_1_183' title='bbox 1144 3991 1173 4038; x_wconf 85' lang='lat' dir='ltr'><strong>et</strong></span> <span class='ocrx_word' id='word_1_184' title='bbox 1196 3983 1317 4056; x_wconf 84' lang='lat' dir='ltr'><strong>Hegeas,</strong></span> 
     </span>
    </p>
   </div>
   <div class='ocr_carea' id='block_1_5' title="bbox 0 0 1356 4552">
    <p class='ocr_par' dir='ltr' id='par_1_5' title="bbox 0 0 1356 4552">
     <span class='ocr_line' id='line_1_25' title="bbox 0 0 1356 4552; baseline 0 6"><span class='ocrx_word' id='word_1_185' title='bbox 0 0 1356 4552; x_wconf 95' lang='lat' dir='ltr'><strong> </strong></span> 
     </span>
    </p>
   </div>
  </div>
 </body>
</html>
