2748 4556
311 247 369 304 268
581 243 659 294 Liber
675 241 761 293 XXX.
803 243 847 306 (Δ.
861 257 886 292 u
902 259 924 294 c.
938 241 1009 305 55³.)

271 429 357 486 adid
378 428 470 504 ipsum
495 429 532 486 ab
558 427 678 486 Aurelio
704 447 741 486 ex
765 427 954 498 Macedonia,
989 428 1140 496 disseruit,
1177 429 1314 488 Aurelium

270 535 408 603 relictum,
429 553 464 592 ne
488 535 557 592 socii
578 533 678 610 populi
693 535 818 592 Romani
838 533 906 591 fessi
931 533 1170 609 populationibus
1189 535 1219 590 vi
1239 545 1315 608 atque

270 641 374 698 iniuria
396 642 432 699 ad
455 659 550 716 regem
574 641 739 708 deficerent3
773 641 875 697 fluibus
904 639 1047 696 sociorum
1071 659 1131 696 non
1154 641 1316 699 excessisse:

242 747 383 807 ddedisse
408 766 543 823 operam,
582 766 618 804 ue
652 747 768 822 impune
807 747 837 803 in
877 764 964 820 agros
1003 765 1104 803 eorum
1142 747 1315 822 populatores

272 853 513 910 transcenderent.
566 852 722 928 Sopatrum
750 873 787 911 ex
813 853 979 929 purpuratis
1000 863 1030 909 et
1057 853 1233 928 propinquis
1252 854 1318 927 regis

272 975 350 1028 esse;
388 977 452 1015 eum
487 979 550 1017 cum
587 969 724 1034 quattuor
758 960 883 1016 millibus
914 959 1110 1015 Macedonum
1146 969 1177 1015 et
1209 960 1319 1033 pecunia

272 1067 388 1124 missum
411 1085 503 1141 nuper
523 1068 552 1124 in
567 1065 698 1124 Africum
723 1083 785 1121 asse
807 1064 965 1122 Hannibali
988 1075 1017 1121 et
1040 1063 1321 1140 Carthaginiensibus

243 1173 390 1233 lauxilio.
438 1175 485 1231 De
512 1173 557 1229 his
585 1171 671 1228 rebus
691 1171 861 1244 interrogati
882 1171 1057 1228 Macedones
1080 1190 1174 1245 quum
1198 1172 1320 1247 perplexe

272 1280 484 1355 responderent,
503 1279 559 1354 ipsi
580 1297 632 1334 uon
652 1295 752 1351 auceps
775 1294 944 1350 responsum
965 1277 1104 1347 tulerunt,
1129 1279 1237 1337 bellum
1250 1298 1318 1353 que-

243 1387 334 1444 srere
354 1405 450 1462 regem
473 1396 517 1455 et,
545 1384 570 1440 si
591 1392 708 1460 pergat,
737 1383 903 1458 propediem
923 1382 1120 1440 inventurum.
1173 1385 1321 1460 Dupliciter

272 1493 309 1548 ab
328 1511 364 1548 eo
387 1491 480 1548 fredus
501 1489 659 1568 violatum,
683 1497 711 1545 et
733 1489 811 1562 quod
832 1489 917 1545 sociis
939 1489 1038 1564 populi
1060 1491 1196 1547 Romani
1218 1491 1319 1548 iniurias

271 1596 370 1653 iecerit
396 1613 430 1652 ao
451 1596 527 1653 bello
548 1595 693 1669 armisque
713 1594 905 1665 lacessiverit,
941 1604 970 1652 et
993 1597 1073 1670 quod
1094 1598 1201 1653 hostes
1223 1596 1320 1653 snxssiis

242 1703 300 1758 9et
332 1701 455 1775 pecunia
486 1701 599 1760 iuverit.
647 1701 686 1757 Et
718 1701 753 1756 P.
790 1699 952 1775 Scipionem
989 1711 1069 1758 recte
1112 1713 1207 1777 atque
1237 1703 1322 1760 ordine

272 1803 374 1870 iecisse
394 1806 485 1862 videri
507 1815 535 1862 et
556 1805 669 1874 facere,
699 1807 776 1880 quod
801 1824 868 1876 eos,
891 1807 939 1880 qui
961 1825 1043 1863 arma
1066 1818 1176 1865 contra
1198 1808 1322 1884 populum

272 1913 435 1969 Romanum
468 1911 592 1969 ferentes
627 1913 705 1987 capti
743 1912 815 1982 sint,
846 1912 971 1969 hostium
1005 1931 1131 1970 numero
1170 1915 1202 1971 in
1235 1913 1323 1971 vinclis

225 2017 394 2086 ltlhabeat,
426 2026 454 2074 et
482 2018 523 2076 M.
547 2017 696 2075 Aurelium
727 2037 743 2074 e
772 2037 803 2074 re
824 2017 939 2093 publica
959 2016 1073 2088 fucere,
1106 2030 1283 2096 gratumque
1299 2020 1323 2074 id

272 2123 383 2179 senatui
406 2141 478 2192 esse,
500 2124 577 2197 quod
600 2123 695 2180 socios
715 2123 815 2198 populi
830 2122 963 2192 Romani,
986 2124 1105 2196 quando
1129 2126 1196 2184 iure
1221 2127 1323 2184 foederis

271 2249 327 2286 non
349 2229 449 2306 possit,
470 2229 558 2286 armis
579 2238 702 2288 tueatur.

223 2338 255 2392 il
354 2334 427 2393 Cum
450 2336 505 2391 hoc
526 2344 585 2392 tam
607 2335 681 2391 tristi
702 2352 842 2409 responso
857 2333 981 2390 dimissis
997 2334 1226 2404 Macedonibus,
1248 2335 1322 2411 legati

272 2437 525 2515 Carthaginienses
563 2441 669 2496 vocati.
730 2440 860 2513 Quorum
906 2439 1038 2496 aetatibus
1082 2440 1323 2516 dignitatibusque

272 2545 431 2620 conspectis
454 2545 533 2620 (nam
554 2545 640 2619 longe
661 2545 745 2619 primi
766 2545 891 2602 civitatis
913 2544 1017 2620 erant),
1039 2555 1100 2602 tum
1116 2565 1174 2620 pro
1198 2565 1232 2604 ss
1254 2549 1323 2622 qnis-

224 2655 327 2724 12que
354 2650 448 2708 dicere
476 2668 544 2707 vere
573 2651 609 2707 de
637 2669 710 2726 pace
738 2650 795 2725 agi.
840 2649 967 2724 Insignis
990 2661 1088 2707 tamen
1115 2651 1195 2709 inter
1223 2663 1324 2710 ceteros

272 2757 439 2814 Hasdrubal
469 2767 532 2814 erat
561 2758 696 2830 (Haedum
730 2756 885 2831 populares
914 2757 1085 2830 cognomine
1119 2757 1324 2833 appellabant),

221 2865 258 2919 ts
271 2862 350 2937 pacis
378 2880 491 2937 semper
517 2872 618 2919 auctor
649 2862 845 2936 adversusque
871 2862 1003 2919 Barcina
1022 2864 1151 2936 suenoni.
1202 2865 1250 2922 Eo
1271 2875 1324 2920 turn

271 2967 335 3042 plus
356 2966 397 3024 illi
421 2968 601 3026 auctoritatis
623 2967 677 3026 fuit
698 2967 765 3024 belli
790 2969 903 3043 culpam
922 2968 951 3024 in
969 2987 1128 3043 paucorum
1141 2970 1323 3044 cupiditatem
1371 2949 1372 2988 ³

224 3078 258 3132 tt
272 3075 309 3130 ab
340 3092 372 3130 re
398 3073 513 3148 publica
539 3073 729 3131 transferenti.
777 3073 834 3146 Qui
867 3092 954 3147 quum
984 3074 1068 3130 varia
1098 3075 1234 3132 oratione
1262 3093 1325 3132 usus

273 3191 363 3248 esset,
398 3197 473 3236 nuno
500 3179 651 3253 purgando
678 3178 811 3245 crimina,
848 3196 923 3234 nunc
954 3179 1086 3252 quiedam
1123 3179 1262 3249 fatendo,
1294 3200 1326 3236 ne

272 3284 451 3360 impudenter
482 3295 560 3342 certa
601 3283 771 3359 negantibus
810 3281 953 3340 difficilior
987 3283 1072 3340 venia
1113 3297 1208 3356 esset,
1255 3304 1325 3342 nunc

273 3391 414 3448 monendo
437 3391 522 3448 etiam
544 3399 641 3466 patres
663 3385 854 3462 conscriptos,
882 3398 912 3444 ut
933 3391 1019 3446 rebus
1041 3389 1175 3447 secundis
1199 3391 1324 3448 modeste

225 3501 258 3554 15
272 3515 306 3553 ac
328 3497 477 3554 moderate
498 3505 657 3564 uterentur;
679 3495 703 3551 si
724 3511 755 3550 se
779 3504 867 3567 atque
887 3494 1060 3552 Hannonem
1084 3496 1236 3554 audissent
1257 3496 1322 3555 Car·

271 3602 463 3676 thuginienses
491 3611 519 3658 et
544 3611 673 3675 tempore
704 3599 744 3656 nti
770 3599 943 3669 voluissent,
979 3600 1098 3656 daturos
1126 3600 1220 3659 finisse
1248 3603 1322 3678 pasis

272 3707 461 3777 condiciones,
484 3725 555 3782 quas
580 3716 647 3764 tunc
667 3713 813 3781 peterent;
840 3723 908 3762 raro
929 3705 1014 3762 simul
1033 3707 1200 3765 horninibus
1221 3709 1320 3766 bonsnt

224 3813 415 3873 ldfortunanr
450 3814 615 3887 bonamque
650 3821 772 3869 mentem
802 3811 882 3880 dari3
919 3810 1056 3886 populum
1092 3813 1261 3870 Romanum
1290 3832 1320 3869 eo

271 3918 406 3974 invictum
436 3935 515 3987 esse,
554 3919 631 3991 quod
662 3919 691 3974 in
724 3917 856 3976 secundis
885 3917 971 3973 rebus
1001 3934 1106 3991 sapere
1127 3930 1156 3984 et
1178 3921 1319 3978 consulere
1368 3987 1369 4008 χ

223 4027 256 4078 tr
272 4020 443 4087 meminerit;
475 4029 503 4075 et
530 4020 645 4076 hercule
672 4023 833 4080 mirandum
856 4021 960 4092 fuisse,
987 4023 1012 4079 si
1033 4022 1117 4080 aliter
1138 4023 1264 4094 faceret;
1288 4044 1318 4082 ex
