2678 4560
348 283 401 338 140
595 276 673 326 Liber
689 275 816 327 xxvm.
853 276 901 340 (Α.
916 290 941 324 ιι.
956 290 979 328 c.
990 274 1061 334 548.)

302 462 507 534 consisterent,
535 472 563 518 et
583 479 658 518 nuuc
680 461 832 535 equestria,
853 479 929 518 nunc
949 477 1015 517 cum
1038 459 1179 516 velitibus
1194 458 1328 534 auxiliisq

272 568 430 644 6peditnm
466 567 569 645 proelia
602 574 801 637 consererent,
833 577 1062 642 supervenerunt
1094 566 1243 642 legiones.
1303 566 1328 622 lu

303 693 361 732 non
382 673 440 731 iam
463 692 571 750 pugna,
592 673 643 732 sed
664 671 817 732 trucidatio
839 673 917 729 velut
938 692 1078 749 pecorum
1102 673 1180 744 lieri,
1203 673 1299 730 donec
1312 672 1328 748 ip

303 780 361 838 dux
388 780 465 856 fugae
494 789 595 838 auctor
621 779 651 837 in
678 779 828 855 proximos
855 780 942 837 colles
965 799 1029 837 cum
1052 798 1108 836 sex
1127 779 1266 836 millibus
1288 778 1328 834 fen

273 887 485 944 isemermium
507 886 615 956 evasit3
650 885 736 944 ceteri
764 887 830 944 caesi
858 885 1002 962 captique.
1049 883 1164 944 Castra
1187 887 1328 944 tumultun

303 993 409 1067 raptim
436 993 521 1050 Poeni
547 993 657 1050 tumulo
690 993 847 1051 editissimo
874 991 1146 1064 communiverunt,
1184 1004 1277 1069 atque
1302 995 1328 1052 iu

304 1116 392 1172 quum
414 1097 506 1154 hostis
527 1098 717 1174 nequicquam
740 1099 837 1156 subire
857 1100 956 1175 iniquo
979 1098 1126 1156 adscensu
1151 1110 1280 1158 conatus
1293 1121 1328 1158 ess

273 1201 382 1261 8haud
413 1202 566 1262 difficulter
595 1222 658 1262 sese
689 1205 775 1262 tutati
804 1215 879 1264 aunt.
929 1204 987 1264 Sed
1011 1204 1130 1262 obsidio
1154 1203 1188 1264 in
1210 1207 1278 1264 loco
1299 1227 1328 1264 nu

300 1315 395 1384 ‘atque
425 1309 506 1385 inopi
536 1309 587 1366 vix
609 1309 639 1365 in
660 1327 769 1384 paucos
791 1312 853 1370 dies
874 1311 1033 1370 tolerabilis
1054 1319 1137 1380 erat;
1161 1313 1266 1389 itaque
1285 1323 1328 1388 trau

304 1416 408 1474 itiones
453 1414 489 1472 ad
530 1417 643 1472 hostem
680 1416 797 1478 fiebant.
856 1420 1010 1476 Postremo
1047 1416 1111 1473 dux
1141 1421 1220 1496 ipse,
1258 1421 1328 1476 nanb

305 1521 404 1580 accitis
432 1523 496 1594 (nec
523 1519 624 1596 procul
647 1521 748 1578 eberat
770 1523 870 1596 mare),
891 1532 976 1579 nocte
993 1522 1097 1578 relicto
1121 1526 1258 1583 exercitu
1277 1523 1328 1614 δή

275 1627 440 1705 9perfngit.
488 1627 600 1702 Scipio,
635 1625 707 1701 fuga
738 1628 819 1685 ducis
846 1628 970 1686 hostium
998 1628 1119 1697 audita,
1158 1629 1262 1686 decem
1290 1631 1328 1677 ιιΙ

306 1736 443 1812 peditum,
458 1734 535 1792 mille
554 1733 664 1807 equites
679 1731 813 1805 relinquit
827 1732 927 1791 Silano
942 1734 980 1790 ad
994 1744 1166 1791 castrorum
1184 1733 1306 1790 obsidio

259 1841 293 1895 lc
307 1844 369 1918 ipse
390 1860 454 1898 cum
476 1838 577 1898 ceteris
609 1837 700 1912 copiis
722 1838 940 1914 septuagesimis
961 1840 1086 1910 castris,
1123 1840 1288 1915 protinus
1317 1837 1318 1840 ’

306 1948 470 2023 regulorum
501 1945 717 2019 civitatiumque
746 1945 968 2019 cognoscendis,
1001 1955 1034 2002 ut
1061 1946 1193 2021 praemia
1223 1947 1259 2002 ad

307 2054 472 2112 meritorum
500 2051 718 2108 estimationem
756 2049 843 2106 tribui
871 2061 1007 2126 possent,
1044 2053 1254 2109 Tarraconem
1288 2056 1309 2097 ι’

259 2159 291 2213 ll
307 2161 381 2217 Post
401 2156 606 2233 profectionem
630 2157 690 2214 eius
712 2156 868 2213 Masinissa
889 2175 953 2213 cum
972 2157 1074 2216 Silano
1099 2156 1179 2214 clam
1199 2175 1266 2230 con
1281 2190 1299 2203 »

308 2273 340 2322 ut
362 2265 399 2322 ad
421 2282 499 2321 nova
520 2263 640 2320 consilia
660 2270 774 2337 gentem
797 2281 912 2338 quoque
934 2282 1016 2320 suam
1040 2263 1231 2320 obedientem
1248 2263 1312 2318 bac-e

260 2369 295 2424 12
310 2390 373 2428 cum
397 2369 497 2444 paucis
520 2369 708 2444 popularibus
730 2367 760 2423 iu
781 2368 913 2426 Africam
937 2371 1060 2438 traiecit,
1083 2386 1147 2426 non
1170 2377 1230 2424 tem
1250 2363 1293 2422 e'·'

310 2498 339 2534 eo
370 2486 500 2550 tempore
528 2474 629 2530 subitae
658 2474 824 2532 mutationis
858 2493 965 2546 causa,
1001 2493 1092 2550 quam
1115 2475 1273 2532 documento

308 2583 337 2640 id
363 2591 477 2655 tempus
500 2579 737 2636 constantissimae
758 2579 796 2636 ad
817 2579 947 2636 ultimam
968 2590 1119 2638 senectam
1143 2580 1227 2648 fidei,
1252 2597 1293 2633 ne

261 2685 424 2764 tequidem
450 2705 514 2744 eum
535 2685 597 2742 siue
612 2684 756 2760 probabili
773 2701 862 2742 causa
879 2684 989 2742 fecisse.
1035 2686 1142 2761 Mago,
1167 2686 1230 2742 inde
1259 2676 1310 2731 „:'<.

310 2797 347 2853 ab
372 2773 557 2853 Hasdrubale
578 2792 710 2862 navibus,
725 2790 825 2849 Gades
843 2791 928 2866 petit3
951 2790 1039 2848 ceteri
1060 2790 1174 2848 deserti
1192 2793 1226 2848 ab
1242 2791 1266 2845 dn

309 2919 379 2977 pars
413 2897 597 2966 transitione,
625 2917 697 2974 pora
723 2895 794 2972 iuga
825 2897 955 2972 dissipati
983 2916 1037 2972 per
1062 2898 1217 2972 proximas
1238 2895 1275 2952 c²

311 3016 386 3078 sunt,
409 3006 487 3062 nulla
508 3023 628 3061 numero
651 3012 701 3061 aut
720 3004 830 3061 viribus
852 3022 954 3060 manus
974 3002 1110 3078 insignis.

263 3117 297 3171 14
393 3113 460 3170 Hoc
494 3111 620 3167 maxime
654 3110 740 3166 modo
768 3110 855 3167 ductu
890 3117 978 3185 atque
1004 3109 1139 3184 auspicio
1168 3109 1201 3169 P.

311 3218 386 3295 pulsi
406 3216 551 3292 Hispania
575 3214 826 3290 Carthaginienses
848 3226 923 3285 sunt,
946 3223 1052 3289 quarto
1074 3215 1188 3272 decimo
1207 3231 1270 3278 anno,

311 3325 416 3382 bellum
445 3323 563 3394 initum,
597 3321 706 3395 quinto,
736 3337 822 3393 quam
849 3319 884 3376 P.
911 3317 1008 3394 Scipio
1036 3321 1214 3395 provinciam
1229 3329 1246 3372 et
1260 3334 1277 3359 ι·-

265 3434 298 3487 15
312 3431 399 3487 citum
422 3429 541 3503 accepit.
591 3427 680 3485 Haud
704 3425 793 3484 multo
815 3433 883 3500 post
906 3424 1023 3483 Silanus
1047 3425 1213 3483 debellatum
1230 3419 1274 3478 rei·

219 3532 258 3601 l'l
313 3537 510 3593 Tarraconem
552 3535 590 3591 ad
629 3532 793 3608 Scipionem
826 3530 918 3588 rediit.
969 3531 1004 3589 L.
1039 3527 1140 3606 Scipio
1176 3549 1224 3587 cun

314 3641 456 3698 nobilibus
478 3640 599 3716 captivis
620 3637 736 3696 nuntius
751 3646 873 3712 receptae
887 3635 1039 3711 Hispaniae
1053 3637 1176 3694 Romam
1194 3645 1223 3691 est
1233 3629 1253 3685 n'

284 3745 372 3805 asso
409 3763 496 3819 quum
528 3745 615 3803 ceteri
647 3743 746 3800 laetitia
778 3742 929 3817 gloriaque
955 3741 1067 3815 ingenti
1096 3761 1158 3800 eam
1186 3759 1227 3798 ren
1257 3758 1258 3763 ’

315 3851 431 3921 ferrent,
453 3868 534 3920 unus,
556 3849 605 3924 qui
625 3859 763 3925 gesserat,
784 3845 966 3924 inexplebilis
987 3847 1103 3903 virtutis
1123 3859 1227 3916 veraque
1243 3858 1263 3879 ³

317 3974 438 4029 parvum
459 3955 551 4010 instar
571 3974 688 4024 eorum,
720 3972 784 4027 quae
812 3973 863 4028 spe
885 3971 919 4010 ac
941 3952 1139 4027 magnitudine
1158 3946 1220 4006 animi
1243 3966 1257 3985 ι

288 4058 416 4130 dpisset,
439 4065 569 4130 receptas
592 4058 750 4133 Hispanias
772 4059 904 4117 ducebat.
950 4058 1016 4114 Iam
1033 4057 1161 4116 Africam
1171 4053 1267 4124 nanu
