2748 4556
293 263 352 321 aas
579 255 657 308 teter
671 255 759 308 m.
797 255 841 317 (Α
853 269 879 308 ι.
891 269 915 308 e
926 254 998 316 ιιι.)

250 445 362 502 docimo
385 443 475 502 ferme
497 441 574 500 die
565 459 594 498 ιιι
617 391 787 498 Numidiam
810 439 1021 514 pervenissent,
1044 437 1186 506 Maesulii,
1208 451 1373 511 ιιςιιιιιι
1363 414 1364 455 3

251 559 401 624 paternum
424 546 597 616 Masiuiaen,
626 545 683 604 leti
706 553 738 602 ut
759 543 797 602 ad
819 559 916 618 regem
946 543 995 600 diu
1027 542 1231 600 desideratum
1259 559 1322 598 eou-

220 661 374 716 deessem.
407 652 539 728 Syphax,
562 650 653 726 pulsis
671 650 740 708 inde
753 645 897 724 praefectis
912 647 1120 723 praesidiisque
1136 647 1211 715 suis,
1232 655 1323 704 amere
1363 636 1369 731 i

221 767 282 819 3ae
303 758 469 818 continebat
491 775 592 831 reguo,
613 755 781 830 neutiquam
804 754 962 830 quieturus.
1010 751 1199 811 Stimulabat
1220 769 1322 828 aegrum
1364 734 1369 809 ἶ

251 883 351 922 amore
373 881 448 920 uxor
468 879 626 937 socerque,
662 871 690 920 et
721 861 763 918 ita
789 858 859 918 viris
893 857 1035 932 equisque
1069 857 1262 926 abundabat,
1296 869 1321 912 ut
1368 868 1370 893 ¹

251 968 386 1026 subiectae
411 967 502 1025 oculis
523 967 605 1042 regui
633 985 687 1042 par
706 965 823 1022 *multos
852 963 983 1022 florentis
1012 981 1110 1018 anuos
1138 963 1220 1020 vires
1241 963 1321 1020 etiam

250 1075 344 1131 minus
365 1073 494 1130 barbaro
519 1080 608 1146 atque
629 1070 780 1146 impotenti
802 1069 900 1126 animo
922 1069 1201 1144 spiritus'posseut
1222 1068 1319 1126 facem.

220 1179 345 1254 digitur
365 1177 509 1246 omuibus,
532 1176 582 1251 qui
604 1175 680 1234 bello
703 1175 765 1250 apti
788 1183 886 1244 eraut,
916 1175 945 1232 iu
975 1193 1066 1232 unum
1089 1174 1207 1231 coactis
1229 1192 1322 1248 equos.

251 1301 350 1342 arma,
382 1281 441 1338 tela
464 1281 581 1362 dividit3
614 1281 725 1357 equites
751 1280 780 1336 in
813 1289 941 1350 turmas,
976 1280 1090 1354 pedites
1124 1282 1153 1336 ia
1182 1280 1320 1336 cobortes

251 1388 324 1444 sicut
345 1386 493 1460 quondam
515 1388 553 1444 ab
575 1387 716 1446 Romanis
740 1385 957 1444 centurionibus
979 1385 1140 1450 didicerat,
1169 1383 1321 1440 distribuit

221 1492 387 1550 5Exercitu
411 1491 488 1548 haud
511 1492 636 1556 minore,
660 1509 748 1567 quem
778 1507 863 1563 quem
894 1491 975 1564 prius
1003 1491 1168 1558 habuerat,
1200 1499 1318 1546 ceterum

220 1597 328 1654 domui
350 1615 442 1671 prope
473 1614 550 1652 novo
573 1605 662 1670 atque
683 1595 848 1664 incondito,
874 1595 917 1652 ire
940 1596 977 1652 ad
1000 1596 1100 1652 hostes
1123 1595 1234 1668 pergit.
1288 1595 1321 1651 u

250 1701 352 1758 castris
384 1701 413 1758 iu
449 1702 613 1776 propinquo
645 1701 764 1775 positis,
802 1699 896 1775 primo
926 1699 1012 1773 pauci
1048 1699 1163 1772 equites
1194 1717 1234 1756 ex
1265 1709 1319 1754 tuto
1372 1768 1373 1791 1

250 1805 431 1881 speculantes
465 1806 502 1862 ab
537 1805 710 1864 stationibus
748 1804 903 1882 progredi,
935 1803 1001 1861 dein
1038 1802 1143 1860 iaculis
1186 1803 1319 1860 summoti

250 1929 397 1968 recurrere
420 1909 457 1966 ad
480 1927 565 1978 suos;
594 1911 661 1968 inde
685 1911 871 1968 excursiones
892 1909 922 1966 iu
942 1909 1035 1966 vicem
1055 1909 1137 1978 tisri,
1170 1919 1200 1966 et
1239 1927 1317 1984 quum

221 2017 349 2092 7pulaoa
370 2014 531 2089 indignatio
555 2015 732 2086 accenderet,
753 2017 849 2091 plures
870 2014 983 2082 subire,
1007 2014 1087 2088 quod
1107 2014 1317 2072 irritamentum

250 2122 438 2180 certaminum
469 2119 643 2193 equestrium
674 2128 726 2188 est,
758 2137 845 2193 quum
878 2128 929 2176 aut
956 2119 1137 2177 vincentibus
1168 2136 1239 2192 spes
1276 2131 1317 2174 aut

221 2227 341 2303 8pulsia
362 2226 407 2282 ira
430 2231 571 2300 aggregat
589 2239 666 2279 suos.
718 2224 766 2280 Ita
795 2233 854 2282 tum
887 2243 906 2280 ι
930 2225 1032 2299 paucis
1059 2222 1165 2298 prmlio
1189 2241 1317 2281 accenso.

251 2349 365 2388 omnem
410 2328 543 2402 utrinque
585 2336 733 2401 postremo
780 2328 940 2403 equitatum
983 2329 1151 2386 certaminis
1193 2329 1315 2386 studium

251 2436 380 2493 effundit.
430 2434 477 2491 Ac
496 2431 564 2490 dum
587 2431 730 2490 sincerum
753 2443 885 2508 equestre
907 2433 1039 2509 proelium
1066 2441 1139 2502 erat,
1163 2433 1315 2491 multitudo

251 2537 496 2606 Mesesuliorum,
520 2536 649 2612 iugentia
679 2540 796 2614 agmina
820 2539 955 2616 Syphace
984 2538 1147 2608 emittente,
1182 2537 1312 2596 sustiueri

220 2645 299 2702 9vix
321 2652 453 2718 poteram
480 2642 583 2700 deinde
605 2652 637 2700 ut
665 2645 754 2718 pedes
775 2647 925 2703 Romanus
947 2644 1098 2718 repentino
1127 2661 1183 2716 per
1210 2651 1314 2700 turmas

250 2768 318 2806 suaa
340 2748 417 2805 viam
447 2746 549 2804 dautes
571 2747 732 2806 intercursu
763 2749 895 2808 stabilem
926 2751 1017 2806 aciem
1049 2747 1118 2808 fecit
1149 2748 1312 2806 absterruit-

251 2875 307 2930 que
349 2852 440 2912 effuse
474 2851 656 2909 invehentem
694 2871 758 2910 sese
794 2855 923 2924 hostem,
966 2855 1060 2930 primo
1097 2855 1218 2912 barbari
1255 2869 1310 2925 seg·

201 2963 236 3014 te
250 2961 313 3016 nius
345 2957 509 3034 permittere
534 2975 641 3032 equos,
677 2958 742 3015 dein
780 2969 858 3016 stare
893 2977 927 3017 ao
962 2977 1054 3034 prope
1092 2959 1206 3018 turbari
1242 2976 1309 3015 novo

249 3083 354 3140 genere
378 3080 499 3140 pugnae,
531 3071 679 3137 postremo
709 3081 767 3122 non
799 3064 888 3138 pediti
918 3065 1011 3122 solum
1045 3061 1166 3129 cedere,
1201 3065 1250 3122 sed
1280 3083 1308 3119 ur

202 3172 231 3224 11
250 3170 374 3242 equitem
402 3166 517 3242 quidem
549 3168 706 3238 sustinere,
737 3169 841 3245 peditis
868 3169 1002 3244 praesidio
1030 3170 1196 3232 audentem.
1254 3171 1306 3226 Iam

249 3275 334 3350 sigua
354 3290 470 3347 quoque
498 3272 648 3347 iegiouum
673 3274 957 3349 appropinquabant.
1015 3276 1091 3332 Tum
1115 3293 1189 3334 vero
1212 3277 1306 3334 Mus·

251 3379 315 3436 sulii
339 3397 396 3436 nou
420 3376 507 3434 modo
529 3376 652 3451 primum
676 3379 831 3454 impetum,
858 3379 910 3436 aed
931 3397 967 3436 na
990 3388 1179 3454 conspectum
1203 3380 1305 3454 quiden

250 3486 397 3558 signorum
443 3489 531 3555 atque
573 3499 719 3539 armorum
757 3483 896 3551 tuleruut3
938 3491 1049 3540 tantum
1087 3502 1138 3541 seu
1177 3485 1307 3544 memoria

157 3579 196 3648 12
251 3588 378 3664 ριίοιιιιιι
403 3585 527 3644 cladium
553 3603 603 3644 asu
626 3605 752 3662 praesens
774 3597 868 3646 terror
887 3589 988 3646 valuit.
1024 3589 1070 3646 Ibi
1093 3588 1228 3665 Syphax.
1250 3591 1305 3646 dou
1366 3630 1369 3657 ,

251 3692 401 3766 obequitat
422 3691 547 3748 hostium
571 3693 691 3761 turmis,
719 3694 743 3750 si
771 3695 897 3769 pudore,
928 3694 952 3750 si
974 3694 1104 3769 periculo
1134 3712 1189 3753 suo
1219 3695 1305 3769 fugam

220 3797 351 3856 2sistere
373 3805 488 3872 posset,
520 3813 596 3870 equo
621 3797 750 3871 graviter·
772 3799 830 3856 icto
852 3797 961 3856 effosus
984 3799 1160 3874 opprimitur
1190 3801 1305 3875 capitur·

251 3923 317 3977 que,
340 3914 368 3959 et
389 3902 483 3967 rivus,
505 3901 601 3958 laetum
625 3913 693 3960 ante
715 3921 815 3961 omnes
840 3904 1019 3962 Massinissa
1040 3905 1217 3980 praebiturus
1237 3923 1304 3982 spea-

219 4007 386 4072 ttaculum,
409 4005 446 4060 ad
469 4004 588 4061 letalium
612 4007 796 4079 pertrahitur.
855 4006 957 4065 Caedes
982 4008 1010 4064 in
1034 4027 1069 4064 eo
1095 4010 1200 4083 proelio
1226 4011 1304 4066 minor
