2678 4560
316 181 372 238 rso
573 177 652 230 niter
669 177 781 228 xxvn.
824 179 907 244 (aa
923 196 945 233 c.
960 181 1033 244 ⁵47.)

223 362 480 422 ldirnrnortelibus
511 372 608 440 gretes
643 372 771 440 agerent.
832 363 947 424 Statum
987 384 1106 441 quoque
1140 365 1263 424 civitatis
1288 385 1308 422 u

270 469 394 528 victorie
414 470 553 542 firmauit,
585 478 617 526 ut
645 469 703 526 iam
730 469 797 526 inde
824 470 903 527 haud
924 489 1007 529 senus
1030 490 1118 545 quam
1141 471 1173 528 in
1194 489 1264 547 pace
1281 489 1311 528 res

270 575 345 632 inter
374 592 405 632 ee
434 577 604 634 contrahere
624 575 794 646 vendendo,
816 580 834 650 †
855 585 1006 652 argentum
1029 576 1173 636 creditum
1196 577 1311 634 solvende

272 681 418 738 auderent.

224 789 256 844 11
355 784 389 846 0.
411 783 548 844 Claudius
573 786 673 844 consul
696 805 782 860 quum
806 785 836 842 in
856 791 954 842 cestra
974 785 1114 859 redisset,
1146 796 1241 863 eaput
1259 787 1311 842 Has

272 892 419 962 drubalis‚
454 891 532 966 quod
565 901 712 950 servatum
745 910 809 949 oum
840 910 910 949 eura
936 891 1090 962 attulerat,
1123 892 1239 968 proiioi
1272 903 1311 948 ant

270 999 397 1056 hostium
418 997 565 1066 sudores,
588 997 778 1073 captivosque
793 996 885 1056 Afros
900 997 1021 1069 vinctos,
1043 1008 1075 1055 ut
1095 1009 1195 1069 erant,
1220 995 1311 1055 ostendi

272 1105 345 1162 duos
374 1104 460 1163 etiam
491 1122 528 1160 ex
552 1103 588 1162 iis
619 1104 730 1162 solutos
757 1105 800 1162 ire
821 1105 859 1162 ad
883 1102 1077 1160 Hannibalern
1100 1112 1128 1160 et
1152 1121 1311 1179 expromere

223 1211 258 1266 12
273 1230 335 1286 quae
357 1221 423 1268 acta
444 1218 547 1280 essent,
569 1208 660 1268 iussit.
707 1208 866 1280 Hannibal,
887 1216 969 1265 tanto
991 1208 1077 1265 simul
1090 1209 1218 1283 publico
1235 1207 1311 1266 samii

273 1317 373 1392 mique
398 1317 471 1374 ictus
503 1315 599 1387 luctu,
632 1332 790 1390 agnoscere
811 1334 843 1374 se
860 1314 1009 1372 fortunam
1033 1313 1230 1389 Carthaginis
1253 1311 1311 1380 ferti

224 1425 258 1480 13
272 1423 392 1492 dixisse;
424 1421 583 1496 castrisque
604 1420 671 1478 inde
692 1420 794 1490 motis,
827 1429 858 1478 ut
879 1420 976 1478 omnia
999 1419 1118 1490 auxilie,
1140 1438 1214 1494 quae
1237 1417 1311 1476 ditius

271 1528 357 1586 latius
378 1527 451 1584 tueri
473 1545 530 1583 non
554 1535 678 1603 poteret,
699 1526 728 1583 in
752 1536 910 1584 extremum
932 1524 1026 1584 Italiae
1047 1525 1195 1602 ¹ungulum
1210 1526 1311 1583 Bruttis

272 1635 471 1700 contraheret,
509 1641 538 1690 et
567 1633 801 1708 Metapontinos,
836 1632 981 1690 civitatem
1003 1631 1192 1703 universam,
1233 1630 1311 1702 excita

272 1738 484 1809 recitasset,
513 1747 541 1796 et
563 1738 746 1796 Lucanorum
772 1738 821 1812 qui
842 1757 901 1798 euae
922 1737 1043 1795 dicionis
1065 1749 1168 1808 erant,
1197 1739 1231 1795 in
1255 1727 1311 1858 End

272 1846 343 1904 tium
364 1865 466 1922 agrum
488 1845 624 1902 traduxit.
