2700 4426
381 210 459 262 niba
475 210 564 261 xxv.
600 208 710 275 (aon.
726 209 800 273 ara.)
1019 212 1078 270 225

57 398 143 467 mins,
166 396 215 470 qui
237 394 334 452 multis
356 393 439 450 annis
461 412 562 468 parem
589 392 693 466 fraude
718 393 900 467 avaritiaque
928 393 1070 450 neminem
1091 393 1121 450 in

58 502 176 559 civitate
203 501 347 562 habuerat
377 507 482 574 praeter
512 501 549 556 T.
577 499 772 573 Pomponium
795 499 1002 568 Veientanum,
1035 517 1120 572 quem

57 605 245 682 populantem
273 615 381 662 temere
409 623 496 679 agros
524 604 553 660 in
581 603 707 661 Lucanis
734 604 820 659 ductu
850 603 1003 660 Hannonis
1024 603 1121 678 priore

58 730 136 768 auno
158 719 295 786 ceperant
319 689 586 787 §carthaginienses
626 709 676 778 Hi,
699 708 768 782 quia
794 707 940 800 publicum
962 709 1119 784 periculum
1135 707 1171 763 10

56 828 123 874 erat
144 836 163 872 a
183 816 214 872 vi
234 816 414 888 tempestatis
438 814 467 870 in
489 813 539 882 iis,
562 832 626 886 quae
651 821 836 888 portarentur
856 813 893 869 ad
915 814 1067 893 exercitus,
1091 821 1121 870 et

57 921 187 979 ementiti
208 929 292 977 erent
312 918 389 975 falsa
413 916 582 990 naufragia,
614 904 649 974 et
664 938 699 974 ea
721 918 795 991 ipsa,
819 936 883 991 quae
902 936 972 975 vere
992 919 1120 976 renunti-

58 1032 199 1093 averant,
229 1021 332 1080 fraude
353 1022 481 1096 ipsorum
509 1020 588 1078 facta
609 1033 709 1091 erant,
736 1042 795 1079 non
823 1041 901 1082 casn.
945 1023 981 1080 In
1007 1034 1120 1080 veteres
1135 1020 1169 1077 11

59 1145 241 1204 quassasque
258 1146 351 1184 naves
373 1125 473 1200 paucis
490 1134 521 1182 et
540 1127 624 1200 parvi
646 1127 730 1202 pretii
751 1128 836 1184 rebus
857 1126 1008 1202 impositis,
1031 1146 1119 1201 quum

58 1232 225 1289 mersissent
249 1250 299 1288 eas
320 1232 350 1288 in
373 1231 443 1299 alto,
469 1230 597 1304 exceptis
619 1231 648 1286 in
669 1240 848 1306 praeparatas
869 1233 994 1306 scaphas
1014 1233 1120 1302 nautis,

28 1370 41 1379 ν
58 1337 232 1410 multiplices
258 1336 348 1393 fnisse
378 1353 488 1395 merces
518 1336 756 1396 ementiebantur.
807 1337 854 1392 Ea
882 1336 963 1393 fraus
993 1333 1171 1394 indicata12

58 1440 248 1512 M.,AEmilio
278 1441 394 1515 praetori
416 1441 513 1515 priore
534 1458 611 1497 anno
633 1440 729 1497 fueret
756 1459 791 1497 ac
812 1459 865 1515 per
885 1458 949 1498 eum
977 1444 1015 1499 ad
1036 1461 1120 1500 sena·

57 1555 121 1604 tum
149 1547 261 1613 delata,
293 1563 346 1602 nec
376 1553 473 1600 tamen
500 1545 559 1601 ullo
592 1554 709 1602 senatus
738 1547 869 1604 consulto
898 1555 1016 1617 notata,
1051 1546 1120 1620 quia

58 1661 158 1728 patres
180 1651 309 1707 ordinem
338 1649 557 1725 publicanorum
585 1649 615 1706 in
638 1650 689 1706 tali
710 1659 840 1724 tempore
869 1649 1010 1708 offensum
1040 1652 1120 1708 nole·

59 1760 140 1815 bant.
183 1755 313 1830 Populus
335 1755 464 1812 severior
488 1755 595 1812 vindex
615 1754 726 1812 fraudis
745 1762 823 1823 erat,
850 1754 1026 1830 excitatique
1055 1765 1120 1812 tan·
1136 1759 1171 1814 13

59 1863 126 1919 dem
155 1862 213 1917 duo
241 1859 348 1916 tribuni
379 1860 486 1934 plebis,
513 1859 564 1934 Sp.
586 1870 616 1916 et
645 1860 680 1916 L.
702 1858 838 1927 Carvilii,
869 1877 957 1932 quum
986 1879 1060 1916 rem
1076 1861 1120 1916 in·

58 1968 153 2024 visam
183 1965 379 2037 infamemque
405 1974 568 2035 cernerent,
599 1965 751 2020 ducentum
774 1962 893 2018 millium
915 1965 979 2020 aeris
1000 1963 1119 2020 multam

35 2075 101 2131 ·Μ.
124 2071 276 2130 Postumio
299 2069 444 2130 dixerunt.
489 2068 543 2126 Cui
574 2069 717 2126 certandae
744 2085 831 2140 quum
859 2069 920 2125 dies
947 2068 1121 2138 advenisset,
1137 2073 1173 2129 14

56 2177 269 2250 conciliumque
283 2185 342 2231 tam
357 2174 494 2249 frequens
515 2174 607 2249 plebis
629 2175 751 2242 adesset,
769 2181 801 2229 ut
821 2172 1029 2229 multitudinem
1052 2184 1139 2230 aree·

57 2281 196 2357 Capitolii
215 2259 265 2338 vir
282 2289 412 2354 caperet,
434 2288 572 2354 perorata
593 2298 691 2348 causa,
713 2296 772 2334 una
793 2295 859 2351 spes
881 2277 1035 2334 videbatur
1049 2297 1122 2348 esse,
1137 2282 1174 2338 15

57 2387 84 2443 si
106 2384 139 2442 O.
164 2384 304 2442 Servilius
326 2382 421 2441 Casca
453 2384 583 2440 tribunus
605 2383 712 2458 plebis,
741 2383 790 2456 qui
811 2382 990 2457 propinquus
1012 2402 1122 2458 cogna-

57 2499 165 2564 tusque
185 2489 338 2546 Postumio
361 2498 433 2559 erat,
456 2488 623 2562 priusquam
654 2487 691 2543 ad
720 2486 890 2562 suffragium
918 2487 1009 2545 tribus
1031 2505 1122 2543 voca-

57 2603 168 2664 rentur,
187 2593 404 2651 intercessisset.
447 2592 584 2650 Testibus
605 2592 690 2661 datis,
711 2593 817 2649 tribuni
838 2592 975 2667 populum
997 2609 1124 2648 summo·
1139 2596 1175 2652 16

38 2687 173 2767 vverunt,
195 2696 347 2772 sitellaque
376 2699 437 2755 lata
468 2706 526 2764 est,
555 2705 587 2752 ut
608 2696 792 2767 sortirentur,
824 2697 872 2753 ubi
901 2697 996 2754 Latini
1017 2694 1124 2753 suffra-

59 2803 140 2878 gium
168 2801 307 2863 ferrent·
335 2804 455 2860 interim
485 2800 633 2878 publicani
662 2797 763 2856 Cascae
790 2799 913 2869 instare,
942 2809 975 2857 nt
1003 2800 1124 2857 concilio
1141 2809 1174 2861 17

60 2907 137 2964 diem
166 2907 320 2976 eximeret3
351 2909 476 2982 populus
501 2905 673 2972 reclamare3
701 2912 730 2960 et
750 2902 825 2960 forte
853 2903 883 2960 in
904 2921 993 2962 cornu
1015 2905 1125 2979 primus

60 3011 183 3067 sedebat
205 3010 315 3079 Casca,
346 3011 391 3067 cui
420 3011 506 3068 simul
528 3019 621 3069 metus
652 3010 804 3084 pudorque
829 3007 955 3064 animum
978 3011 1125 3069 versabat.

61 3114 159 3187 Quum
182 3115 211 3171 in
233 3134 268 3172 eo
290 3133 393 3190 parum
416 3115 542 3190 praesidii
565 3125 649 3186 esset,
671 3112 821 3170 turbandae
850 3113 892 3170 rei
918 3132 1007 3170 causa
1030 3115 1176 3189 publi-18

60 3219 128 3275 cani
149 3238 202 3294 per
221 3237 344 3278 vacuum
367 3214 512 3291 summoto
534 3220 629 3276 locum
657 3235 747 3273 cuneo
767 3217 946 3293 irruperunt,
977 3221 1125 3295 iurgantes

61 3322 148 3379 simul
170 3341 235 3380 cum
268 3327 377 3402 populo
409 3324 600 3398 tribunisque.
640 3322 715 3379 *Nec
745 3323 847 3395 procul
875 3323 1059 3381 dimicatione
1078 3342 1125 3380 res
1142 3327 1176 3384 19

62 3435 141 3496 erat,
172 3447 261 3502 quum
294 3429 415 3486 Fulvius
448 3429 549 3485 consul
571 3426 693 3484 tribunis
727 3427 851 3494 ,Nonne
871 3428 993 3484 videtis“
1023 3429 1135 3503 inquit,

64 3551 139 3602 „ros
159 3533 190 3590 in
220 3534 349 3591 ordinem
376 3543 494 3590 coactos
516 3549 579 3589 esse
600 3538 629 3587 et
649 3549 709 3586 rem
735 3531 772 3588 ad
794 3532 963 3590 seditionem
985 3542 1126 3607 spectare,

61 3637 93 3695 ni
115 3657 240 3713 propere
262 3638 404 3694 dimittitis
426 3637 518 3711 plebis
540 3635 692 3692 concilium
702 3633 734 3691 ?“
758 3636 849 3692 Plebe
870 3637 989 3693 dimissa
1008 3648 1125 3695 senatus
1199 3633 1221 3700 4

61 3752 205 3810 vocatur,
238 3751 266 3798 ct
291 3743 424 3800 consules
450 3740 579 3798 referunt
609 3741 646 3796 de
674 3739 795 3796 concilio
828 3741 919 3814 plebis
951 3741 1064 3797 turbato
1097 3742 1126 3798 vi

63 3856 154 3920 atque
182 3848 305 3905 audacia
340 3846 576 3921 publicanorumt
613 3845 654 3901 M.
686 3842 806 3899 Furium
842 3841 1010 3913 Camillum,
1045 3843 1157 3902 cuius2

63 3951 199 4009 exsilium
220 3951 305 4009 ruina
326 3953 405 4010 urbis
419 3956 554 4009 secutura
567 3947 663 4018 fuerit,
684 3947 815 4004 damnari
837 3965 868 4003 se
890 3946 927 4003 ab
949 3947 1031 4004 iratis
1055 3948 1126 4006 civi-

92 4063 158 4101 Livius
175 4077 198 4102 er
211 4075 252 4103 rec.
267 4064 364 4112 llrdvigii.
395 4064 427 4101 tu.
896 4055 927 4101 ld
