2700 4426
405 141 484 190 Liber
501 141 600 190 XXVI.
638 142 686 203 (A.
702 141 747 190 ch.
763 144 837 204 210.)
917 152 919 156 ’
1070 149 1108 202 35

169 325 347 386 Permutatis
367 324 538 399 provinciis,
568 323 656 383 Siculi
680 326 709 382 in
731 318 861 383 senatum
885 327 1040 385 introducti
1063 329 1153 386 multa
1202 322 1248 390 3ll

86 437 123 493 de
137 433 274 492 Hieronis
295 431 372 505 regis
394 430 450 486 fide
472 440 613 504 perpetua
634 449 704 506 erga
722 431 860 507 populum
876 433 1040 489 Romanum
1063 435 1154 491 verba

86 539 231 608 fecerunt,
263 537 293 593 in
322 535 445 610 gratiam
474 535 621 611 publicam
651 548 822 595 avertentes.
877 538 1088 614 Hieronymum
1119 541 1183 596 acl

85 653 189 720 postea
202 642 405 716 Hippocraten·
425 651 512 714 atque
526 641 675 717 Epicyden
690 651 828 717 tyrannos
844 661 930 716 quum
944 646 982 701 ob
1004 645 1071 716 alia,
1093 656 1152 703 tum

88 758 206 824 propter
227 745 416 802 delectionem
440 748 478 803 ab
501 747 642 804 Romanis
665 747 702 802 ad
717 747 911 804 Hannibalem
934 749 1044 805 invisos
1065 750 1154 808 fuisse

87 853 152 910 sibi.
195 851 243 910 Ob
265 871 328 909 eam
351 871 468 909 causam
492 863 521 908 et
534 852 744 926 Hieronymum
769 871 786 908 a
807 853 984 927 principibus
999 855 1154 911 iuventutis

87 977 180 1034 prope
200 957 316 1032 publico
339 957 458 1015 consilio
480 955 672 1026 interfectum,
697 956 776 1012 etin
798 957 935 1032 Epicydis
951 959 1184 1034 Hippocratis-3

87 1083 144 1138 que
166 1062 273 1135 caedem
295 1063 480 1137 septuaginta
497 1060 741 1119 nobilissimorum
762 1062 898 1119 iuvenum
926 1064 1153 1122 coniurationem

87 1169 212 1237 faetam3
253 1183 326 1241 quos
348 1164 481 1223 Marcelli
510 1183 593 1222 mora
622 1165 790 1236 destitutos,
822 1168 891 1242 quia
922 1167 961 1225 ad
987 1170 1155 1243 pradictum

87 1285 201 1350 tempus
223 1273 380 1330 exercitum
408 1271 446 1326 ad
468 1270 630 1345 Syracusas
658 1288 716 1326 non
739 1272 924 1343 admovisset,
946 1273 1052 1330 indicio
1067 1274 1155 1344 facto,

89 1397 190 1436 omnes
221 1380 258 1434 ab
287 1376 417 1452 tyrannis
442 1375 618 1432 interfectos.
657 1377 733 1434 Eam
766 1397 883 1453 quoque
906 1379 1095 1452 Hippocratis
1128 1383 1185 1437 etl

88 1485 228 1560 Epicydis
256 1482 436 1559 tyrannidem
458 1479 629 1536 Marcellum
657 1482 798 1539 excitasse
825 1482 974 1540 Leontinis
1002 1485 1156 1543 crudeliter

88 1589 216 1664 direptis.
273 1589 431 1661 Nunquam
461 1584 564 1669 deinde
593 1583 738 1659 principes
768 1587 1017 1663 Syracusanorum
1047 1591 1186 1648 desisse5

88 1696 128 1752 ad
150 1693 319 1750 Marcellum
340 1691 464 1748 transire
485 1689 681 1763 pollicerique,
703 1706 734 1744 se
754 1692 871 1760 urbem,
892 1710 982 1765 quum
1006 1697 1108 1767 vellet,
1131 1698 1157 1754 ei

88 1800 259 1866 tradituros3
287 1797 338 1853 sed
360 1815 424 1852 eum
446 1795 540 1869 primo
562 1792 591 1849 vi
613 1811 718 1867 capere
742 1796 890 1865 maluisse3
918 1799 993 1871 dein,
1017 1820 1105 1875 quum
1127 1804 1187 1861 i'dti

88 1923 183 1978 neque
203 1913 281 1960 terra
300 1920 394 1976 neque
416 1899 504 1968 mari,
534 1897 632 1972 omnia
660 1908 810 1972 expertus,
838 1903 994 1974 potuisset,
1024 1917 1157 1964 auctores
1222 1898 1226 1904 ’

88 2010 260 2066 traditarum
283 2006 493 2082 Syracusarum
522 2001 638 2059 fabrum
665 2004 798 2060 aerarium
820 2004 916 2062 Sosim
947 2018 975 2064 et
1005 2010 1156 2068 Moericum

89 2115 253 2190 Hispanum
283 2131 368 2185 quam
402 2110 545 2186 principes
573 2107 824 2182 Syracusanorum
852 2111 974 2181 habere,
1006 2115 1091 2172 toties
1127 2117 1157 2173 id

89 2219 282 2293 nequicquam
304 2215 380 2272 ultro
403 2212 566 2282 offerentes,
599 2223 790 2288 praeoptasse,
820 2235 878 2290 quo
909 2218 1017 2275 scilicet
1038 2221 1158 2280 iustiore

90 2325 126 2381 de
153 2342 243 2380 causa
272 2319 482 2378 vetustissimos
515 2318 611 2376 socios
643 2319 743 2394 populi
775 2321 902 2377 Romani
935 2324 1093 2382 trucidaret
1123 2346 1158 2384 ac

90 2429 237 2504 diriperet.
284 2427 317 2485 Si
338 2443 396 2481 non
417 2423 615 2498 Hieronymus
637 2424 675 2480 ad
696 2425 890 2482 Hannibalem
915 2426 1081 2500 deiecisset,
1107 2432 1187 2489 sedi

90 2533 215 2608 populus
237 2532 438 2608 Syracusanus
461 2535 489 2584 et
509 2538 636 2599 senatus,
658 2530 683 2585 si
704 2537 804 2604 portas
824 2530 966 2589 Marcello
982 2534 1158 2609 Syracusani

88 2637 203 2713 publice
225 2646 253 2692 et
274 2655 348 2704 non,
379 2633 528 2709 oppressis
557 2634 758 2708 Syracusanis,
781 2636 896 2710 tyranni
919 2656 1017 2694 eorum
1044 2641 1158 2717 Hippo-

92 2751 186 2800 crates
215 2751 244 2797 et
274 2740 419 2814 Epicydes
455 2738 641 2811 clausissent,
680 2740 705 2796 si
736 2737 1018 2814 Carthaginiensium
1055 2746 1159 2803 animis

91 2846 198 2904 bellum
221 2864 285 2902 enm
309 2845 418 2920 populo
434 2845 569 2901 Romano
591 2844 754 2919 gessissent,
777 2844 846 2917 quid
863 2845 948 2916 ultra,
971 2865 1057 2920 quarn
1081 2847 1190 2924 quodd

91 2951 201 3024 fecerit,
228 2950 283 3007 nisi
312 2961 344 3007 ut
364 2950 473 3008 deleret
494 2949 670 3024 Syracusas,
699 2949 797 3007 facere
824 2949 966 3008 hostiliter
987 2954 1157 3013 Marcellum

91 3056 244 3136 potuisse?
292 3057 377 3114 Certe
405 3065 511 3131 praeter
538 3055 645 3110 moenia
681 3064 710 3110 et
738 3063 816 3110 tecta
848 3057 990 3114 exhausta
1017 3061 1095 3117 urbis
1125 3060 1189 3118 ac9

91 3165 219 3223 refracta
254 3181 290 3220 eo
316 3162 442 3237 spoliata
476 3161 559 3217 deum
590 3159 719 3230 delubra,
749 3157 795 3214 dis
829 3159 899 3235 ipsis
927 3167 1161 3240 ornamentisque

93 3290 192 3328 eorum
221 3267 340 3337 ablatis,
369 3266 439 3323 nihil
465 3265 595 3323 relictum
624 3263 775 3340 Syracusis
805 3281 876 3322 esse.
929 3267 1015 3323 Bona
1044 3288 1160 3344 quoque
1174 3271 1210 3326 10

93 3375 191 3431 multis
212 3374 364 3447 adempta,
393 3372 435 3428 ita
465 3381 498 3427 ut
525 3389 562 3426 ne
587 3372 614 3424 in
635 3369 712 3425 nudo
735 3368 851 3442 quidem
876 3369 938 3425 selo
967 3372 1095 3447 reliquiis
1117 3377 1160 3434 di-

93 3490 182 3554 reptae
203 3479 326 3536 fortunae
358 3476 435 3533 alere
458 3493 522 3531 sese
550 3492 585 3530 ac
613 3491 680 3529 suos
702 3483 829 3548 possent.
886 3472 981 3532 Orare
1009 3496 1042 3535 se
1062 3490 1160 3555 patres

93 3585 290 3658 conscriptos,
321 3592 366 3653 ut,
398 3581 423 3637 si
447 3587 592 3654 nequeant
614 3579 726 3648 omnia,
761 3578 862 3634 saltem
887 3595 951 3651 quae
973 3596 1161 3658 compareant
1203 3620 1205 3623 ·

94 3689 288 3764 cognoscique
309 3687 429 3762 possint,
450 3684 563 3742 restitui
577 3683 700 3740 dominis
714 3684 840 3740 iubeant.
885 3683 973 3740 Talia
988 3701 1161 3763 conquestos
1177 3687 1210 3741 ll

95 3813 184 3869 quum
216 3791 354 3849 excedere
383 3808 420 3846 ex
450 3789 576 3864 templo,
612 3798 644 3845 ut
679 3789 714 3844 de
745 3787 899 3860 postulatis
927 3807 1026 3847 eorum
1062 3802 1161 3867 patres

95 3899 207 3956 consuli
226 3907 353 3973 possent,
377 3894 511 3952 Laevinus
531 3893 670 3962 iussisset,
693 3893 869 3961 „Maneant“
886 3893 980 3966 inquit
995 3897 1161 3970 Marcellus,
1179 3898 1213 3952 ¹2

932 4017 962 4064 3*
