2700 4426
286 201 344 256 coo
551 195 629 246 Liuor
641 195 740 245 xx1x.
778 196 863 257 (aa.
878 210 899 246 e.
917 198 987 258 sse.)

148 377 192 447 23
327 384 405 440 Dum
427 383 488 439 haec
510 381 588 456 apud
608 383 758 440 Romanos
776 390 929 456 geruntur,
951 379 1211 455 Carthaginienses
1233 399 1298 454 quo·

247 509 319 565 que,
353 508 450 563 quum,
483 487 606 563 speculis
627 485 798 562 peremnia
825 488 1025 562 promuntoria
1046 487 1161 562 positis,
1184 506 1299 562 percon·
1335 474 1341 575 ¹,

243 607 337 654 tantes
371 603 568 670 paventesque
604 593 642 650 ad
679 592 809 667 singulos
845 593 960 650 nuntios
996 591 1153 650 sollicitam
1181 593 1297 650 hiemem
1336 578 1341 593 '

120 757 122 762 .
213 700 385 778 legissent,
417 700 495 757 haud
527 717 650 773 parvum
687 707 716 754 et
745 698 801 773 ipsi
831 699 943 756 tuendae
978 698 1092 757 Africae
1126 710 1296 758 momentum

244 811 417 875 adiecerunt,
447 805 614 862 societatem
636 801 777 880 Syphacis
798 806 889 881 regis,
924 806 1005 862 cuius
1040 805 1174 861 maxime
1201 805 1297 864 fidncia

115 911 117 917 ’
213 913 427 973 3traiecturum
455 911 485 968 in
507 893 649 969 ‘Africam
680 912 843 968 Romanum
871 912 1061 969 crediderant.
1117 911 1195 968 Erat
1224 912 1296 970 Has·

243 1021 357 1079 drubali
382 1016 520 1092 Gisgonis
541 1016 600 1073 filio
622 1034 680 1072 non
701 1016 856 1091 hospitium
879 1016 965 1074 modo
988 1035 1054 1073 cum
1076 1035 1165 1093 rege,
1188 1017 1294 1093 dequo

243 1140 311 1184 ante
340 1127 446 1183 dictum
480 1133 538 1193 est,
576 1141 663 1197 quum
697 1142 733 1179 ex
761 1123 905 1199 Hispania
930 1122 1006 1180 forte
1031 1122 1063 1178 in
1090 1123 1170 1179 idem
1193 1133 1296 1200 tempus

244 1233 341 1308 Scipio
363 1241 451 1306 atque
472 1228 641 1287 Hasdrubal
662 1238 874 1297 convenerunt,
910 1228 960 1285 sed
983 1228 1091 1284 mentio
1114 1248 1236 1304 quoque
1257 1232 1296 1288 in·

212 1337 349 1399 tehoata
371 1335 528 1405 affinitatis,
550 1344 582 1392 ut
603 1354 655 1391 rex
677 1335 794 1392 duceret
817 1334 905 1392 liliam
926 1335 1133 1394 Hasdrubalis.
1175 1337 1226 1393 Ad
1240 1357 1294 1394 eam

242 1465 304 1503 rem
324 1443 578 1503 consummandam
606 1451 776 1515 tempusque
796 1440 902 1515 nuptiis
925 1440 1109 1498 statuendum
1128 1441 1206 1512 (iam
1230 1443 1295 1499 enim

244 1562 271 1609 et
300 1551 405 1607 nubilis
434 1557 496 1605 erat
517 1548 612 1622 virgo)
634 1545 780 1621 profectus
793 1547 968 1619 Hasdrubal,
989 1555 1021 1603 ut
1044 1566 1205 1605 accensum
1227 1551 1296 1625 cupi·

243 1657 332 1713 ditate
362 1656 405 1728 (et
425 1661 492 1710 sunt
513 1664 579 1710 ante
600 1671 700 1709 omnes
721 1653 855 1710 Numidae
877 1655 1017 1711 barbaros
1039 1651 1125 1710 effusi
1150 1655 1181 1710 in
1206 1655 1297 1712 Vene-

243 1759 319 1839 rem)
340 1761 442 1831 sensit,
477 1760 617 1836 virginem
642 1778 660 1815 a
681 1757 857 1833 Carthagine
878 1759 996 1817 arcessit
1018 1770 1212 1835 maturatque
1232 1782 1298 1837 nup-

214 1869 314 1939 5tias3
337 1879 364 1925 et
385 1869 460 1925 inter
481 1866 567 1924 alium
589 1864 821 1940 gratulationem,
844 1873 876 1920 ut
896 1865 1040 1940 publicum
1064 1885 1189 1941 quoque
1210 1867 1300 1926 fredus

244 1976 358 2052 privato
388 1974 575 2042 adficeretur,
610 1970 733 2027 societas
760 1970 834 2028 inter
860 1972 998 2048 populum
1025 1970 1299 2047 Carthaginiensem

243 2100 406 2158 regemque,
429 2082 498 2137 data
519 2078 594 2135 ultro
616 2077 746 2150 citroque
767 2077 832 2149 lide,
854 2078 968 2135 eosdem
985 2078 1093 2135 amicos
1107 2079 1302 2155 inimicosque

213 2188 401 2255 dhabituros,
423 2184 619 2243 iureiurando
636 2181 804 2240 affirmatur.
843 2181 976 2240 Ceterum
992 2184 1178 2254 Hasdrubal,
1198 2206 1305 2244 memor

244 2304 271 2350 et
304 2312 368 2350 cum
402 2291 536 2365 Scipione
568 2290 645 2346 initae
677 2290 737 2365 regi
772 2289 934 2358 societatis,
970 2298 998 2344 et
1033 2308 1122 2362 quam
1164 2310 1246 2350 vana
1280 2308 1305 2352 et

245 2397 394 2455 mutabilia
415 2397 606 2454 barbarorum
628 2394 743 2470 ingenia
764 2406 867 2467 essent,
886 2395 1003 2464 veritus,
1024 2414 1070 2465 ne,
1092 2397 1118 2452 si
1143 2399 1303 2458 traiecisset

214 2505 273 2560 lin
294 2502 424 2560 Africam
448 2501 562 2576 Scipio,
591 2520 713 2576 parvum
734 2501 879 2558 vinculum
901 2519 941 2556 eae
962 2501 1069 2575 nuptiae
1091 2514 1212 2573 essent,
1240 2506 1303 2561 dum

244 2628 394 2666 accensum
416 2609 522 2666 recenti
544 2627 643 2664 amore
666 2608 824 2665 Numidam
846 2607 951 2678 habet,
983 2606 1130 2681 perpellit,
1157 2610 1303 2669 blanditiis

245 2734 360 2790 quoque
382 2715 483 2790 puellae
505 2713 657 2782 adbibitis,
688 2721 720 2768 ut
740 2712 851 2787 legatos
873 2710 902 2766 in
925 2710 1052 2770 Siciliam
1073 2714 1111 2770 ad
1136 2714 1301 2791 Scipionem

244 2823 357 2892 mittat,
390 2841 441 2896 per
469 2840 540 2895 quos
567 2827 684 2877 moneat
710 2837 793 2887 eum,
831 2836 868 2873 ne
896 2817 1040 2892 prioribus
1067 2818 1127 2874 suis
1151 2822 1301 2895 promissis

214 2925 334 2985 8fretus
355 2928 384 2983 in
404 2904 536 2984 Africam
558 2926 696 2993 traiiciat3
718 2944 758 2995 se,
783 2933 811 2980 et
832 2923 938 2998 nuptiis
954 2923 1023 2980 civis
1041 2921 1302 3002 Carthaginiensis,

244 3035 309 3091 filiae
328 3031 530 3101 Hasdrubalis,
553 3049 637 3104 quem
660 3030 763 3087 viderit
784 3030 862 3105 apud
884 3048 914 3086 se
930 3029 960 3085 in
976 3030 1111 3104 hospitio,
1138 3041 1168 3088 et
1184 3035 1301 3108 publico

214 3139 330 3196 Setiam
372 3137 479 3194 soedere
515 3156 578 3192 cum
621 3135 729 3210 populo
760 3133 990 3210 Carthaginiensi
1018 3135 1163 3207 iunctum,
1201 3149 1300 3215 optare

245 3243 385 3319 primum,
420 3253 453 3299 ut
475 3242 576 3316 procul
605 3242 643 3298 ab
664 3239 781 3309 Africa,
813 3240 886 3298 sicut
907 3241 1001 3298 adhuc
1022 3240 1161 3313 fecerint,
1194 3245 1300 3301 bellum

245 3348 370 3405 Romani
391 3365 455 3404 oum
477 3345 763 3422 Carthaginiensibus
784 3354 904 3420 gerant,
940 3367 976 3403 ne
1001 3348 1056 3404 sihi
1076 3348 1220 3407 interesse
1243 3369 1300 3408 cer·

245 3454 400 3510 taminibus
433 3472 530 3510 eorum
565 3473 703 3528 armaque
741 3462 790 3509 aut
825 3454 885 3510 haec
923 3463 973 3510 aut
1009 3454 1078 3526 illa,
1122 3456 1298 3515 abnuentem

196 3561 231 3616 10
245 3560 365 3619 alteram
387 3561 567 3631 societatem,
594 3560 675 3634 sequi
696 3577 811 3615 necesse
833 3559 884 3628 sit3
906 3560 1007 3617 sinon
1030 3562 1175 3620 abstineat
1196 3563 1302 3621 Africa

245 3665 342 3741 Scipio
375 3677 403 3722 et
432 3665 601 3743 Carthagini
630 3666 785 3724 exercitum
813 3665 985 3738 admoveat,
1020 3667 1074 3724 sibi
1103 3670 1301 3726 necessarium

245 3750 359 3830 foreat
379 3791 432 3848 pro
454 3782 532 3829 terra
553 3772 673 3843 Africa,
705 3772 735 3827 in
762 3790 820 3845 qua
841 3781 869 3827 et
890 3772 952 3848 ipse
975 3773 1012 3829 sit
1031 3774 1161 3849 genitus,
1194 3784 1227 3832 et
1248 3796 1301 3853 pro

244 3880 340 3957 patria
361 3878 493 3954 coniugis
516 3897 575 3935 suae
597 3896 708 3954 proque
731 3885 849 3951 parente
874 3896 908 3936 ac
929 3879 1081 3954 penatibus
1104 3880 1256 3940 dimicare.

148 3977 192 4047 24
327 3984 399 4044 Cum
428 3984 473 4043 his
504 3983 647 4042 mandatis
676 3985 713 4042 ab
742 4003 810 4060 rege
838 3985 927 4060 legati
954 3985 992 4042 ad
1025 3985 1189 4062 Scipionem
1222 3990 1303 4047 missi
