2700 4426
424 218 502 267 uibar
519 217 620 270 xxlv.
660 216 710 280 (Δ.
723 215 771 269 ch.
784 217 860 279 sta.)
1069 218 1128 274 219

105 403 171 460 dari
192 403 282 472 iussa,
304 420 452 477 operaque
475 420 575 458 eorum
596 400 667 458 forti
688 419 723 458 ac
743 400 821 457 fideli
843 419 973 475 persaepe
994 398 1169 474 respublica

106 520 161 564 usa
183 515 234 564 est.

191 610 287 683 Quum
325 610 426 668 consul
452 611 525 667 alter
552 609 584 666 in
613 613 733 687 Apulia,
765 613 837 669 alter
874 611 904 667 in
927 606 1053 665 Lucanis
1083 617 1167 675 esset,
1185 615 1222 670 12

105 715 218 789 equites
240 722 353 773 centum
376 714 528 772 duodecim
555 717 667 775 nobiles
689 716 846 792 Campani,
872 734 926 791 per
948 712 1071 788 speciem
1095 731 1168 787 prae-

106 820 195 877 dandi
218 839 255 876 ex
277 819 404 877 hostium
426 839 498 895 agro
521 821 662 896 permissu
686 822 906 896 magistratuum
930 820 967 876 ab
979 816 1083 893 Capua
1101 836 1168 892 pro-

106 925 184 994 fecti,
208 926 246 984 ad
269 936 366 982 castra
387 927 531 998 Romana,
558 946 623 1001 quae
653 946 740 1003 super
770 925 939 984 Suessulam
962 932 1054 992 erant,
1083 940 1169 979 vene·

98 1037 190 1098 runt,
213 1029 331 1086 stationi
347 1031 479 1102 militum,
499 1031 550 1105 qui
573 1008 847 1102 essentdixerunt:
870 1029 995 1104 colloqui
1017 1046 1080 1084 sese
1102 1046 1167 1084 cum

105 1145 230 1211 praetore
252 1134 337 1194 velle.
370 1135 424 1196 Cn.
446 1137 569 1195 Fulvius
590 1138 694 1194 castris
715 1146 852 1212 praeerat3
875 1135 920 1192 cui
935 1135 984 1191 uhi
1006 1133 1166 1191 nuntiatum
1186 1134 1219 1189 13

106 1249 159 1308 est,
186 1240 285 1297 decern
311 1261 348 1298 ex
372 1260 548 1300 annumero
572 1241 657 1323 iussis
683 1241 840 1298 inermibus
862 1239 965 1297 deduci
987 1240 1025 1296 ad
1046 1257 1087 1307 se,
1108 1239 1167 1309 ubi,

106 1363 172 1418 quae
193 1345 383 1419 postularent,
405 1346 517 1403 audivit
539 1346 622 1422 (nihil
644 1357 739 1403 autern
756 1346 834 1402 aliud
849 1346 994 1420 petebant,
1018 1364 1104 1419 quam
1128 1356 1168 1414 ut,

105 1447 211 1525 Capua
225 1460 352 1525 recepta,
367 1451 445 1508 hona
456 1450 512 1508 sibi
525 1449 768 1528 restituerentur),
791 1452 820 1507 in
835 1453 920 1509 fidem
932 1467 1032 1505 omnes
1048 1449 1168 1524 accepti.

68 1577 71 1580 ·
106 1534 146 1612 ‘Et
170 1555 207 1612 ab
230 1555 322 1612 altero
346 1567 470 1631 praetore
497 1555 669 1631 Sempronio
699 1557 848 1613 Tuditano
870 1555 1009 1630 oppidum
1032 1555 1168 1612 Atrinum
1187 1554 1221 1606 14
1329 1583 1336 1606 .

106 1669 321 1735 expugnatum
350 1661 475 1737 amplius
496 1669 623 1734 septem
638 1661 729 1741 millia
755 1660 902 1717 hominum
934 1669 1021 1734 capta
1047 1668 1075 1716 et
1104 1660 1168 1717 seris
1220 1565 1274 1794 ss

106 1765 278 1840 argentique
300 1763 407 1839 signati
429 1761 618 1840 aliquantum.
667 1767 769 1823 Romae
792 1765 901 1822 foedum
925 1765 1087 1823 incendium
1117 1785 1169 1840 per
1185 1775 1220 1828 15

62 1938 64 1943 k
106 1870 180 1927 duas
203 1879 302 1931 noctes
333 1889 368 1926 ac
391 1871 467 1927 diem
490 1890 576 1928 unum
599 1871 700 1930 tenuit.
747 1872 816 1929 Solo
839 1880 955 1944 aquata
977 1871 1074 1926 omnia
1095 1870 1170 1927 inter

107 1975 224 2034 Salinas
251 1994 286 2032 ac
312 1986 427 2051 portam
458 1975 672 2034 Carmentalem
695 1994 759 2033 cum
786 1974 973 2049 AEquimaelio
992 1976 1170 2050 Iugarioque

106 2080 172 2138 vico
195 2092 224 2137 et
253 2081 367 2156 templis
389 2081 526 2137 Fortunae
548 2099 583 2137 ac
604 2080 705 2137 matris
726 2081 862 2150 Matutae3
888 2090 916 2136 et
943 2091 1027 2138 extra
1054 2091 1169 2156 portam
1186 2085 1220 2140 16

108 2185 167 2242 late
188 2196 313 2261 vagatus
335 2187 409 2261 ignis
432 2205 516 2243 sacra
538 2185 719 2260 profanaque
742 2185 832 2241 multa
854 2185 1022 2260 absumpsit.

192 2290 304 2347 Eodem
328 2311 404 2349 anno
426 2295 462 2352 P.
488 2302 516 2348 et
548 2290 601 2348 Cn.
630 2289 767 2361 Cornelii,
798 2309 885 2364 quum
907 2289 935 2345 in
958 2291 1104 2365 Hispania
1124 2308 1170 2348 res
1218 2287 1267 2354 48

108 2412 256 2470 prosperae
279 2408 383 2468 essent,
406 2398 568 2471 multosque
594 2408 622 2453 et
644 2406 756 2452 veteres
777 2394 937 2470 reciperent
959 2396 1054 2453 socios
1076 2405 1105 2452 at
1118 2414 1170 2451 no-

108 2517 162 2556 vos
186 2500 352 2572 adiicerent,
373 2504 402 2559 in
425 2503 556 2560 Africam
581 2520 697 2576 quoqne
718 2519 798 2575 spem
815 2501 1013 2561 extenderunt.
1050 2499 1201 2576 Syphax2

106 2612 172 2662 'erat
203 2624 256 2662 rex
280 2607 475 2663 Numidarum
505 2608 600 2664 subito
629 2605 916 2678 Carthaginiensibus
943 2605 1034 2662 hostis
1061 2605 1170 2673 factus3

107 2711 146 2767 ad
169 2730 234 2767 eum
257 2712 438 2769 centuriones
460 2721 518 2768 tres
539 2711 652 2786 legatos
673 2711 822 2780 miserunt,
855 2710 904 2784 qui
927 2687 992 2767 cuin
1005 2703 1049 2767 veo
1072 2709 1202 2766 amici-3

105 2814 177 2871 tiam
209 2817 435 2891 societatemque
463 2816 592 2874 facerent
620 2824 648 2870 et
677 2815 890 2890 pollicerentur,
918 2815 943 2870 si
972 2825 1172 2889 perseveraret

105 2939 211 2996 urgere
233 2923 309 2980 bello
332 2922 595 2997 Carthaginienses,
616 2930 730 2996 gratam
753 2939 817 2976 eam
832 2917 969 3004 remfore
984 2918 1097 2974 senatui
1119 2937 1172 2993 po·

105 3025 235 3100 pnloque
250 3029 401 3098 Romano,
429 3038 458 3083 et
479 3027 641 3095 annisuros,
671 3036 703 3081 ut
722 3026 752 3081 in
776 3035 957 3099 temporeet
977 3025 1052 3080 bene
1073 3041 1171 3081 cumu-

62 3158 65 3162 ’
104 3131 198 3188 latam
218 3133 344 3206 gratiam
374 3131 512 3192 referant.
564 3131 660 3190 Grata
689 3151 724 3187 ea
745 3129 853 3204 legatio
876 3128 1003 3185 barbaro
1026 3127 1089 3198 fuit,
1112 3128 1202 3185 col-4

104 3237 279 3311 locutusque
309 3257 373 3295 cum
403 3237 507 3311 legatis
536 3236 572 3291 de
599 3235 712 3292 ratione
733 3234 801 3291 belli
830 3234 961 3309 gerundi,
988 3243 1020 3290 ut
1041 3244 1171 3290 veterum

106 3339 230 3398 militum
259 3343 350 3400 verba
383 3342 507 3411 audivit,
537 3359 625 3414 quarn
656 3340 810 3396 multarum
837 3358 932 3396 rerum
962 3339 1025 3415 ipse
1052 3340 1171 3415 ignarus

106 3458 193 3514 esset,
223 3465 259 3504 ex
289 3446 508 3520 comparatione
538 3454 597 3502 tam
620 3446 760 3502 ordinatae
787 3445 945 3519 disciplina
969 3445 1095 3501 animum
1119 3445 1171 3501 ad·

105 3549 203 3606 vertit.
247 3550 325 3607 Tum
345 3549 480 3625 primum,
503 3560 533 3607 ut
554 3570 608 3625 pro
624 3551 706 3608 honis
729 3569 764 3607 ec
785 3549 917 3606 fidelihus
932 3549 1018 3606 sociis
1032 3546 1202 3619 facerent,5

104 3655 213 3726 oravit,
233 3665 266 3712 ut
288 3656 345 3711 duo
367 3655 543 3730 legationem
564 3654 706 3712 referrent
727 3656 765 3711 ad
784 3655 974 3730 imperatores
995 3672 1075 3724 suos,
1097 3632 1171 3710 nnus

106 3759 188 3834 apud
209 3777 274 3816 sese
295 3760 436 3834 magister
456 3761 498 3818 rei
521 3760 653 3817 militaris
668 3761 828 3817 resisteret:
850 3760 950 3816 rudem
972 3759 1010 3814 ad
1025 3758 1171 3833 pedestria

105 3863 185 3921 bella
207 3864 401 3922 Numidarum
424 3877 539 3940 gentem
561 3884 634 3935 esse,
656 3866 737 3939 equis
759 3873 870 3921 tantum
893 3863 1034 3932 habilemr,
1056 3863 1098 3920 ita
1112 3863 1204 3929 iaurss

104 3968 174 4026 inde
195 3987 215 4025 a
235 3968 384 4046 principiis
409 3970 504 4046 gentis
535 3969 660 4026 maiores
689 3988 757 4027 suos
784 3970 861 4027 bella
881 3969 1016 4043 gessisse,
1038 3969 1079 4025 ita
1100 3986 1171 4024 sea
