2812 4556
733 257 801 301 vm

238 439 336 514 Sag.]:
358 455 500 512 nusquam
518 437 592 510 (Mo.
610 436 708 496 Weiss.
719 440 787 494 cont.
814 438 857 495 At
871 438 912 495 cis
922 438 993 498 Hib.
1005 458 1030 498 e.
1043 438 1125 514 Sag.)
1148 443 1163 496 7
1177 437 1312 495 adimis?

240 522 343 579 ommis
363 521 450 578 etiam
472 518 654 595 Hispanias?
676 520 794 577 atinde
815 538 945 578 cessero:
967 521 996 578 in
1019 521 1085 584 Afr.
1106 521 1310 589 transcendes.

238 602 425 662 transcendes
454 609 550 659 autem
573 601 657 659 dico?
690 604 764 676 (My.
786 603 852 663 aa.
874 605 934 660 221
960 613 986 660 ct
1006 623 1039 660 ar
1054 613 1140 679 porta
1160 603 1308 662 stada-
1399 634 1400 676 t

239 688 312 760 berq.
339 687 368 741 P
385 685 488 742 adimis
510 684 596 741 etiam
619 684 737 759 spanias
770 695 799 743 et
818 685 886 742 inde
911 705 1024 744 cessero
1045 687 1075 744 in
1097 685 1202 744 Africa
1224 695 1308 742 tran·
1399 755 1400 766 ἵ

240 770 360 826 scendes
389 767 601 826 transcendisse
629 777 725 824 autem
748 767 836 844 dico.)
867 771 870 839 )
897 769 1110 827 vindicaremus
1140 770 1217 842 (edd.
1240 777 1306 827 vett.

238 851 302 911 Em.
326 852 399 923 222)
429 849 434 927 1
464 851 481 907 8
506 851 584 922 quod
610 867 663 908 sua
696 849 820 926 (Abdum
844 869 923 908 error
951 861 1027 909 ortus
1055 862 1095 909 eat
1121 870 1154 908 en
1178 851 1306 925 quosue)

240 937 257 990 9
282 934 431 1003 omnibus,
461 935 486 988 si
513 931 687 989 destinatum
716 937 774 991 sine
795 936 871 990 unas
893 933 967 1010 (My.
988 935 1053 994 an.
1074 931 1304 1009 222))nullu1n
1400 951 1401 990 t

239 1035 275 1072 eo
305 1016 393 1073 telum
428 1016 465 1072 ed
498 1015 669 1071 vincendum
708 1013 783 1091 (My.
804 1017 877 1072 Pet
904 1027 965 1076 cett.
987 1018 1068 1078 codd.
1100 1016 1209 1074 nullum
1234 1035 1305 1072 con·

239 1107 378 1173 temptum
409 1098 447 1154 ad
478 1096 658 1156 vincendum.
717 1099 869 1156 Aberravit
902 1102 997 1156 oculus
1028 1119 1047 1156 a
1078 1110 1138 1156 turn
1160 1099 1201 1155 ad
1220 1097 1304 1174 lum.)

239 1181 338 1251 XLV,
370 1183 387 1238 3
411 1201 429 1237 a
453 1179 646 1238 Vicotumulis
669 1179 743 1256 (My.
765 1182 830 1238 Em.
853 1182 915 1238 222
934 1201 948 1239 a
967 1181 1114 1254 Strabone)
1139 1182 1155 1238 8
1179 1189 1305 1238 mactas·

239 1272 343 1342 sethet
357 1263 513 1320 secundum
529 1260 585 1337 (ed.
600 1261 686 1320 Frob.
702 1264 799 1330 1531,·
822 1265 887 1321 Em.
903 1266 975 1339 214)
999 1265 1113 1333 XLVI,
1137 1267 1154 1321 3
1171 1263 1221 1340 (ex
1235 1282 1304 1338 pro-
1401 1303 1402 1316 ,

239 1346 349 1420 pinqno
386 1346 544 1420 copiasque
578 1341 664 1401 Gran.
700 1345 787 1403 Oodd.
825 1366 862 1404 ex
898 1366 956 1421 quo
992 1347 1157 1423 propinquo
1194 1346 1304 1422 copias.

141 1455 149 1473 ·
239 1428 333 1488 Drab.
355 1429 497 1497 hostium,
525 1445 619 1500 exque
646 1446 730 1503 prop.
753 1429 866 1505 copias)
901 1430 1088 1488 thominum
1111 1438 1140 1485 et
1163 1447 1304 1503 equorum

241 1508 334 1585 (codd.
356 1511 436 1582 rece.)
460 1515 477 1567 6
501 1510 633 1587 (venerat
656 1509 742 1567 Grau.
764 1513 793 1567 P
810 1512 912 1581 iverat,
934 1511 1028 1570 Drab.
1052 1509 1138 1586 ierat)
1162 1514 1179 1569 8
1203 1511 1306 1584 (Scrib.

239 1603 306 1650 erat
331 1614 391 1651 cum
419 1594 501 1653 codd.
522 1611 592 1651 reue.
616 1601 642 1648 et
662 1594 725 1650 cdd.
749 1604 812 1652 onte
837 1594 935 1666 Gran,
957 1596 1018 1653 coll.
1041 1593 1125 1651 XXI
1128 1594 1164 1662 V,
1192 1594 1248 1662 43,
1278 1595 1306 1664 8,
1402 1607 1403 1640 t

239 1676 288 1732 ubi
307 1678 399 1734 itidem
419 1677 449 1733 P
467 1677 520 1734 erit
537 1694 593 1750 pro
615 1675 699 1747 erat.)
730 1677 862 1748 XLVII,
890 1683 898 1734 1
924 1676 966 1753 (et
983 1679 1042 1734 tolli
1059 1675 1306 1751 iussitSauppius)

241 1761 258 1816 3
283 1760 359 1835 (ripa
381 1759 456 1816 Padi
479 1758 565 1817 Gron.
587 1757 731 1834 Pripadi.
747 1759 840 1816 Drabc.
862 1760 939 1834 ripa)
963 1765 979 1816 5
998 1758 1107 1816 fuerint
1127 1756 1200 1833 (cod.
1219 1757 1306 1828 (toa,

241 1843 303 1915 Mq.
325 1843 389 1899 Fan.
411 1844 480 1898 220.
504 1841 601 1915 Neque
622 1842 681 1896 ulla
703 1845 808 1898 ratione
828 1841 932 1899 fuerim
956 1842 1106 1900 dubitative
1127 1841 1161 1897 de
1182 1860 1212 1896 re
1228 1860 1306 1915 pra-

241 1923 322 1982 terita
344 1926 460 1994 dicitur,
490 1927 545 1981 nisi
570 1924 699 1980 adiuncto
732 1923 863 1994 forsitan,
880 1927 1101 2001 processioneque
1127 1933 1308 1998 comparatur

138 2031 141 2038 ·
173 2009 175 2012 ’
241 2007 291 2064 vix
318 2002 439 2066 fecerint
468 2008 502 2064 de
522 2009 657 2081 prasenti
685 2015 811 2080 tempore,
843 2027 930 2082 neque
957 2007 1115 2064 dubitanter
1142 2007 1250 2062 deboc
1275 2025 1308 2062 re

240 2090 340 2147 Livius
360 2091 478 2148 scribere
494 2089 626 2165 poterat.)
665 2093 680 2144 7
706 2089 752 2146 die
774 2090 858 2148 unius
881 2088 941 2166 (M)
963 2089 1112 2159 XLVIII,
1148 2092 1162 2143 7
1186 2088 1308 2145 iactanti

242 2171 319 2248 (Nic.
343 2171 456 2249 Heius.)
477 2172 595 2241 XLIX,
620 2172 778 2228 2advertit
799 2174 892 2245 (codd.
907 2180 998 2234 recat
1020 2172 1083 2228 edd.
1104 2169 1181 2247 vett.)
1208 2175 1223 2228 7
1241 2173 1305 2228 et8

242 2256 389 2332 extemplo
412 2276 430 2313 a
447 2264 572 2331 praetore
594 2262 623 2309 et
645 2254 721 2311 circa
744 2254 782 2310 ed
804 2256 991 2317 civitates...
1021 2254 1215 2323 intenderent;
1237 2262 1306 2311 ante

241 2340 340 2395 omnia
356 2339 515 2415 Lilyboeum
538 2337 628 2393 teneri
649 2347 783 2410 paratum
807 2337 893 2408 bello,
915 2339 1023 2396 edicto.
1038 2381 1065 2397 ..
1091 2336 1245 2406 deferrent,
1267 2345 1306 2407 et,

241 2421 348 2481 ubi...
378 2431 462 2492 esset,
484 2440 520 2478 ne
543 2419 664 2493 quis...
691 2418 814 2488 iacerem
848 2439 1012 2495 perque...
1042 2419 1122 2476 missi
1144 2416 1219 2493 (My.
1240 2419 1305 2474 Ena

244 2504 306 2559 222
328 2523 370 2580 sq.
398 2504 538 2580 Oppidum
564 2501 654 2558 teneri
676 2513 810 2576 paratum
838 2503 913 2560 bello
935 2505 1037 2561 Latine
1059 2521 1112 2558 non
1133 2500 1255 2572 dicitur.)
1287 2503 1305 2557 9

242 2588 384 2644 moderati
414 2607 428 2643 e
457 2589 526 2645 coni.
549 2584 700 2640 Haeniscbii
728 2583 876 2660 (Abundat
907 2596 963 2643 tum
1000 2586 1036 2642 de
1064 2583 1228 2657 industria.)
1270 2587 1305 2640 10

242 2669 406 2737 veniebant,
428 2669 574 2744 extemplo
596 2665 715 2741 (Interp.
736 2667 815 2739 mut.)
837 2669 879 2736 L,
906 2673 920 2722 7
946 2677 1088 2726 armatam
1115 2676 1307 2740 ornatamque

243 2752 340 2808 Abscb.
361 2752 602 2825 Pornatamque,
624 2750 717 2809 Drak.
743 2748 888 2825 ornatam)
916 2751 1151 2827 9pollicitusque
1172 2758 1225 2815 est,
1250 2750 1306 2821 [ut]

244 2852 302 2907 quo
325 2834 400 2905 (edd.
421 2835 497 2906 vett.)
521 2835 571 2901 LI,
597 2837 613 2888 4
637 2833 695 2888 iam
718 2832 793 2890 forte
815 2831 889 2907 (My.
911 2834 976 2891 aa.
1000 2831 1074 2907 224)
1103 2832 1177 2901 LII,
1211 2833 1228 2887 2
1252 2848 1306 2887 suo

245 2916 408 2973 deminutus
440 2920 497 2974 eine
525 2925 590 2972 nota
623 2915 664 2988 (P
677 2933 731 2972 suo
755 2926 784 2972 et
804 2917 944 2986 miuutus;
968 2919 1058 2973 altera
1084 2933 1182 2970 manus
1198 2916 1308 2987 ptiust

244 3000 362 3057 inducit.
377 3000 457 3056 Fert.
474 2999 648 3068 admonitus,
664 2999 729 3054 Iba.
746 2997 819 3074 225)
845 3003 860 3054 7
878 2999 1072 3056 abolevissent
1094 3016 1108 3051 e
1126 2999 1194 3055 coni.
1210 2995 1307 3052 Alecb.

246 3082 338 3155 (codd.
362 3101 429 3140 racc.
451 3084 546 3156 pauci.
579 3083 608 3137 P
626 3080 847 3158 absolevissent)
881 3084 898 3138 9
922 3081 1067 3139 censebat.
1102 3089 1160 3136 tum
1184 3078 1308 3152 conlega

243 3163 324 3236 (Ues.
339 3166 368 3220 P
379 3165 515 3221 censebat
529 3182 593 3220 cum
609 3164 751 3239 collegam
773 3163 969 3240 cunctantem)
995 3167 1030 3221 10
1042 3162 1208 3238 inopinatos
1231 3157 1305 3235 (219.

243 3247 430 3321 Inopinsturn
454 3246 609 3322 aggredior
626 3265 681 3321 pro
702 3266 741 3318 eo,
764 3248 840 3321 quod
860 3257 901 3304 eet
920 3247 1128 3321 inopInantem,
1149 3263 1224 3302 nemo
1239 3243 1310 3300 dicit

246 3347 376 3404 unquam.
426 3330 610 3399 Aduerbium,
644 3331 719 3403 quod
738 3331 848 3386 modum
869 3333 911 3386 rei
930 3331 1073 3402 siquidcat,
1090 3346 1181 3402 praue
1202 3344 1308 3383 accom-

244 3413 386 3468 modatum
408 3423 449 3470 est
469 3414 510 3469 ad
530 3414 665 3469 adiectiua
687 3409 788 3468 statum
809 3413 945 3470 bominum
967 3409 1162 3481 declarantia.)
1197 3409 1308 3482 ii‘(se·

247 3505 367 3567 quantes
389 3497 570 3570 cedentesque
599 3514 686 3568 quum
711 3496 748 3552 ad
778 3505 851 3552 extr.
878 3496 1011 3568 Heusinq.
1040 3504 1065 3550 et
1091 3493 1187 3548 Abscb.
1216 3490 1247 3546 P
1263 3508 1308 3547 se·

187 3621 190 3628 .
247 3585 426 3652 quantasque
447 3597 570 3652 cumque
599 3579 637 3634 ad
659 3587 731 3636 extr.
756 3577 849 3633 Drak.
871 3587 1039 3652 sequentes,
1070 3593 1247 3650 quamquam
1270 3573 1309 3629 ad

248 3653 335 3735 extr.)
354 3658 359 3735 1
378 3664 472 3718 maior
494 3671 592 3718 tamen
613 3661 740 3718 hostium
762 3662 898 3718 Romano
920 3659 1001 3716 fama
1023 3678 1036 3715 e
1057 3661 1125 3714 coni.
1152 3656 1227 3732 (My.
1241 3656 1307 3713 Em.

246 3743 316 3799 225.
346 3743 376 3799 Ρ
401 3745 494 3800 maior
524 3754 621 3800 tamen
651 3744 778 3800 hostium
803 3744 954 3801 Romanos
985 3742 1074 3799 fama.
1098 3740 1192 3798 Drab.
1217 3738 1310 3795 maior

246 3834 345 3882 tamen
373 3827 499 3884 hostium
521 3825 664 3884 Romanis
686 3823 778 3901 fama)
811 3825 899 3894 LIV,
939 3828 950 3881 l
976 3823 1095 3898 peraltis
1119 3822 1214 3898 (codd.
1238 3838 1308 3880 recc.

248 3908 319 3964 Mos
339 3911 510 3968 scribendam
532 3910 641 3966 videtur
661 3927 722 3966 cum
742 3908 824 3967 codd.
849 3908 1014 3981 quibusdam
1034 3924 1104 3965 racc.
1125 3904 1215 3980 equiti
1238 3922 1310 3977 quo·

247 4008 303 4064 que
325 3994 458 4066 tegendo.
506 3992 628 4066 Equites
655 4011 708 4066 pro
737 3990 827 4065 equiti
852 3990 882 4045 P
899 3993 979 4046 etiam
1002 4007 1026 4048 c.
1049 3989 1097 4058 48,
1120 3989 1148 4047 t.
1193 3985 1311 4043 Nullum

246 4079 310 4133 novi
324 4093 419 4151 prosa
441 4077 572 4132 orationis
593 4084 695 4133 certum
719 4074 883 4148 euempIum,
911 4074 958 4128 ubi
985 4073 1095 4128 dativus
1115 4070 1244 4144 qerundii
1263 4087 1309 4126 ac·
