2812 4556
386 260 466 310 Liber
483 259 559 312 xxr.
596 260 645 322 (A.
659 257 708 313 ch.
723 260 796 322 rus.)
1044 263 1080 320 tt

48 445 76 491 et
106 455 183 512 gens
214 442 253 498 ad
288 443 550 516 oppugnandamm
588 442 702 500 urbium
733 451 810 500 artes
839 442 935 514 rudis,
966 443 1125 519 pigerrima

48 544 152 601 eadem
178 547 218 602 ad
243 547 379 604 militaria
405 565 504 622 opera,
534 548 630 623 segnis
651 547 767 606 intactis
790 546 932 605 assideret
953 549 1058 619 muris,
1085 550 1125 607 si·

49 649 156 706 mulari
180 653 368 727 coeptum-de
389 669 462 726 pace
483 652 548 726 agi;
570 653 742 727 evocatique
757 654 794 710 ab
809 652 964 710 Gallorum
987 652 1155 729 principi-7

47 752 102 808 bus
124 755 220 831 legati
242 758 280 814 ad
302 757 488 830 colloquium,
515 775 575 814 non
596 766 698 814 contra
720 758 766 814 ius
788 759 876 815 modo
897 757 1043 832 gentium,
1072 757 1124 814 sed

48 859 165 919 violata
188 864 291 933 etiam,
322 881 387 937 quae
409 863 481 919 data
500 862 530 918 in
551 862 582 918 id
603 871 717 937 tempus
739 872 818 933 erat,
852 863 909 920 fide
935 863 1125 938 comprehen-

48 965 179 1038 duntur,
209 969 383 1044 negantibus
406 967 518 1038 Gallis,
546 968 602 1024 nisi
626 967 742 1024 obsides
770 967 825 1024 sibi
845 967 1049 1038 redderentur,
1079 948 1159 1071 sod

49 1069 236 1131 dimissuros.
285 1073 383 1146 Quum
404 1076 466 1131 haec
488 1075 524 1130 de
545 1073 649 1148 legatis
671 1072 803 1128 nuntiata
837 1081 931 1130 essent
959 1083 987 1130 et
1009 1067 1157 1130 Mutinsd

50 1176 280 1251 praesidiumque
301 1178 331 1235 in
352 1179 482 1253 periculo
505 1186 590 1247 esset,
614 1179 648 1239 L.
671 1175 799 1234 Manlius
825 1184 933 1249 prmtor
955 1178 1000 1234 ira
1022 1195 1125 1262 accen·
1174 1173 1281 1316 Vs

51 1299 103 1336 sus
122 1280 247 1338 effusum
269 1301 375 1357 agmen
398 1284 436 1340 ad
450 1267 594 1342 Muiinam
616 1281 704 1342 ducit.
749 1280 836 1340 Silvas
857 1291 925 1340 tunc
947 1282 1024 1340 circa
1045 1282 1157 1339 viam9

55 1396 151 1454 erant,
173 1387 318 1462 plerisque
339 1388 465 1446 incultis.
508 1388 555 1445 Ibi
577 1385 762 1461 inexplorato
786 1385 933 1460 profectus
956 1387 986 1444 in
1010 1387 1115 1444 insidia

57 1491 229 1568 praecipitat,
251 1493 401 1567 multaque
423 1512 487 1550 cum
511 1493 590 1551 caede
610 1509 730 1548 suorum
758 1490 884 1566 segreio
907 1500 1025 1566 apertos
1048 1510 1126 1548 cam·

56 1613 113 1666 pos
130 1596 254 1657 emersit.
299 1596 345 1653 lbi
361 1605 457 1654 castra
473 1597 649 1658 communita
674 1604 712 1665 et,
735 1596 803 1669 quia
818 1595 913 1653 Gallis
936 1598 973 1654 ud
988 1597 1127 1654 tentanda
1145 1596 1178 1650 10

59 1717 94 1752 oa
118 1699 210 1758 defuit
229 1721 304 1776 spes,
333 1702 434 1758 refecti
448 1710 515 1759 sunt
530 1703 660 1773 militum¹
675 1701 773 1772 animi,
795 1718 963 1776 quanquam
987 1701 1024 1757 ad
1047 1704 1127 1776 quin·

60 1814 154 1872 peritos
169 1807 303 1864 cecidisse
318 1807 394 1866 satis
404 1807 568 1866 constabat.
617 1808 679 1864 Iter
693 1801 796 1862 deinde
812 1807 847 1862 de
861 1807 975 1881 integro
992 1815 1128 1880 coeptum,
1147 1806 1177 1860 ll

66 1925 129 1977 nec,
152 1911 218 1966 dum
239 1930 291 1986 per
313 1913 444 1986 patentia
465 1911 533 1968 loca
547 1911 708 1968 ducebatur
729 1929 842 1986 agmen,
865 1911 1002 1985 apparuit
1022 1911 1129 1980 hostis3

62 2008 113 2069 ubi
138 2033 233 2072 rursus
257 2016 337 2073 silvae
367 2016 495 2085 intrata,
525 2024 586 2072 tum
616 2025 780 2091 postremos
808 2015 903 2072 adorti
931 2033 996 2071 cum
1023 2033 1131 2090 magna
1148 2012 1182 2068 12

63 2119 250 2192 trepidatione
277 2139 312 2178 ac
333 2139 444 2195 pavore
465 2121 594 2178 omnium
610 2121 807 2196 septingentos
828 2119 933 2176 milites
956 2120 1130 2190 occiderunt,

72 2239 124 2278 sex
154 2227 233 2300 signa
268 2227 411 2286 ademere.
460 2227 543 2283 Finis
578 2235 607 2284 et
638 2224 733 2284 Gallis
765 2224 915 2284 territandi
945 2235 972 2282 et
1004 2227 1131 2308 pauendi
1147 2223 1183 2278 13

71 2324 127 2384 suit
146 2331 290 2401 Romanis,
312 2339 345 2386 ut
367 2351 382 2387 e
405 2321 480 2386 s'altu
503 2331 582 2388 invio
609 2340 696 2406 atque
722 2331 861 2406 impedito
884 2347 1013 2386 evasere.
1058 2331 1131 2388 Inde

76 2433 176 2504 apertis
195 2434 266 2492 locis
288 2435 374 2493 facile
398 2445 526 2493 tutantes
551 2455 657 2511 agmen
680 2437 806 2498 Romani
828 2437 1012 2505 Tannetum,
1034 2435 1129 2493 vicum

76 2539 262 2614 propinquum
284 2541 385 2611 Pado,
413 2542 597 2598 contendere.
641 2541 688 2598 Ibi
710 2559 741 2598 se
759 2540 936 2597 munimento
958 2541 995 2596 ad
1017 2550 1130 2616 tempus
1148 2537 1181 2590 li

79 2647 335 2722 commeatibusque
356 2648 482 2704 fluminis
503 2657 531 2704 et
545 2647 750 2704 Brixianorum
767 2646 854 2704 ctiam
870 2645 1025 2704 Gallorum
1048 2645 1133 2702 auxi·

77 2743 113 2800 lio
140 2751 274 2808 adversus
303 2759 477 2808 crescentem
506 2753 619 2808 indies
650 2751 860 2808 multitudinem
892 2750 1019 2812 bostium
1054 2759 1131 2808 tuta·

80 2849 183 2910 bantur.
230 2855 288 2928 Qui
313 2855 452 2912 tumultus
473 2875 577 2932 repens
599 2863 755 2931 postquam
777 2863 820 2912 est
844 2856 970 2912 Romam
993 2855 1132 2928 perlatus,
1184 2842 1228 2910 26

80 2964 105 3008 et
124 2933 258 3016 Punicum
281 2960 400 3034 insuper
421 2959 537 3018 Gallico
559 2961 665 3017 bellum
688 2969 802 3016 auctum
831 2967 929 3033 patres
952 2971 1133 3036 acceperunt,

81 3057 111 3114 C·
140 3063 257 3120 Atilium
285 3074 440 3138 praetorem
470 3083 536 3140 cuo
568 3085 627 3122 una
657 3064 771 3140 legione
792 3067 926 3122 Romana
956 3074 985 3122 et
1007 3058 1163 3139 quinque2

82 3165 193 3224 millibus
214 3169 369 3237 sociorum,
391 3157 496 3226 dilectu
518 3189 596 3227 novo
619 3189 637 3227 a
657 3168 774 3226 consule
792 3169 970 3244 conscriptis,
993 3169 1133 3228 auxilium

83 3257 148 3327 le'rre
174 3273 282 3330 Manlio
324 3272 438 3343 iubent;
472 3273 521 3348 qui
552 3274 613 3330 sine
640 3274 703 3330 ullo
731 3274 887 3330 certamine
920 3275 1135 3345 (abscesserant

83 3373 147 3432 enim
168 3387 244 3434 metu
264 3377 376 3447 hostes)
398 3377 562 3434 Tannetum
586 3379 726 3452 pervenit.

155 3481 190 3538 Et
211 3484 246 3540 P.
270 3479 431 3550 Cornelius,
460 3481 607 3538 inlocum
631 3482 703 3552 eius,
728 3501 793 3556 quae
814 3483 904 3540 missa
924 3501 989 3542 cum
1011 3471 1164 3557 praetore3

85 3593 145 3654 erat,
164 3586 269 3661 scripta
288 3585 403 3658 legione
423 3603 516 3655 nova,
540 3585 689 3659 profectus
712 3588 749 3644 ab
772 3590 844 3645 urbe
862 3589 1018 3662 sexaginta
1038 3588 1132 3662 longis

86 3690 191 3747 neribus
224 3699 330 3766 praeter
361 3708 441 3746 oram
474 3689 600 3746 Etruriae
632 3690 832 3770 Ligurumque
861 3701 890 3751 et
918 3691 986 3749 inde
1013 3691 1133 3767 Salyum

89 3803 182 3850 montes
202 3794 334 3868 pervenit
353 3794 531 3865 Massiliam,
560 3802 589 3849 et
616 3794 655 3850 ad
676 3781 841 3869 proximum
870 3798 975 3854 ostium
997 3787 1164 3854 Rhodani4

91 3891 212 3965 (pluribus
239 3899 316 3956 enir'n
343 3899 453 3958 divisus
474 3899 568 3955 amnis
592 3898 622 3954 in
643 3919 730 3959 mare
762 3900 899 3977 decurrit)
928 3909 1025 3957 castra
1045 3901 1133 3970 locst,

91 3997 191 4057 vixdum
212 4002 282 4062 satis
304 4004 422 4062 credens
446 4003 641 4061 Hannibalern
664 4021 816 4080 superasse
837 4005 995 4080 Pyrenoeo's
1010 4015 1134 4066 montes.
