2748 4556
305 221 364 280 idi
575 218 654 270 Liber
670 217 757 270 m.
794 220 842 282 (Δ.
856 233 881 268 ιι.
896 233 920 271 o.
931 217 1002 278 ⁵52.)

262 403 437 464 dimitterent
458 421 524 474 eos,
553 421 639 478 quam
662 405 826 462 Romanum
848 404 1075 479 imperatorem,
1105 404 1178 478 qnid
1199 411 1319 478 petentes

205 500 209 508 ’
233 508 422 580 transeant,
453 509 604 568 certiorem
632 508 769 566 facerent.
813 508 885 567 Cum
909 509 1013 584 legatie
1035 507 1319 583 Carthaginiensibus

263 613 387 672 Romam
416 614 496 672 missi
523 615 559 674 L.
583 615 721 674 Veturius
750 614 837 672 Philo
866 625 895 672 et
915 616 957 676 M.
979 615 1112 672 Marcius
1134 613 1226 672 Ralla
1247 621 1274 668 et
1294 613 1317 666 L.

233 718 375 794 dscipio,
396 719 580 798 imperatoris
599 721 698 781 frater.
739 723 798 778 Per
819 738 870 778 eos
891 721 953 780 dies
974 730 1159 778 commeatus
1174 739 1212 776 ex
1233 717 1318 777 Sicilie

264 823 457 900 Sardiniaque
478 835 588 886 tentem
609 828 749 886 vilitatem
772 845 893 884 annonae
913 827 1053 896 fecerunt,
1079 835 1112 883 ut
1134 845 1188 900 pro
1210 833 1321 880 vectura

264 929 438 988 eumenium
460 931 556 988 nautis
578 943 722 990 mereator
742 933 926 1008 relinqueret.

233 1041 251 1096 6
346 1036 449 1094 &mas
480 1037 517 1092 ed
543 1037 674 1094 nuntium
700 1038 823 1114 primurn
853 1039 1018 1096 rebellionis
1041 1036 1323 1113 Carthaginiensium

263 1140 437 1216 trepidatum
459 1141 570 1214 lueret,
605 1143 758 1218 iussusque
784 1153 847 1201 crat
876 1145 924 1202 Ti.
947 1143 1089 1202 Claudius
1119 1153 1237 1200 mature
1256 1143 1323 1198 olas-

264 1265 324 1304 sem
354 1247 383 1304 in
413 1247 540 1306 Siciliam
571 1249 676 1306 ducere
703 1259 792 1324 atque
819 1251 885 1308 inde
906 1250 936 1306 in
957 1248 1094 1306 Africam
1118 1249 1266 1317 traiicere,
1297 1259 1321 1302 et

263 1353 337 1410 alter
358 1352 460 1410 consul
480 1354 521 1411 M.
543 1353 683 1414 servilius
705 1355 743 1412 ad
766 1357 867 1412 urbem
889 1355 1013 1424 morari,
1035 1355 1151 1424 donec,
1175 1374 1233 1428 qno
1254 1363 1321 1410 statu

207 1466 309 1520 xires
333 1459 362 1516 in
387 1458 491 1518 Africa
512 1467 617 1530 essent,
640 1460 770 1522 sciretur.
819 1461 953 1535 Segniter
964 1459 1064 1517 omnia
1080 1460 1113 1516 in
1132 1459 1320 1535 comparanda

264 1565 489 1640 deducendaque
511 1565 603 1622 classe
625 1567 662 1622 ab
685 1567 732 1623 Ti.
748 1565 870 1624 Claudio
893 1566 1011 1622 consule
1032 1565 1116 1622 facta
1139 1576 1233 1638 erant,
1254 1563 1321 1640 qnod

264 1681 361 1748 patres
383 1671 419 1727 de
439 1689 512 1746 pace
534 1670 680 1747 Scipionis
705 1671 801 1747 potius
824 1672 974 1728 arbitrium
994 1688 1068 1739 esse,
1091 1671 1205 1745 quibus
1222 1670 1321 1746 legibus

235 1778 392 1847 8daretur,
414 1795 501 1851 quam
524 1777 650 1834 consulis
667 1787 848 1835 censuerant.
894 1776 1035 1852 Prodigia
1058 1793 1183 1851 quoque
1204 1777 1323 1834 nuntiata
1363 1828 1364 1854 ,

265 1884 318 1940 sub
351 1883 444 1958 ipsam
482 1881 592 1940 famam
627 1883 791 1940 rebellionis
827 1893 966 1940 terrorem
1001 1881 1175 1938 attulerant.
1234 1881 1323 1939 Cumis
1364 1912 1365 1934 t

265 1988 335 2046 solis
366 1988 445 2045 orbis
475 1988 564 2044 minui
586 1988 666 2046 visus
695 1999 722 2046 et
757 1989 830 2065 pluit
862 1989 978 2064 lapideo
1006 1986 1112 2057 imbri,
1152 1999 1184 2045 et
1204 1989 1233 2045 iu
1253 1987 1323 2042 Veli·

266 2105 347 2152 terno
379 2113 450 2169 agro
475 2103 553 2151 terra
574 2095 738 2170 ingentibus
760 2094 892 2152 cavernis
913 2094 1061 2164 consedit,
1100 2094 1281 2168 arboresque
1297 2091 1322 2146 io
1366 2084 1367 2094 ἶ

235 2199 440 2276 9profundum
455 2201 581 2270 haustae3
608 2201 716 2258 Ariciae
736 2201 831 2258 forum
854 2209 883 2256 et
903 2200 980 2258 circa
1005 2201 1149 2268 tabernae,
1173 2200 1323 2258 Frusinone

266 2325 364 2364 murus
391 2307 502 2382 aliquot
529 2306 601 2362 locis
627 2316 656 2363 et
681 2315 769 2382 porta
793 2319 831 2364 ne
862 2305 932 2362 caelo
958 2313 1049 2374 tacta;
1087 2315 1118 2362 et
1152 2307 1185 2362 in
1220 2304 1323 2363 Palatio

266 2413 410 2488 lapidibus
439 2412 521 2488 pluit.
585 2414 620 2470 Id
642 2412 805 2488 prodigium
827 2430 908 2468 more
929 2411 1024 2486 patrio
1046 2411 1225 2469 nouendiali
1243 2429 1324 2469 sacru.

218 2524 252 2577 to
266 2529 361 2577 cetera
387 2519 489 2575 hostiis
518 2519 676 2576 maioribus
706 2518 832 2593 expiata.
879 2518 959 2575 Inter
988 2517 1167 2592 quinetiam
1193 2535 1324 2592 aquarum

266 2625 382 2684 insolita
407 2624 576 2698 magnitudo
608 2626 637 2682 in
664 2623 831 2699 religionem
861 2641 960 2693 versa;
994 2642 1061 2680 num
1095 2623 1139 2679 ita
1174 2623 1325 2680 abundarit

266 2731 397 2800 Tiberis,
433 2737 465 2786 ut
485 2729 545 2786 ludi
565 2731 770 2806 Apollinares,
806 2729 883 2786 circo
912 2728 1066 2797 inundato,
1101 2737 1191 2786 extra
1219 2739 1325 2804 portam

218 2842 249 2894 11
267 2836 408 2896 Collinam
446 2836 483 2892 ad
519 2837 609 2894 mem
640 2836 772 2912 Erycina
794 2835 918 2892 Veneris
944 2834 1039 2908 parati
1075 2833 1144 2893 sint.
1198 2833 1325 2892 Ceterum

267 2943 400 3000 ludorum
426 2942 491 3018 ipso
522 2939 568 2997 die
597 2942 693 3000 subita
722 2940 875 3034 serenitate
903 2949 982 3010 orta,
1014 2958 1125 3015 pompa
1147 2939 1217 2996 duci
1239 2949 1327 3014 coepta

268 3043 306 3099 ad
341 3052 455 3118 portam
495 3045 638 3103 Collinam
684 3054 823 3104 revocata
870 3045 1014 3119 ductaque
1054 3045 1085 3102 in
1126 3044 1237 3102 circum
1281 3056 1327 3110 est,

220 3154 254 3210 12
268 3165 355 3222 quum
377 3148 530 3206 recessisse
552 3149 617 3208 iude
638 3169 746 3224 aquam
767 3150 928 3208 nuntiatum
953 3158 1041 3219 esset3
1063 3149 1257 3224 letitiamque
1278 3170 1328 3225 po-

268 3252 336 3329 pulo
369 3262 397 3310 et
425 3254 499 3311 ludis
521 3254 716 3312 celebritatem
745 3256 855 3313 addidit
882 3254 964 3312 sedes
985 3275 1038 3313 sua
1060 3256 1196 3313 sollemni
1218 3265 1327 3330 specta·

269 3359 334 3417 culo
355 3360 477 3421 reddita.

174 3463 218 3542 39
353 3463 504 3524 Claudium
535 3465 700 3535 consulem,
738 3463 899 3540 profectum
927 3465 1042 3522 tandem
1073 3465 1110 3522 ab
1137 3465 1227 3535 urbe,
1258 3469 1329 3524 inter

269 3580 370 3645 portus
392 3570 537 3630 Cosanum
565 3573 802 3646 Loretanumque
829 3581 915 3629 atrox
943 3571 988 3628 vis
1014 3573 1197 3646 tempestatis
1228 3575 1327 3631 adorta

238 3677 298 3734 lin
330 3686 435 3734 metum
466 3677 611 3752 ingentem
639 3676 769 3738 adduxit.
824 3676 1019 3751 Populonium
1049 3676 1117 3732 inde
1146 3696 1239 3752 quum
1265 3698 1326 3754 per·

269 3780 408 3852 venisset,
430 3782 611 3858 stetissetque
632 3783 689 3852 ibi,
709 3781 778 3838 dum
799 3782 940 3856 reliquum
962 3784 1144 3856 tempestatis
1167 3787 1326 3851 exsaeviret,

270 3885 364 3942 llvam
384 3885 509 3944 insulam
531 3897 559 3946 et
582 3890 620 3945 ab
641 3889 707 3946 Ilva
727 3885 892 3958 Corsicam,
928 3906 946 3943 a
968 3885 1089 3944 Corsica
1108 3887 1139 3946 in
1162 3889 1324 3948 Sardiniam

271 3991 392 4050 traiecit.
437 3989 483 4046 lbi
511 3999 695 4064 superantem
722 3992 846 4050 Insanos
872 4002 984 4050 montes
1006 3993 1097 4050 multo
1120 4004 1149 4051 et
1174 3996 1281 4052 saevior
1299 4007 1325 4050 st
