2678 4560
326 256 380 312 lbb
487 209 493 218 '
575 249 653 298 Liber
669 245 798 299 xxvm.
836 245 919 309 (bn
935 243 1044 308 esse.)

232 439 267 496 12
279 439 342 515 ipse
363 435 460 495 omnis
482 435 565 510 signu
586 433 712 510 peditum
744 431 774 488 iu
795 431 893 488 hostes
915 429 1018 500 vertit3
1051 439 1186 506 quattuor
1205 431 1309 486 cohortes

280 544 309 602 in
340 542 435 602 fronte
468 540 582 612 statuit,
619 538 688 614 quio
719 537 806 594 latius
843 537 971 612 pondere
1003 536 1093 593 eciem
1127 556 1184 594 non
1212 545 1308 611 poterut

234 653 268 710 13
281 651 396 708 Moram
426 645 574 723 pugnandi
602 645 710 702 cossum
740 643 825 712 fecit,
857 650 889 698 ut
924 641 988 716 ipso
1017 643 1174 700 certamine
1200 653 1312 698 everteret

282 757 319 814 ab
350 763 504 830 conspectu
536 749 743 808 transeuntium
774 769 826 824 per
853 749 941 805 colles
972 748 1115 822 equitum;
1156 768 1244 822 neque
1266 760 1313 804 ente

282 859 491 920 circumductos
521 875 654 924 sensere,
687 873 775 929 quem
811 854 964 912 tumultum
1001 854 1147 929 equestris
1174 855 1315 932 pugnent,

233 971 268 1027 14
281 975 363 1041 tergo
386 982 531 1039 accepere.
581 963 629 1018 Ita
656 961 714 1019 duo
743 960 846 1036 proelis
877 968 975 1029 erant3
1013 961 1079 1016 duae
1106 961 1234 1036 peditum
1253 959 1315 1070 ncieq

281 1073 339 1129 duo
362 1069 506 1144 equitatus
527 1086 580 1142 per
602 1065 810 1142 longitudinem
833 1067 937 1142 compi,
961 1067 1033 1156 quiq
1052 1066 1170 1124 misceri
1189 1084 1225 1122 ex
1237 1082 1281 1138 gen

235 1183 268 1237 lb
281 1186 403 1251 utroque
419 1174 551 1250 proelium
571 1172 711 1248 ungustiae
729 1191 787 1229 non
803 1170 997 1246 potiebantur,
1019 1173 1201 1246 pugnabant.
1234 1170 1313 1244 Hispe-

282 1301 384 1342 norum
416 1299 503 1356 quum
533 1296 626 1352 neque
654 1277 743 1353 pedes
777 1277 866 1351 equiti
899 1295 952 1334 nec
988 1295 1076 1350 eques
1108 1277 1201 1352 pediti
1234 1275 1309 1332 suxil't

283 1398 374 1458 esset,
410 1387 497 1462 pedes
528 1383 634 1442 fiducia
664 1383 767 1456 equitis
794 1391 902 1440 temere
931 1383 1103 1440 commissus
1126 1401 1231 1457 campo
1251 1381 1307 1436 cede

282 1504 376 1563 retur,
412 1509 499 1566 eques
531 1489 743 1548 circumventus
769 1506 822 1545 nec
848 1487 973 1564 peditem
1002 1508 1020 1546 n
1046 1488 1145 1546 fronte
1173 1488 1238 1558 (ium
1263 1485 1309 1542 enin

283 1608 380 1658 strutae
401 1599 548 1674 pedestres
570 1594 661 1670 copiae
683 1591 777 1669 erent)
801 1595 913 1651 neceb
935 1604 1016 1670 tergo
1039 1596 1169 1670 equitem
1185 1592 1313 1651 sustineret

284 1715 313 1764 et
334 1705 406 1780 ipsi,
429 1721 516 1778 quum
539 1701 588 1759 diu
609 1700 639 1758 in
661 1701 761 1756 orbem
782 1717 845 1756 sese
867 1701 1009 1758 stantibus
1031 1702 1115 1775 equis
1142 1697 1312 1757 defendissent

283 1813 320 1869 ed
342 1829 429 1869 unum
454 1825 553 1866 omnes
575 1805 640 1864 caesi
662 1814 744 1876 sunt,
776 1823 830 1862 nec
852 1807 1006 1882 quisquam
1027 1807 1158 1882 peditum
1181 1802 1313 1878 equitumve

235 1925 270 1982 16
283 1915 438 1993 superfuit,
474 1915 522 1988 qni
549 1913 579 1969 in
606 1910 683 1968 vslle
711 1923 922 1986 pugnaverunt.
971 1914 1073 1970 Tertia
1103 1929 1190 1987 pers,
1220 1925 1273 1982 qnae
1293 1902 1310 1956 iu

283 2023 355 2081 colle
383 2021 421 2079 ud
449 2016 644 2096 spectaculum
675 2016 767 2091 magis
793 2026 885 2074 tutum
917 2037 1004 2094 quem
1034 2019 1072 2075 ed
1105 2027 1218 2094 purtem
1236 2015 1315 2087 pugn&

283 2127 491 2205 capessendam
523 2129 660 2191 steterat,
703 2130 732 2179 et
761 2123 857 2182 locum
891 2133 919 2180 et
950 2133 1065 2199 tempus
1100 2125 1141 2180 sd
1176 2115 1308 2194 fugiendo

234 2244 269 2298 17
284 2233 393 2292 hebuit.
442 2232 523 2288 Inter
554 2248 604 2285 eos
632 2237 660 2284 et
688 2229 781 2304 reguli
813 2229 868 2304 ipsi
896 2229 1046 2305 fugerunt,
1079 2230 1244 2305 priusquam
1270 2227 1307 2274 tob

189 2341 233 2411 34
286 2338 539 2396 circumveniretur
565 2332 656 2403 ecies,
689 2335 763 2392 inter
789 2336 942 2392 tumultum
965 2335 1066 2411 elapsi.
1115 2333 1219 2393 Custrs
1238 2325 1305 2384 sodon

286 2442 332 2498 die
353 2440 566 2515 Hispanorum,
594 2447 698 2515 praeter
723 2449 848 2499 ceterum
869 2443 1017 2516 prrcdom,
1053 2461 1118 2498 cum
1141 2439 1228 2496 tribus
1246 2431 1303 2488 fefflt

256 2546 410 2613 2millibns
436 2546 584 2603 hominum
613 2546 773 2621 capiuntur.
822 2548 946 2605 Romnni
975 2548 1104 2622 sociique
1131 2547 1169 2604 sd
1190 2541 1258 2602 mille
1275 2535 1315 2590 du»

284 2653 359 2710 centi
392 2671 426 2709 eo
463 2652 564 2728 proelio
599 2653 775 2724 ceciderunt;
810 2654 963 2711 vulnerata
1003 2654 1129 2728 emplius
1163 2651 1216 2708 tris
1246 2639 1304 2700 miffit

283 2758 441 2816 bominum.
496 2759 593 2818 Minus
612 2769 731 2818 cruenta
744 2759 866 2818 victorie
887 2759 997 2832 fuisset,
1019 2761 1044 2817 si
1061 2736 1221 2835 patentiore
1234 2760 1315 2828 cunpt,

286 2874 314 2922 et
336 2865 373 2922 ad
395 2863 495 2939 fugem
518 2865 724 2940 capessendum
745 2863 823 2924 facili
845 2863 921 2921 foret
941 2876 1111 2941 pugnatum.

256 2981 272 3036 3
368 2970 509 3040 Indibilis,
538 2971 657 3028 abiectis
685 2971 752 3028 belli
781 2970 924 3042 consiliis,
954 2972 1026 3028 nihil
1049 2970 1139 3028 tutius
1170 2970 1198 3026 in
1225 2953 1304 3020 ,mets

284 3077 370 3153 rebus
398 3084 518 3150 experts
548 3077 604 3134 fide
631 3086 660 3134 et
688 3077 839 3135 clementie
861 3077 1004 3152 Scipionis
1024 3087 1120 3146 retus,
1153 3063 1300 3132 Mendetism

255 3181 403 3249 esratrem
426 3181 463 3236 ad
486 3200 551 3239 eum
571 3181 671 3250 mittit3
694 3183 744 3256 qui
765 3182 918 3240 advolutus
942 3183 1063 3258 genibus
1087 3181 1204 3241 fatalem
1226 3168 1301 3231 rabien

283 3287 422 3362 temporis
445 3287 506 3343 eius
528 3296 659 3356 accuset,
693 3307 779 3362 quum
801 3288 881 3346 velut
908 3289 1080 3363 contagione
1102 3287 1223 3362 quadum
1243 3268 1300 3351 pesti

283 3392 347 3451 fere
375 3412 432 3450 non
465 3393 603 3468 Ilergetes
624 3395 711 3451 modo
733 3402 762 3450 et
781 3395 931 3465 Lecctsni,
953 3395 1004 3452 sed
1026 3404 1124 3452 castre
1146 3403 1248 3468 quoque
1262 3382 1298 3436 3⁰·

255 3511 372 3564 5mano
405 3499 583 3556 insanierint.
632 3498 720 3558 Suam
761 3499 875 3575 quidem
911 3508 941 3556 et
971 3498 1070 3556 fratris
1102 3508 1132 3555 et
1165 3497 1297 3570 reliquorum

284 3605 467 3680 popularium
501 3624 565 3663 eam
596 3605 792 3664 condicionem
823 3622 902 3672 esse,
934 3614 965 3662 ut
994 3615 1059 3675 aut,
1094 3605 1120 3662 si
1139 3605 1182 3660 ita
1201 3598 1295 3658 viduor·

284 3711 407 3768 reddent
436 3711 567 3788 spiritum
597 3713 632 3770 P.
661 3709 789 3786 Scipioni
818 3711 855 3768 ab
887 3711 989 3766 eodem
1017 3709 1067 3767 illo
1090 3719 1244 3786 acceptum,
1269 3701 1295 3752 ⁸¹¹¹

285 3817 393 3874 servati
415 3817 459 3876 bis
483 3819 533 3877 uni
557 3818 682 3877 debiturn
703 3817 793 3874 vitem
815 3836 868 3893 pro
891 3835 925 3874 eo
940 3816 969 3872 in
985 3823 1157 3892 perpetuum
1170 3807 1292 3872 devovent

255 3925 383 3986 eAnteu
415 3924 445 3980 in
478 3943 567 3982 censs
597 3942 651 3980 sus
683 3923 816 3982 fiduciam
847 3923 901 3980 sibi
925 3922 1029 3992 fuisse,
1060 3922 1188 3979 nondum
1218 3915 1294 3989 expuit

285 4029 437 4086 clementie
470 4029 547 4096 eins3
587 4047 662 4086 nuuc
694 4038 795 4086 contre
826 4029 933 4086 nnllam
956 4027 985 4085 in
1019 4046 1127 4099 ceusu,
1168 4040 1259 4088 omnen
1278 4011 1290 4066 il

1314 4129 1315 4157 l
