2674 4542
292 215 349 272 184
535 209 751 264 ‘usserman
788 211 999 278 (nassae.)

246 399 347 473 ingens
369 396 474 471 cupido
494 396 652 454 incesserat
674 399 795 456 Tarenti
817 399 958 474 potiundi.
1014 399 1132 458 Urbem
1157 415 1226 455 esse
1245 397 1307 454 vide·

247 505 298 560 bat
320 521 409 577 quum
432 501 597 577 opulentam
624 501 822 576 nobilemque,
849 513 909 560 tum
935 503 1116 560 maritimam
1151 511 1183 560 et
1205 503 1234 559 in
1256 504 1308 559 lie·

247 607 397 666 cedoniam
414 615 577 682 opportune
591 623 716 678 versam,
737 626 894 683 regemque
908 608 1076 682 Philippum
1096 609 1183 665 hunc
1198 619 1308 682 poi-tuna

247 713 272 770 si
294 711 430 768 transiret
450 711 481 768 in
502 711 635 782 Italiam,
657 715 784 786 quoniam
805 713 991 770 Brundisium
1014 715 1150 770 Romani
1172 714 1309 785 haberent,

216 815 412 894 6petiturom.
455 816 546 876 Sacro
568 817 634 874 inde
654 807 832 892 perpetrato,
854 819 892 875 ad
914 819 993 892 quod
1013 828 1158 889 venerat,
1192 828 1231 887 et,
1253 819 1307 876 dua

247 924 289 981 ibi
312 934 451 992 moratur,
480 929 648 996 pervastato
679 941 750 997 egro
774 921 907 980 Cumano
935 941 1026 998 usqne
1049 924 1089 979 ad
1111 923 1227 980 Miseni
1254 943 1309 998 pre·

246 1029 432 1098 musterium,
453 1027 594 1084 Puteolos
608 1036 727 1102 repente
749 1045 852 1102 agmen
875 1029 1016 1085 convertit
1037 1029 1075 1084 ad
1092 1029 1308 1104 opprimendum

217 1131 412 1209 7proesidium
442 1133 616 1189 Romanum.
670 1132 730 1190 Sex
756 1131 847 1188 millia
874 1133 1023 1190 hominum
1059 1142 1150 1190 erant
1184 1142 1216 1190 et
1242 1130 1322 1190 locut

246 1239 424 1296 munimento
440 1257 565 1314 queque,
584 1256 642 1294 non
658 1246 763 1294 natura
786 1237 873 1293 modo
889 1244 977 1294 tutus.
1022 1237 1173 1295 Triduum
1196 1239 1240 1295 ibi
1260 1257 1308 1294 me·

246 1353 327 1404 retus
351 1345 469 1414 Poenus,
494 1344 531 1399 ab
551 1341 629 1398 omui
648 1350 732 1416 parte
753 1350 864 1398 tentato
888 1340 1032 1415 praesidio,
1054 1342 1175 1412 deinde,
1198 1351 1232 1398 ut
1252 1341 1326 1402 nint

247 1450 439 1524 procedebat,
468 1449 505 1505 ad
531 1446 729 1523 populandum
759 1464 861 1520 agrurn
889 1445 1118 1521 Neapolitanum
1151 1449 1250 1522 magis
1274 1447 1326 1502 irs¹

217 1550 335 1627 8quam
358 1553 505 1628 potiuudae
525 1552 605 1609 urbis
627 1571 679 1626 spe
700 1551 850 1626 processit.
899 1552 1036 1608 Adventu
1059 1552 1122 1607 eius
1145 1552 1177 1608 in
1200 1540 1324 1959 propia-³

248 1676 336 1732 quum
359 1674 461 1731 agrum
486 1665 566 1712 mota
587 1656 706 1713 Nolana
728 1665 771 1712 est
792 1655 884 1730 plebs,
905 1655 963 1712 iarn
988 1656 1037 1712 diu
1060 1675 1175 1714 aversa
1197 1659 1238 1714 ab
1261 1659 1309 1714 Rc·

248 1763 341 1819 manis
370 1771 399 1819 et
418 1760 524 1818 infesta
551 1760 663 1818 senatui
688 1778 750 1816 sue.
797 1760 902 1835 ltaque
932 1760 1020 1835 legati
1047 1763 1084 1817 ad
1108 1763 1310 1820 arcessendum

248 1868 444 1925 Hannibalem
469 1884 535 1924 cum
556 1867 635 1922 haud
657 1865 745 1922 dnbio
774 1865 918 1940 promisso
947 1867 1095 1923 tradendae
1124 1868 1212 1924 urbis
1234 1887 1311 1924 vene·

171 2016 173 2026 ,
217 1974 324 2034 9rnut.
370 1972 515 2029 Praevcuit
540 1972 688 2046 inceptum
716 1989 814 2027 eorum
838 1970 994 2034 Marcellus
1017 1972 1133 2043 consul,
1169 1993 1190 2030 a
1210 1974 1310 2049 prime·

201 2081 207 2092 '
247 2078 328 2135 ribus
350 2077 468 2133 accitus.
515 2077 573 2134 Die
597 2095 655 2133 uno
670 2075 838 2135 Suessulam
862 2095 880 2132 a
895 2073 1023 2144 Calibus,
1045 2095 1134 2150 quum
1152 2079 1310 2135 Vultumnt

197 2186 233 2240 10
249 2181 342 2238 amnis
365 2181 553 2238 traiicientem
577 2192 706 2241 moratus
729 2191 819 2251 esset,
850 2181 1054 2249 contenderet3
1083 2181 1154 2240 inde
1181 2185 1309 2259 proxime

247 2296 332 2344 nocte
366 2304 418 2343 sex
451 2286 542 2344 millia
573 2287 721 2362 peditum,
754 2285 865 2361 equites
878 2287 923 2355 **,
956 2289 1006 2359 qui
1034 2287 1174 2360 praesidio
1206 2287 1309 2346 senatui

198 2398 359 2461 nossent,
387 2390 495 2450 Nolam
525 2392 690 2454 intromisit.
740 2391 779 2449 Et
806 2391 849 2448 uti
885 2410 903 2447 a
925 2392 1042 2448 consule
1071 2393 1172 2450 omnia
1195 2393 1328 2467 impigre¹

247 2495 327 2553 iacta
353 2506 420 2553 sunt
448 2497 486 2554 ad
512 2498 772 2572 praeoccupandam
803 2498 929 2567 Nolam,
957 2497 1000 2553 ita
1020 2497 1173 2554 Hannibal
1204 2506 1309 2572 tempus

247 2603 368 2670 terebat,
390 2601 434 2658 bis
454 2602 514 2658 iam
536 2612 603 2659 ante
630 2604 823 2676 nequicquam
847 2611 958 2660 tentata
984 2621 1016 2659 re
1043 2602 1162 2686 segniqr
1191 2603 1229 2659 ad
1258 2621 1308 2658 ere·

246 2707 369 2764 dandum
391 2706 515 2764 Nolanis
537 2706 641 2766 factus.

153 2809 192 2877 14
253 2829 254 2833 ’
330 2812 438 2870 lisdem
461 2813 563 2876 ‹lielurs
585 2821 614 2868 et
641 2812 679 2885 Q.
702 2810 814 2868 Fabius
835 2811 936 2867 consul
957 2811 995 2867 ad
1018 2809 1179 2869 Casilinum
1204 2821 1308 2868 tentan-

247 2918 325 2988 dum,
349 2919 427 2992 quod
441 2917 576 2993 proesidio
591 2917 703 2974 Punico
719 2917 879 2985 tenebatur,
900 2915 989 2987 venit,
1016 2905 1045 2973 et
1060 2916 1098 2972 ad
1113 2917 1307 2973 Beneventum

246 3023 326 3080 velut
347 3043 384 3081 ex
406 3022 567 3098 composito
583 3031 665 3096 parte
687 3021 779 3078 altera
793 3022 901 3078 Hanno
924 3040 960 3078 ex
981 3021 1104 3078 Bruttiis
1125 3041 1193 3080 cnm
1210 3039 1308 3096 magna

247 3129 376 3203 pediturn
408 3128 595 3201 equitumque
621 3145 723 3194 manu,
754 3125 846 3182 altera
873 3125 921 3185 Ti.
945 3125 1098 3184 Gracchus
1127 3128 1166 3183 ab
1192 3127 1308 3184 Luceria

216 3233 378 3290 lascessit.
422 3232 479 3305 Qui
499 3232 594 3306 primo
619 3216 756 3305 oppidum
781 3230 908 3300 intravit,
931 3231 1051 3302 deinde,
1079 3240 1113 3288 ut
1137 3231 1305 3288 Hannonem

248 3337 304 3393 tria
329 3337 419 3394 millia
440 3336 531 3394 ferme
557 3337 594 3393 ab
616 3336 689 3392 urbe
710 3335 747 3391 ed
763 3333 897 3393 Calorem
919 3333 1039 3392 fluvium
1062 3344 1161 3392 castra
1182 3337 1307 3410 posuisse

248 3451 276 3498 et
297 3443 364 3499 inde
397 3459 497 3516 agrum
529 3439 666 3516 populari
700 3440 824 3509 audivit,
854 3447 882 3496 et
913 3440 976 3515 ipse
1008 3457 1142 3513 egressus
1173 3440 1328 3522 moenibus<

247 3546 325 3603 mille
346 3529 560 3621 ferme'pessus
582 3547 620 3602 ab
644 3547 727 3602 hoste
748 3554 845 3603 castra
866 3545 952 3604 locat.
1000 3544 1047 3602 Ibi
1069 3544 1235 3602 contionem
1262 3545 1305 3601 mi·
1327 3525 1328 3620 l

216 3647 328 3708 3tinm
355 3651 466 3709 habuit.
517 3651 662 3726 Legiones
690 3668 797 3725 magna
828 3668 866 3706 ex
896 3658 979 3724 perte
1007 3648 1146 3706 volonum
1177 3629 1328 3708 habebat,¹

249 3758 299 3833 qui
321 3757 379 3814 iam
403 3757 524 3814 alterum
548 3773 655 3814 anuum
682 3755 844 3812 libertatem
866 3755 953 3812 tacite
975 3755 1080 3811 mereri
1100 3773 1190 3828 quam
1213 3762 1304 3829 postu-

247 3863 310 3920 lare
341 3861 439 3937 palam
472 3860 644 3920 maluerant.
702 3859 841 3917 Senserat
873 3869 969 3916 tamen
991 3857 1119 3917 hibernis
1152 3858 1304 3934 egrediens,

247 3984 377 4022 murmur
398 3965 428 4021 in
449 3965 564 4039 agmine
588 3982 651 4021 esse
673 3964 871 4038 quaerentium‚
893 3982 929 4020 en
952 3981 1078 4038 unquam
1100 3962 1185 4019 liberi
1208 3963 1304 4020 milita-
