2704 4552
287 177 344 268 iet
553 206 750 292 ursar'xxm.
787 208 1002 273 (anemae.)

243 395 317 452 inter
345 392 459 468 plebem
489 410 524 450 ac
555 393 663 450 Poeuoe
697 392 769 463 fieri,
803 399 1002 466 statutumque
1034 410 1113 476 esse,
1145 403 1194 465 ut,
1229 411 1281 468 quo
1340 391 1341 428 ³

244 501 380 558 Romana
401 495 478 555 ecies
511 515 629 574 egressa
656 499 749 574 portis
773 501 880 568 staret,
912 499 1120 577 impedimenta
1150 517 1254 557 eorum
1330 489 1341 534 :l

135 643 147 660 .
242 603 371 662 sarcinas
392 602 564 676 diriperent,
594 604 760 661 clauderent
783 604 886 660 deinde
914 615 1015 679 portas
1038 623 1201 680 murosque
1233 622 1288 661 oc=
1328 589 1341 642 Q]

200 717 203 726 '
242 716 360 786 parent,
387 715 420 764 ut
450 715 582 782 potentes
605 727 700 766 rerum
733 727 851 766 suerum
883 717 971 783 etque
995 710 1075 768 urbis
1099 713 1229 768 Poenum
1267 738 1286 759 ι·
1331 713 1341 748 'l

214 821 296 892 'lprc
325 817 459 873 Romano
489 811 662 886 acciperent.
717 813 790 871 Haee
821 813 872 870 ubi
900 815 1033 873 nuntiata
1064 817 1210 874 Marcello
1242 835 1267 872 s=
1280 840 1301 869 ιι·
1330 803 1341 856 'l

243 917 414 977 collaudatis
445 916 627 974 senatoribus
658 917 798 988 Nolanis,
831 917 1000 994 priusquam
1029 920 1122 997 aliqui
1154 931 1254 980 motus
1297 943 1307 967 v
1340 929 1341 961 l

213 1027 313 1085 8urbe
344 1031 490 1092 oreretur,
523 1022 669 1080 fortunam
702 1041 807 1098 pugnae
841 1024 966 1099 experiri
1001 1028 1112 1088 statuit.
1175 1027 1228 1084 Ad
1337 1033 1341 1066 l

242 1138 343 1207 portas
374 1129 404 1186 in
431 1129 529 1185 hostes
552 1145 653 1184 versas
675 1127 819 1204 tripertito
850 1129 1007 1188 exercitum
1036 1132 1192 1202 instruxit;
1226 1151 1294 1189 ruoz>
1340 1141 1341 1170 l

242 1237 371 1294 dimonte
391 1233 530 1308 subsequi
552 1233 648 1303 iussit,
671 1233 788 1291 calones
815 1233 949 1308 lixasque
977 1243 1005 1292 et
1033 1236 1183 1294 invalidos
1209 1237 1305 1294 milites
1339 1243 1341 1278 ¹

244 1341 351 1400 vallum
384 1338 469 1397 ferre.
526 1339 626 1396 Media
657 1348 743 1414 porta
776 1340 885 1396 robora
917 1341 1065 1416 legionum
1104 1352 1135 1400 et
1162 1343 1307 1400 Romanae
1339 1329 1341 1384 l

243 1447 364 1521 equitata
386 1443 498 1500 duabus
514 1443 592 1499 cirea
613 1443 704 1518 portis
718 1463 811 1502 novos
835 1445 939 1502 milites
956 1445 1110 1522 levemque
1134 1457 1305 1505 armannum
1338 1455 1341 1490 l

213 1551 443 1614 tectoriorum
470 1547 580 1622 equites
610 1549 718 1605 statuit.
768 1548 879 1607 Nolani
908 1569 1006 1608 muros
1037 1563 1202 1628 portasque
1232 1552 1306 1609 adim
1337 1565 1341 1592 l

242 1656 333 1726 vetiti,
362 1651 549 1725 subsidiaque
571 1653 715 1710 destinata
745 1653 957 1729 impedimentis
980 1658 1065 1729 data,
1095 1677 1133 1715 ne
1165 1657 1304 1734 occupatis
1338 1665 1341 1702 l

243 1760 346 1838 proelio
375 1757 537 1836 legionibus
567 1757 596 1813 in
626 1775 661 1814 ea
693 1757 818 1833 impetus
848 1760 937 1819 fieret.
994 1763 1042 1819 Ita
1075 1763 1212 1820 instructi
1240 1764 1305 1819 intra
1338 1753 1341 1808 l

194 1875 229 1928 10
243 1876 343 1944 portas
372 1867 497 1923 stabant.
548 1863 708 1920 Hannibali
737 1865 791 1920 sub
815 1865 918 1939 signis,
948 1865 977 1922 id
1007 1868 1087 1940 quod
1118 1887 1175 1943 per
1205 1869 1304 1943 aliquot

243 1972 450 2041 discluserat,
480 1970 516 2026 ad
545 1969 665 2025 multum
696 1968 752 2026 diei
780 1969 809 2026 in
839 1969 901 2027 acic
929 1971 1018 2028 stanti
1047 1973 1144 2046 primo
1160 1959 1308 2032 'mundo‘

243 2099 315 2149 esse,
337 2079 416 2153 quod
437 2093 490 2133 neo
512 2075 655 2132 exereitus
670 2077 822 2133 Romanus
844 2082 930 2151 porta
946 2077 1132 2152 egrederetur
1147 2097 1202 2136 nee
1219 2097 1302 2136 arma·
1340 2087 1341 2126 l

196 2190 228 2244 11
245 2192 290 2239 tus
312 2182 466 2256 quisquam
489 2179 518 2235 iu
541 2179 630 2235 muris
653 2190 737 2238 esset.
780 2183 875 2238 Batus
898 2181 1010 2253 deinde,
1033 2183 1155 2257 prodita
1170 2183 1305 2258 colloquia

245 2306 317 2358 esse,
339 2295 475 2359 metuque
496 2284 606 2341 resides
628 2284 732 2356 factos,
754 2295 867 2361 partem
890 2287 1012 2344 militnm
1035 2289 1065 2344 in
1082 2296 1183 2346 castra
1197 2289 1305 2346 remittit

244 2394 338 2450 iussos
359 2409 484 2466 propere
499 2399 673 2466 apparatum
690 2408 804 2448 omnem
821 2392 1130 2466 oppugnandarurbis
1145 2394 1177 2450 in
1192 2395 1304 2469 primam
1340 2363 1341 2388 ¹

245 2497 336 2555 aciem
360 2493 473 2565 afferre,
495 2495 566 2552 satis
588 2495 694 2567 fidens,
724 2497 749 2554 si
772 2497 974 2554 cunctantibus
994 2497 1132 2568 instaret,
1161 2498 1304 2556 tumultun
1340 2493 1341 2500 '

195 2606 230 2662 12
246 2602 371 2675 aliquem
404 2599 432 2655 in
467 2601 538 2657 urbe
569 2600 682 2676 plebem
717 2607 871 2657 moturum.
928 2603 1006 2660 Dum
1043 2602 1072 2658 in
1106 2621 1162 2660 sua
1195 2606 1305 2678 quisquc
1339 2590 1340 2609 ¹

244 2706 404 2765 ministeria
433 2705 565 2763 discursu
593 2705 722 2780 trepidat
750 2705 787 2761 ad
818 2706 913 2780 prima
942 2706 1026 2781 signa
1055 2708 1247 2782 succeditque
1278 2706 1304 2764 ad

245 2831 342 2870 muros
369 2812 455 2881 acies,
487 2809 635 2886 patefacta
665 2818 784 2884 repente
807 2819 893 2885 porta
915 2811 1071 2870 Marcellus
1097 2813 1185 2888 sigua
1213 2829 1306 2869 cancre

244 2919 459 2991 clamoremque
480 2916 543 2972 tolli
565 2934 599 2972 ac
622 2914 734 2991 pedites
756 2915 899 2989 primum,
933 2917 1036 2974 deinde
1059 2917 1183 2992 equites,
1207 2929 1305 2991 quanto

196 3029 232 3083 13
246 3025 373 3081 maximo
402 3032 521 3097 possent
548 3022 672 3096 impetu,
707 3020 737 3077 in
769 3021 881 3077 bostem
912 3040 1063 3096 erumpere
1092 3023 1182 3082 iubet.
1239 3022 1306 3080 Satis

245 3129 363 3187 terroris
385 3126 582 3200 tumultusque
596 3126 634 3182 in
651 3126 741 3182 aciem
764 3125 888 3181 mediam
904 3126 1067 3197 intulerant,
1091 3146 1182 3201 quum
1202 3127 1306 3184 duabus

245 3225 322 3290 circa
353 3232 450 3307 portia
477 3233 514 3288 P.
542 3231 680 3288 Valerius
714 3230 837 3288 Flaccus
870 3241 899 3288 et
930 3230 964 3290 C.
993 3232 1132 3290 Aurelius
1166 3232 1256 3309 legati
1285 3232 1306 3286 in

196 3343 232 3397 14
246 3357 355 3398 cornua
375 3336 503 3394 hostium
526 3355 656 3411 erupere.
705 3337 855 3393 Addidere
870 3337 1026 3393 clamorem
1048 3335 1117 3394 lixae
1139 3337 1307 3410 calonesque

245 3453 273 3500 et
295 3443 353 3499 alia
373 3442 458 3499 turba
489 3441 626 3500 custodiae
658 3441 930 3516 impedimentorum
954 3441 1106 3516 apposita,
1126 3441 1162 3500 'ut
1182 3443 1307 3517 paucita-

245 3559 301 3606 tem
336 3547 462 3604 maxime
496 3547 696 3623 spernentibus
729 3547 828 3604 Poenis
861 3546 985 3622 ingentis
1017 3556 1137 3622 repente
1171 3547 1307 3605 exercitus

196 3655 231 3710 15
245 3653 370 3728 speciem
392 3652 501 3714 iecerit.
549 3653 610 3712 Vix
632 3650 765 3725 equidem
788 3651 881 3708 ausim
904 3650 1066 3723 affirmare,
1092 3653 1306 3728 quodquidam

245 3769 378 3817 auctores
400 3769 479 3826 sunt,
510 3758 568 3815 duo
598 3757 687 3814 millia
716 3763 745 3810 et
767 3755 948 3830 octingentos
977 3757 1104 3815 hostium
1127 3777 1228 3828 caesos,
1252 3777 1305 3814 non

198 3866 232 3920 16
246 3864 311 3939 plus
333 3863 495 3939 quingentis
510 3864 710 3919 Romanorum
727 3859 855 3929 amissis3
875 3861 935 3932 sed,
958 3861 1019 3918 eive
1038 3871 1121 3920 tanta
1136 3864 1199 3922 sive
1220 3864 1306 3921 minor

246 3970 369 4026 victorie
390 3967 453 4035 fuit,
475 3968 576 4042 ingens
600 3985 635 4023 eo
659 3965 705 4022 die
720 3981 766 4021 res
789 3983 823 4022 ac
845 3967 942 4024 neseio
965 3985 1003 4023 au
1020 3967 1150 4026 maxime
1172 3969 1222 4026 illo
1236 3969 1304 4027 bello
