2700 4426
429 199 508 249 Liber
528 199 632 251 xxm.
671 201 720 262 (Δ.
736 200 785 254 Oh.
799 200 873 263 216.)
1084 207 1140 261 tlt

112 380 145 436 hi
170 379 328 454 transfugae
350 383 472 437 motum'
487 381 517 437 in
539 383 742 440 Tartesiorum
765 392 860 458 gente,
888 383 1127 458 desciverantque
1147 386 1183 442 iia

113 483 284 540 auctoribus
307 486 392 541 urbes
415 485 539 560 aliquem
572 505 631 544 una
654 486 742 543 etiam
765 489 803 543 ab
825 486 896 561 ipsis
917 488 946 543 vi
968 495 1055 561 capta
1076 487 1181 548 fuerat.
1270 519 1329 571 ,Ἆ-

112 589 150 644 Iu
174 607 238 644 eam
261 597 375 662 gentem
408 609 524 648 versum
559 591 596 646 ab
624 592 766 648 Romania
798 591 904 648 bellum
933 601 990 661 est,
1018 589 1245 667 infestquett'v

109 693 242 749 exercitu
264 693 434 751 Hasdrubal
454 690 602 770 ingressus
630 714 731 769 agrum
761 695 887 752 hostium
916 715 971 770 pro
1000 705 1093 771 captae
1115 690 1182 769 ante
1206 726 1235 777 ¹³.-
1273 750 1276 760 ,

109 798 176 854 dies
209 817 319 872 paucos
350 800 430 856 urbis
456 801 599 857 moenibus
630 798 788 869 Chalbum,
821 801 947 858 nobilem
980 802 1110 859 Tartesi·
1123 780 1185 877 ,-
1310 777 1342 822 2:

109 903 232 972 ducem,
262 921 327 960 cum
359 904 458 961 valido
498 906 625 964 exercitu
662 905 764 963 castris
800 923 831 961 se
869 915 1027 976 tenentem,
1060 880 1181 980 aggre³
1208 882 1231 939 f':
1244 923 1250 949 -·
1267 924 1271 941 ¹
1287 919 1297 965 t
1314 916 1345 959 ’Ἰ

108 1007 223 1074 statuit,
268 1009 424 1066 Proemissa
445 1010 534 1089 igitur
553 1009 612 1066 levi
627 1018 786 1080 armatura,
808 1029 873 1084 quaa
894 990 1010 1068 eliceret
1027 1011 1125 1066 hostes
1141 1006 1208 1066 adt
1267 1082 1270 1085 Ι
1317 1056 1319 1059 .

109 1120 268 1181 certamen,
291 1112 417 1185 equitum
440 1121 551 1187 partem
568 1113 606 1170 ad
628 1113 862 1188 depopulandum
886 1134 939 1189 per
960 1132 1048 1188 agros
1068 1115 1177 1189 passim

109 1215 221 1272 dimisit
235 1225 261 1272 et
275 1224 306 1272 ut
320 1215 453 1300 palantes
475 1216 650 1292 exciperent.
695 1217 788 1275 Simul
809 1226 838 1274 et
860 1219 897 1275 ad
921 1228 1018 1276 castra
1039 1213 1209 1276 tumultus8

109 1329 177 1377 erat
197 1329 226 1407 et
242 1339 295 1394 per
317 1338 404 1394 agros
428 1321 557 1395 fugaque
578 1333 607 1378 et
634 1322 742 1391 caedes3
771 1323 875 1381 deinde
906 1324 1034 1398 undique
1056 1323 1178 1381 diversis

107 1424 262 1481 itineribus
284 1443 371 1498 quum
395 1425 423 1481 in
446 1436 542 1482 castra
557 1445 589 1483 se
610 1428 793 1501 recepissent,
819 1429 892 1485 adeo
915 1436 1034 1503 repente
1055 1428 1178 1485 decessit

108 1529 216 1589 animis
242 1548 352 1604 pavor,
385 1537 494 1585 utnon
528 1531 565 1586 ad
587 1531 765 1617 munimenta
789 1534 876 1589 modo
899 1532 1080 1589 defendenda
1106 1533 1176 1590 satis

109 1634 274 1691 animorum
308 1642 399 1703 esset,
429 1635 480 1690 sed
507 1635 593 1691 etiam
620 1635 658 1691 ad
690 1635 888 1693 lacessendum
917 1636 1019 1711 proelio
1051 1638 1174 1698 hostem.

107 1739 276 1813 Erumpunt
305 1737 393 1812 igitur
425 1737 539 1812 agmine
571 1758 588 1795 e
621 1739 739 1806 castris,
775 1740 965 1814 tripudiantes
997 1759 1078 1797 more
1111 1735 1206 1811 suo,9

106 1844 318 1918 repentinaque
345 1861 443 1901 eorum
474 1843 597 1900 audacia
624 1852 765 1900 terrorem
792 1844 869 1899 hosti
897 1843 986 1918 paulo
1009 1853 1076 1901 ante
1098 1845 1174 1902 ultro

97 1947 261 2005 ‘lacessenti
290 1948 418 2006 incussit.
470 1947 575 2021 Itaque
597 1956 626 2004 et
646 1948 709 2022 ipse
731 1947 901 2004 Hasdrubal
927 1947 957 2003 iu
979 1947 1081 2005 collem
1103 1950 1174 2006 satis
1190 1943 1226 1996 ¹0

108 2051 243 2120 arduum,
266 2052 382 2109 flumine
397 2053 482 2109 etiam
505 2052 619 2109 obiecto
638 2061 741 2122 tutum,
763 2052 864 2125 copias
886 2052 1027 2121 subducit,
1050 2061 1079 2108 et
1100 2071 1173 2128 prae·

108 2154 228 2212 missam
259 2156 352 2211 levem
381 2166 558 2214 armaturam
589 2157 759 2231 equitesque
787 2156 904 2231 palatos
933 2156 1033 2213 eodem
1062 2156 1174 2230 recipit,

107 2277 161 2316 uec
184 2268 235 2316 aut
256 2259 322 2315 colli
345 2269 395 2316 aut
415 2261 526 2317 flumini
556 2262 627 2318 sati's
649 2262 756 2331 fidens,
789 2269 886 2318 castra
914 2260 992 2316 vallo
1018 2261 1173 2334 permunit.

106 2364 144 2419 In
165 2365 222 2420 hoc
247 2363 358 2420 alterno
380 2383 489 2438 pavore
514 2367 674 2423 certamina
696 2366 810 2440 aliquot
830 2375 897 2422 sunt
927 2372 1092 2434 contracta3
1121 2382 1174 2421 nec
1190 2361 1221 2415 ll

107 2469 240 2527 Numida
254 2470 388 2543 Hispano
411 2487 499 2543 eques
520 2489 575 2543 par
593 2469 657 2537 fuit,
678 2489 731 2527 nee
745 2470 889 2528 iaculator
903 2471 1025 2527 Maurus
1046 2475 1174 2538 caetrato,

106 2573 264 2630 velocitate
286 2575 361 2647 pari,
382 2576 489 2632 robore
511 2573 599 2630 animi
628 2575 792 2648 viriumque
814 2574 993 2648 aliquantum
1015 2573 1173 2646 praestanti.

106 2677 271 2750 Postquam
293 2697 388 2752 neque
410 2663 512 2734 elidere
530 2678 655 2734 Poenum
679 2678 716 2734 ad
737 2657 882 2735 certamen
905 2676 1051 2734 obversati
1072 2676 1174 2734 castris
1225 2667 1268 2735 27

106 2789 245 2854 poteraut
279 2800 374 2855 neque
407 2789 567 2838 castrorum
609 2783 790 2855 oppugnatio
826 2781 921 2838 facilis
962 2789 1038 2849 erat,
1074 2777 1204 2836 urbem2

107 2887 250 2966 Ascuam,
276 2904 334 2959 quo
363 2887 434 2942 fines
455 2885 586 2942 ‘hostium
616 2885 780 2959 ingrediens
808 2884 977 2942 Hasdrubal
998 2883 1173 2940 frumentum

107 2989 346 3062 commeatusque
384 2990 457 3046 alios
492 2998 685 3059 convexerat,
716 2989 745 3045 vi
773 2989 891 3064 capiunt
927 2989 1062 3062 omnique
1097 2988 1175 3044 circa

107 3111 181 3167 agro
203 3094 370 3170 potiuntur3
399 3112 452 3151 nec
480 3094 537 3150 iam
561 3102 612 3150 aut
634 3094 664 3150 in
695 3094 811 3167 agmine
842 3100 892 3148 aut
922 3092 952 3147 in
971 3091 1082 3150 castris
1115 3091 1173 3148 ullo

107 3196 231 3271 imperio
256 3198 405 3258 contineri.
449 3198 543 3270 Quam
567 3199 616 3254 ubi
637 3198 842 3272 negligentiam
865 3216 902 3253 ex
922 3217 963 3267 re,
985 3204 1017 3253 ut
1037 3197 1078 3263 fit,
1100 3187 1204 3252 bene3

107 3309 191 3375 gesta
217 3301 287 3358 oriri
308 3310 437 3358 senserat
458 3299 644 3369 Hasdrubal,
667 3301 835 3358 cohortatus
858 3301 976 3370 milites,
1006 3311 1037 3357 ut
1058 3301 1173 3375 palatos

107 3405 170 3461 sine
199 3405 289 3481 signis
317 3408 416 3463 hostes
451 3405 691 3481 aggrederentur,
727 3404 879 3479 degressus
910 3405 982 3461 colle
1009 3405 1104 3479 pergit
1130 3403 1173 3460 ire

107 3506 172 3565 acie
201 3509 344 3568 instructa
365 3511 402 3568 ad
425 3510 539 3572 castra
585 3510 677 3583 Quem
701 3519 732 3565 ut
756 3511 857 3570 adesse
879 3510 1053 3566 tumultuose
1081 3509 1202 3565 nuntiil

105 3592 283 3688 refugientes
305 3635 343 3673 ex
362 3615 485 3691 speculis
506 3614 739 3695 stationibusque
768 3615 905 3683 attulere,
936 3615 973 3669 ad
995 3632 1078 3670 arma
1105 3632 1173 3670 con-

107 3717 265 3775 clamatum
300 3730 352 3779 est.
418 3722 462 3780 Ut
501 3720 623 3794 quisque
658 3737 740 3775 arma
774 3725 904 3791 ceperat,
944 3717 1005 3773 sine
1041 3718 1204 3791 imperio,5

107 3820 171 3878 sine
200 3822 300 3897 signo,
331 3801 528 3900 incompositi,
557 3823 716 3881 inordinati
747 3822 775 3878 in
804 3821 936 3897 proelium
967 3831 1061 3880 ruunt.
1108 3821 1173 3876 Iam

106 3925 194 4001 primi
227 3932 431 3985 conseruerant
465 3947 582 3996 manus,
616 3946 705 4001 quum
734 3926 783 3983 alii
816 3922 983 3982 catervatim
1018 3933 1173 3993 currerent,

134 4038 201 4076 bivias
216 4049 294 4103 exrec.
310 4039 409 4085 Madvigii.
438 4039 469 4076 tlt
941 4033 972 4076 l0
