2674 4542
290 185 344 240 192
546 183 625 232 Liber
643 181 742 232 XXIV.
779 182 823 247 (A.
837 197 863 232 u.
876 197 899 235 c.
914 180 990 244 540.)

194 368 229 423 16
243 374 349 440 portat.
402 365 568 424 Proedatum
601 365 667 422 inde
697 365 833 424 Numidae
865 365 1021 438 Maurique
1042 383 1100 439 per
1123 363 1280 422 Sallentin
1325 396 1326 430 ι

243 490 344 546 agrum
363 443 574 546 proximosque
596 469 712 544 Apuliae
733 471 825 528 saltus
847 469 970 537 dimissi3
998 469 1077 524 unda
1109 475 1215 524 caterae
1242 487 1260 541 p
1325 493 1326 537 ι

243 577 287 633 dae
308 576 387 633 baud
415 575 551 645 multum,
578 593 719 650 equorum
740 594 844 650 greges
868 574 994 631 maxime
1016 573 1137 644 abacti,
1176 573 1283 647 equi
1325 609 1326 641 3

244 683 281 740 ad
303 691 442 756 quattuor
463 679 552 737 millia
573 678 721 737 domanda
742 679 886 752 equitibus
907 679 1010 739 divisa.

147 774 187 842 21
326 786 466 856 Romani,
510 803 598 859 quum
636 784 742 843 bellum
779 802 964 859 nequaquam
1000 782 1250 840 contemnendum

244 891 343 950 Sicilia
372 899 516 958 oreretur,
545 908 681 965 morsque
709 891 824 966 tyranni
854 889 941 946 duces
968 889 1064 963 magis
1092 888 1239 963 impigrus
1268 913 1305 942 ι-«

244 996 332 1054 disset
360 995 551 1071 Syracusanis
585 1013 673 1069 quam
703 1012 820 1052 causam
850 1003 900 1052 aut
929 993 1043 1050 animoa
1078 1001 1240 1061 mutasset,
1268 991 1301 1048 ll.
1325 1032 1326 1066 ,

212 1093 383 1158 2Mareello
406 1100 488 1158 alteri
511 1101 660 1158 consulum
684 1119 747 1157 eam
775 1099 955 1174 provinciam
982 1099 1158 1154 decernunt
1207 1097 1302 1157 seem
1325 1123 1326 1172 ι

242 1205 310 1261 dum
330 1205 502 1281 Hieronymi
524 1205 629 1263 caedem
658 1204 752 1279 primo
776 1203 979 1261 tumultuatum
1007 1203 1037 1260 in
1061 1203 1220 1262 Leontinis
1238 1221 1284 1277 ιι

242 1310 346 1367 milites
380 1309 476 1368 iuerat
517 1309 766 1382 vociferatumque
802 1308 950 1377 ferociter,
995 1309 1219 1383 parentandum
1252 1329 1290 1373 rr}
1325 1361 1326 1366 ,

211 1415 382 1489 3sanguine
403 1414 617 1472 coniuratorum
643 1432 714 1473 esse.
762 1413 875 1469 Deinde
896 1414 1037 1470 libertatis
1062 1415 1212 1471 restitutae
1233 1413 1306 1468 dul.

242 1519 341 1576 auditu
364 1537 492 1575 nomen·
512 1520 613 1576 crebro
645 1528 815 1593 usurpatum
848 1537 967 1593 spesque
997 1517 1080 1576 facta
1114 1538 1156 1574 ex
1193 1517 1301 1592 pecunia
1325 1585 1326 1593 ἵ

241 1624 322 1698 regia
355 1623 517 1698 largitionis
549 1623 715 1697 militiaeque
750 1623 903 1698 fungendae
934 1624 1097 1699 potioribus
1128 1623 1251 1680 ducibus
1277 1633 1299 1681 a
1325 1677 1326 1699 3

241 1729 333 1786 relata
355 1729 470 1806 tyranni
491 1727 570 1786 foeda
591 1728 703 1786 scelera
729 1727 923 1802 foedioresque
944 1729 1079 1786 libidines
1107 1729 1189 1785 adeo
1217 1737 1298 1784 muta·

242 1853 310 1891 vere
331 1835 459 1906 animos,
480 1843 513 1891 ut
533 1834 707 1909 insepultum
729 1833 824 1890 iacere
854 1849 958 1906 corpus
982 1831 1072 1905 paulo
1104 1843 1178 1890 ante
1202 1832 1298 1890 deside·
1325 1878 1326 1910 ,

211 1931 298 1996 llari
318 1939 395 2014 regis
416 1949 593 2014 paterentur.
648 1941 744 2014 Quum
774 1937 861 1996 ceteri
889 1956 927 1993 ex
953 1937 1112 1995 coniuratis
1137 1939 1179 1995 ad
1202 1935 1298 1995 exarci-
1325 1991 1326 2000 ,

242 2053 302 2100 tum
336 2044 523 2101 obtinendum
565 2044 785 2114 remansissent,
827 2043 997 2101 Theodotus
1035 2052 1064 2098 et
1102 2042 1191 2101 Sosis
1226 2042 1297 2117 regiis
1325 2087 1326 2122 ,

242 2149 337 2222 equis,
368 2159 477 2223 quanto
506 2149 634 2230 maximo
667 2167 752 2205 cursu
779 2157 930 2223 poterant,
962 2157 994 2204 ut
1024 2149 1148 2222 ignaros
1183 2147 1295 2232 omniun

211 2251 338 2328 bregioa
361 2253 569 2328 opprimerent,
598 2253 759 2329 Syracusas
790 2254 975 2312 contendunt.
1027 2251 1169 2310 Ceterum
1198 2271 1294 2328 prere·

242 2367 325 2413 neret
346 2376 404 2414 non
425 2357 506 2415 fama
527 2358 630 2428 solum,
652 2375 711 2432 qua
732 2357 803 2414 nihil
824 2335 863 2414 ἰιιΙ
875 2359 981 2416 talibus
1002 2359 1090 2415 rebus
1112 2367 1159 2414 est
1182 2358 1295 2423 celerina
1324 2426 1325 2439 χ

211 2461 292 2518 baed
316 2462 431 2520 nuntius
453 2463 538 2519 etiam
567 2481 604 2519 ex
627 2462 715 2536 regiis
741 2463 842 2520 servis.
889 2464 994 2539 Itaque
1016 2463 1294 2520 Andranodorusa
1324 2450 1325 2461 ¹

242 2566 371 2624 Insulam
401 2577 429 2624 et
458 2586 553 2624 arcem
585 2576 615 2624 et
645 2566 718 2637 alia,
752 2585 815 2641 quae
842 2576 957 2642 poterat
986 2587 1110 2642 quaeque
1141 2579 1294 2645 opportuna

213 2673 340 2743 lerant,
360 2672 501 2748 praesidiis
523 2674 662 2730 firmarat.
706 2672 863 2748 Hexapylo
885 2673 1057 2730 Theodotus
1077 2693 1114 2730 ac
1136 2673 1220 2733 Sosis
1241 2681 1293 2748 post

242 2776 311 2833 solis
335 2795 470 2834 occasum
492 2777 550 2833 iam
573 2779 697 2834 obscure
726 2778 790 2834 luce
817 2777 937 2846 invecti,
971 2796 1059 2851 quum
1087 2788 1239 2835 cruentam
1259 2794 1293 2832 rr·

241 2881 319 2954 giam
346 2891 456 2938 vestem
485 2892 573 2956 atque
601 2882 714 2958 insigne
742 2882 845 2958 cepitis
871 2891 1065 2953 ostentarent,
1098 2883 1223 2942 travecti
1253 2871 1292 2955 pt'r

243 2987 375 3061 Tycham
409 2986 495 3044 simul
522 2983 559 3043 ad
579 2986 760 3057 libertatem,
790 2986 875 3042 simul
904 2987 942 3043 ad
973 3005 1056 3045 arma
1085 2998 1243 3055 vocantes,
1270 2984 1291 3038 in

180 3128 185 3138 ·
212 3083 441 3147 8Achradinam
464 3091 619 3149 convenire
640 3092 748 3148 iubent.
802 3091 959 3149 Multitudo
995 3111 1064 3167 pars
1096 3092 1242 3167 procurrit
1270 3089 1291 3144 iu

242 3193 315 3264 vias,
334 3214 403 3268 pars
425 3195 454 3251 in
475 3196 625 3254 vestibulis
647 3205 722 3266 stat,
750 3215 820 3271 pars
852 3215 888 3254 ex
916 3197 999 3253 tactis
1022 3195 1217 3272 fenestrisque
1236 3214 1290 3271 pro·

210 3293 373 3371 9spectant
395 3307 438 3367 et,
471 3300 539 3373 quid
567 3301 609 3358 rei
630 3301 682 3372 sit,
714 3302 850 3376 rogitant.
901 3300 1007 3360 Omnia
1033 3300 1191 3360 luminibus
1212 3301 1289 3358 collu-

241 3410 307 3458 cent
332 3403 511 3478 strepituque
542 3405 625 3463 vario
653 3408 842 3482 complentur.
891 3405 1009 3464 Armati
1040 3406 1112 3464 locis
1139 3407 1290 3482 patentibus

241 3515 467 3580 congregantur3
495 3510 619 3568 inermes
645 3531 682 3569 ex
704 3511 834 3588 Olympii
861 3512 942 3569 Iovis
969 3511 1078 3586 templo
1105 3498 1204 3586 'spolia
1230 3508 1290 3570 Gal·

241 3609 333 3667 lorum
363 3612 600 3688 Illyriorumque,
632 3615 710 3674 douo
736 3617 806 3674 data
833 3616 956 3674 Hieroni
983 3634 1002 3672 a
1030 3616 1141 3691 populo
1168 3617 1290 3674 Romano

194 3712 228 3767 10
240 3715 358 3790 fixaque
381 3719 418 3775 ab
434 3736 478 3789 eo,
500 3719 664 3791 detrahunt,
686 3732 837 3796 precantes
852 3722 964 3792 Iovem,
987 3729 1018 3778 ut
1039 3722 1141 3779 voleus
1160 3720 1289 3796 propitius

241 3822 370 3893 praebeat
390 3810 475 3880 sacra
496 3843 578 3882 arma
599 3845 653 3901 pro
677 3826 783 3899 patria,
805 3845 859 3901 pro
883 3828 968 3884 deum
983 3826 1121 3898 delubris,
1142 3844 1194 3903 pro
1214 3825 1289 3881 liber·

192 3921 224 3975 11
241 3932 300 3980 tate
321 3942 385 3982 sese
408 3929 597 3988 armantibus,
644 3931 716 3986 Haec
741 3939 857 4004 quoque
881 3930 1033 3989 multitudo
1055 3931 1225 3996 stationibus
1246 3945 1288 4003 per
