2704 4552
310 205 366 260 112
578 200 655 249 Liber
672 199 760 250 XXll.
798 201 847 262 (Δ.
860 215 886 251 u.
901 216 921 248 c.
936 205 1008 254 tas.)

233 385 383 445 bmisisse.
434 383 529 458 Atqui
558 395 587 440 et
620 384 658 440 ad
681 383 779 441 Aliam
813 401 878 440 eum
913 383 1008 442 Gallis
1036 393 1068 440 et
1097 383 1142 440 ad
1165 382 1302 440 Heracl

214 543 218 550 .
263 510 327 550 eum
360 491 476 566 Pyrrho
510 499 634 565 utraque
663 507 721 546 non
753 497 813 546 tam
841 488 924 544 clade
951 488 1071 546 infamis
1106 507 1204 563 quam
1233 503 1294 561 par

265 607 294 654 et
324 595 396 672 iuga
419 613 519 671 pugna
543 594 605 652 fuit.
660 593 829 652 Cannenses
861 611 984 668 campos
1009 594 1110 650 acervi
1135 595 1274 651 Romano

262 720 417 777 corporum
443 709 553 776 tegunt,
577 717 631 757 nec
652 715 840 774 supersumus
861 717 981 773 pugna,
1011 699 1067 755 nisi
1091 699 1125 755 in
1151 699 1259 773 quibus
1284 724 1288 745 ·,

231 807 393 866 beidandis
422 815 451 863 et
482 805 590 863 ferrum
617 815 645 863 et
674 804 750 860 vires
780 805 892 860 hostem
920 803 1097 866 defecerunt.
1153 803 1233 862 Sunt
1253 815 1307 858 erra

263 914 299 971 de
320 913 427 970 nostris
450 911 578 985 quidam,
601 911 650 984 qui
672 929 708 967 ne
729 909 759 965 in
781 909 843 966 acie
866 909 983 983 quidem
1003 907 1142 978 fuerunt,
1166 909 1220 966 aed

263 1019 311 1076 dio
331 1003 447 1076 'castris
479 1015 587 1084 relicti,
609 1033 709 1089 equum
744 1022 841 1072 castra
870 1015 1066 1084 traderentur,
1098 1016 1130 1070 in
1161 1021 1305 1090 potestat

214 1124 387 1182 tbhostium
411 1131 560 1180 venerunt.
606 1121 695 1177 Haud
717 1119 850 1192 equidem
872 1120 957 1177 ullius
979 1120 1052 1176 civis
1075 1129 1104 1176 et
1126 1119 1302 1176 commilito

262 1225 386 1284 fortunus
408 1236 458 1284 aut
480 1225 642 1285 condicioni
664 1225 788 1294 invideo,
813 1244 866 1282 nec
884 1225 1043 1300 premendo
1069 1225 1162 1282 alium
1185 1243 1234 1280 me
1254 1231 1306 1278 extu

262 1333 329 1390 lisse
351 1331 453 1390 velim:
480 1351 517 1388 ne
539 1331 579 1389 illi
601 1330 732 1404 quidem,
762 1329 818 1387 nisi
841 1330 1020 1405 pernicitatis
1047 1331 1159 1405 pedum
1185 1339 1215 1386 et

262 1438 381 1512 aliquod
403 1437 553 1512 praemium
577 1445 634 1506 est,
665 1434 715 1508 qui
736 1435 867 1509 plerique
896 1435 1021 1491 inermes
1043 1453 1079 1490 ex
1103 1436 1170 1492 acie
1191 1433 1300 1510 fugient

262 1560 320 1598 non
348 1541 427 1615 prius
459 1559 547 1614 quam
569 1541 707 1597 Venusiae
732 1548 783 1596 aut
804 1538 924 1597 Canusii
951 1541 1158 1608 constiterunt,
1188 1558 1221 1596 se
1249 1537 1319 1594 nobit

263 1647 365 1703 merito
380 1635 562 1720 praetulerint
585 1645 760 1720 gloriatique
776 1644 841 1712 sint,
864 1645 893 1700 in
909 1663 941 1700 se
955 1645 1020 1718 plue
1037 1663 1125 1718 quam
1142 1645 1175 1700 in
1190 1645 1315 1701 nobismet

214 1752 246 1805 tl
262 1751 390 1827 praesidii
410 1751 451 1807 rei
473 1749 597 1824 publicae
619 1767 689 1806 esse.
737 1749 796 1806 Sed
817 1757 845 1805 et
866 1749 922 1805 illis
945 1749 1029 1806 bonis
1052 1768 1087 1806 ac
1109 1749 1237 1806 fortibus
1257 1747 1313 1804 mili·

263 1859 340 1915 tibus
363 1855 481 1914 utemini
506 1863 534 1910 et
556 1854 640 1910 nobis
663 1851 749 1910 etiarn
775 1854 1004 1929 promptioribus
1029 1873 1084 1930 pro
1106 1855 1222 1930 patria,
1252 1851 1311 1927 quud

262 1963 403 2022 beneficio
435 1969 533 2017 vestro
555 1958 697 2032 redempti
720 1968 808 2032 atque
834 1959 865 2014 in
886 1959 1013 2034 patriam
1035 1961 1161 2016 restituti
1184 1958 1312 2016 fuerimus

214 2066 249 2120 12
263 2068 407 2126 Dilectum
441 2084 479 2122 ex
501 2065 579 2120 omni
601 2073 686 2120 aetate
708 2073 736 2120 et
757 2063 875 2121 fortuna
905 2066 1036 2134 habetis3
1063 2074 1131 2122 octo
1159 2065 1248 2122 millia
1266 2080 1311 2119 sar·

264 2191 366 2229 vorum
394 2170 481 2226 audio
511 2169 629 2228 armari.
680 2169 749 2226 Non
779 2170 873 2226 minor·
903 2187 1040 2226 numerus
1066 2179 1168 2227 noster
1195 2179 1249 2236 est,
1271 2183 1310 2222 neu

264 2277 375 2333 maiore
401 2274 495 2350 pretio
527 2273 629 2331 redimi
656 2292 826 2349 possumus,
861 2293 948 2350 quam
980 2275 1001 2330 ii
1028 2285 1178 2345 emuntur3
1211 2271 1310 2330 namsi

264 2380 412 2438 conferam
446 2397 500 2435 nos
535 2398 599 2435 curn
633 2379 703 2449 iltis,
734 2379 868 2436 iniuriam
901 2379 1011 2438 nomini
1042 2382 1179 2438 Romano
1213 2379 1308 2436 facian.

216 2487 250 2541 13
264 2486 340 2543 Illud
364 2484 451 2542 etiam
473 2485 503 2541 in
532 2484 584 2540 tali
612 2483 732 2542 consilio
755 2484 1042 2543 animadvertendum
1071 2485 1157 2543 vobis
1188 2501 1308 2542 censeam

265 2599 363 2664 putres
397 2589 567 2664 conscripti,
601 2589 625 2646 si
654 2590 712 2646 iam
744 2589 875 2646 duriores
903 2607 966 2645 esse
995 2589 1106 2659 velitis,
1139 2591 1218 2665 quod
1246 2586 1307 2644 nullo

217 2699 251 2752 14
265 2703 365 2751 nostro
399 2695 502 2751 merito
522 2694 651 2761 faciatis,
685 2695 731 2750 cui
761 2712 815 2750 nos
845 2695 921 2750 hosti
948 2695 1076 2754 relicturi
1098 2697 1171 2754 sitis.
1214 2694 1307 2770 Pyrrho

265 2799 412 2870 videlicet,
443 2800 494 2873 qui
514 2801 661 2875 hospitum
683 2818 804 2857 numero
825 2799 958 2874 captivos
980 2800 1101 2858 habuit?
1132 2806 1183 2860 An
1203 2801 1307 2858 barbaro

265 2923 300 2961 ac
321 2906 434 2974 Poene,
459 2906 509 2978 qui
530 2915 626 2962 utrum
659 2905 777 2964 avarior
799 2923 837 2962 an
859 2905 1003 2962 crudelior
1028 2907 1073 2975 sit,
1098 2908 1149 2963 vix
1172 2900 1307 2964 existimari

217 3015 250 3066 15
264 3009 380 3085 potest?
413 3009 446 3066 Si
476 3011 599 3068 videatis
622 3019 749 3081 catenas,
781 3012 958 3085 squalorem,
980 3011 1195 3069 deformitatem
1222 3009 1306 3068 civium

264 3124 437 3184 vestrorum,
459 3132 517 3171 non
539 3115 633 3172 minus
654 3114 786 3190 profecto
808 3134 862 3172 vos
886 3135 923 3173 ea
945 3117 1056 3192 species
1079 3126 1212 3186 moveat,
1240 3128 1305 3190 quau

265 3219 289 3276 si
313 3237 349 3274 ex
372 3218 465 3274 altera
487 3229 571 3292 parte
585 3221 709 3277 cernatis
731 3229 838 3278 stratas
853 3221 1054 3279 Cannensibus
1069 3223 1181 3296 campis
1202 3221 1305 3298 legions

215 3329 250 3382 16
264 3332 385 3382 vestras.
428 3323 539 3380 Intueri
561 3326 682 3399 potestis
697 3325 919 3383 sollicitudinem
935 3336 964 3382 et
977 3327 1113 3384 lacrimae
1136 3328 1167 3384 in
1187 3323 1304 3384 vestibulo

264 3428 350 3484 curiae
377 3427 514 3484 stantium
544 3440 732 3507 cognatorum
766 3439 931 3488 nostrorum
964 3429 1249 3508 exspectantiumque
1273 3447 1303 3484 re

264 3549 402 3608 sponsum
425 3542 562 3594 vestrum.
606 3535 702 3608 Quum
725 3534 746 3591 ii
766 3553 820 3611 pro
843 3535 927 3592 nobis
941 3557 1054 3614 proque
1074 3537 1120 3609 iis,
1143 3540 1193 3614 qui
1216 3539 1303 3596 absuri

263 3637 305 3694 ita
326 3638 458 3713 suspensi
487 3658 522 3696 ac
542 3639 657 3696 solliciti
680 3639 750 3711 sint,
783 3659 869 3714 quem
891 3642 1013 3699 censetis
1042 3638 1171 3700 animum
1200 3644 1302 3718 ipsorum

215 3752 249 3806 17
264 3761 336 3814 esse,
358 3763 481 3820 quorum
504 3745 534 3802 in
558 3746 722 3803 discrimine
743 3745 805 3803 vita
831 3746 1007 3822 libertasque
1032 3747 1094 3804 est?
1125 3749 1173 3820 si,
1201 3746 1302 3805 medius-

263 3849 357 3920 fidius,
380 3850 493 3925 ipsein
518 3868 572 3907 nos
595 3851 671 3908 mitis
696 3851 845 3909 Hannibal
874 3860 975 3910 contra
1003 3863 1138 3910 naturam
1161 3873 1240 3910 suam
1258 3865 1301 3906 este

263 3954 347 4023 velit,
377 3954 448 4010 nihil
470 3963 567 4011 tamen
589 3955 673 4011 nobis
695 3955 756 4011 vita
778 3973 851 4030 opus
873 3973 937 4012 esse
955 3973 1139 4027 censeamus,
1169 3977 1250 4032 quum
1272 3953 1300 4008 iss-
