2678 4560
326 225 381 282 118
588 223 666 272 niter
682 222 798 276 xxvn.
840 223 958 286 (aas
972 223 1047 286 547.)

248 415 265 468 5
361 407 518 480 Nunquam
550 425 585 464 eo
611 407 769 465 bellonae
793 407 854 464 acie
876 415 987 465 tantum
1010 408 1136 465 hostium
1158 407 1314 464 interiectum

277 521 330 584 est,
356 511 526 586 redditaque
554 531 638 587 aequa
660 511 804 570 Cannensi
834 512 931 570 clades
957 513 1005 570 vel
1027 513 1108 570 ducis
1129 513 1177 570 vel
1198 515 1317 570 exercitus

245 618 390 680 biuteritu
421 617 581 675 videbatur.
637 617 855 693 Quinquaginta
881 638 934 676 sex
960 617 1053 674 millia
1082 618 1208 675 hostium
1235 621 1318 679 occisa

275 735 362 800 eapte
384 723 620 798 quinquemillia
643 733 672 781 et
696 723 912 799 quadringenti;
935 742 1044 798 magna
1063 725 1165 798 praeda
1180 725 1238 782 alia
1252 745 1316 798 quun

244 830 368 892 7omuis
389 830 512 904 generis,
536 839 596 888 tum
623 831 687 888 euri
709 830 794 887 etiam
819 830 1006 905 argentique;
1042 830 1149 886 civium
1173 831 1257 887 etiam
1277 833 1318 887 Rs·

275 953 441 1005 manorum,
479 937 527 1010 qui
560 937 638 1012 capti
673 937 751 1011 apud
783 937 881 992 hostes
909 944 1006 1004 erant,
1044 953 1135 1011 supra
1168 937 1226 993 tria
1252 937 1319 993 millia

274 1041 400 1116 capitum
433 1050 557 1116 recepta.
604 1043 640 1099 ld
676 1041 772 1098 solatii
793 1040 848 1098 fuit
872 1061 925 1117 pro
948 1042 1063 1100 amissis
1085 1060 1120 1098 eo
1143 1042 1248 1116 proelio
1267 1042 1319 1097 ruili-

273 1147 359 1204 tibus.
405 1147 483 1204 Nem
506 1146 733 1220 haudquaquam
755 1146 906 1203 incruenta
927 1148 1051 1205 victoria
1072 1147 1143 1216 suin
1168 1158 1236 1204 octo
1251 1148 1321 1204 feru

241 1251 364 1309 8millia
384 1253 583 1309 Romanorum
604 1253 806 1326 sociorumque
822 1253 931 1322 occisa3
954 1254 1087 1328 adeoque
1111 1253 1202 1308 etiam
1218 1253 1288 1309 victo

272 1357 419 1432 sanguinis
441 1357 584 1430 caedisque
604 1366 720 1432 ceperat
740 1356 868 1426 satietas,
891 1367 923 1414 ut
936 1367 1054 1433 postero
1077 1359 1134 1428 die,
1159 1377 1250 1432 quum
1267 1378 1289 1414 a

271 1463 432 1520 nuntiatum
462 1464 546 1521 Livio
574 1463 700 1532 consuli,
739 1462 843 1522 Gallos
868 1461 1032 1539 Cisalpinos
1055 1465 1256 1538 Liguresque,

271 1579 322 1654 aut
348 1570 451 1645 proelio
477 1588 535 1626 non
564 1566 713 1625 affuissent
748 1578 798 1626 aut
825 1568 900 1625 inter
930 1569 1036 1626 caedem
1059 1567 1249 1644 effugissent,
1280 1589 1292 1624 u

272 1675 387 1750 agmine
417 1674 497 1732 abire
525 1674 587 1730 sine
615 1683 693 1732 certo
718 1673 812 1745 duce,
848 1674 909 1732 sine
931 1674 1036 1750 signis,
1070 1675 1135 1732 sine
1158 1677 1291 1732 ordinet

238 1783 320 1841 aaut
341 1779 481 1854 imperi03
503 1797 599 1854 posse,
621 1781 646 1836 si
667 1799 726 1836 una
748 1779 876 1854 equitum
892 1780 939 1836 ala
955 1780 1095 1850 mittatur,
1119 1799 1223 1838 omnes
1243 1779 1312 1837 ‹lale'

272 1886 368 1960 „Quin
396 1884 540 1961 supersint
568 1884 675 1959 aliqni“
706 1865 794 1960 inquit
824 1886 934 1956 „nuntii
968 1896 996 1943 et
1028 1887 1159 1944 hostium
1192 1888 1277 1946 cladis

271 2003 377 2049 nostrae
400 1991 543 2050 virtutis.“

172 2093 220 2164 50
355 2098 436 2155 Nero
451 2115 487 2155 ea
507 2105 601 2168 nocte,
625 2115 688 2170 quae
709 2104 808 2153 secuta
823 2104 867 2152 est
880 2113 1017 2170 pugnam,
1040 2115 1187 2169 repressus
1201 2101 1289 2157 citatio

266 2222 356 2284 quam
376 2203 443 2286 iude
463 2213 598 2274 venerat,
635 2202 766 2277 agmine,
798 2200 845 2258 die
871 2210 954 2257 sexto
977 2201 1014 2258 ad
1036 2203 1148 2260 stativa
1170 2223 1225 2262 sua
1249 2218 1315 2277 atqua

236 2313 380 2370 2hostem
420 2309 558 2384 pervenit.
606 2308 667 2365 Iter
702 2306 764 2364 cius
797 2305 959 2380 frequentia
986 2308 1116 2378 minore,
1151 2311 1222 2383 quia
1250 2329 1301 2366 nen

267 2424 455 2493 praecesserat
478 2414 602 2485 nuntius,
625 2414 724 2471 laetitia
745 2431 815 2470 vero
837 2422 933 2485 tanta,
954 2414 1004 2472 vix
1026 2423 1057 2470 nt
1079 2426 1233 2490 compotes
1254 2431 1313 2470 men·

235 2501 338 2580 {itinn}
363 2541 422 2597 prae
444 2521 553 2596 gaudio
576 2529 685 2590 essent,
709 2518 884 2575 celebratum
907 2527 959 2583 est,
1007 2521 1085 2578 Nam
1110 2522 1216 2578 Romae
1236 2535 1312 2576 neuter

266 2628 355 2686 animi
382 2628 497 2686 habitus
526 2626 599 2684 satis
628 2624 684 2682 (liei
713 2623 899 2698 enarrarique
920 2636 1032 2700 potest,
1066 2645 1120 2684 nec
1144 2646 1204 2701 quo
1225 2628 1310 2683 incerta

266 2734 483 2809 exspectatione
507 2744 626 2789 eventus
648 2730 750 2789 civitas
772 2727 884 2798 iuerat,
914 2749 967 2787 uec
989 2750 1046 2806 quo
1071 2733 1204 2791 victoriae
1225 2734 1308 2790 lamen

234 2839 387 2914 laccepit.
436 2839 593 2912 Nunquam
623 2856 675 2912 per·
703 2853 803 2904 omnes
830 2833 909 2904 dies,
945 2853 982 2890 ex
1006 2853 1063 2909 quo
1086 2836 1241 2896 Claudium
1262 2855 1308 2893 con

265 2945 357 3002 sulem
377 2943 536 3020 profectum
559 2943 640 3000 lama
662 2943 767 3013 attulit,
789 2942 825 2998 ab
851 2947 915 2996 orto
937 2940 998 2996 sole
1021 2942 1058 2998 ad
1080 2944 1257 3001 occidentem
1276 2953 1308 2996 au

265 3059 381 3108 senator
415 3050 568 3125 quisquam
601 3068 620 3107 a
653 3048 733 3106 curia
761 3056 848 3121 atque
879 3046 915 3102 ab
943 3047 1163 3122 magistratibus
1193 3047 1307 3107 abscessit

234 3156 316 3212 baut
336 3155 460 3230 populns
483 3175 499 3212 e
520 3154 599 3225 ior03
623 3164 772 3224 matrona,
795 3152 864 3226 quia
884 3136 955 3209 nillil
976 3153 1005 3210 in
1027 3154 1098 3230 ipsis
1120 3157 1186 3233 opis
1209 3167 1272 3225 erat,
1289 3129 1317 3208 ir

264 3279 364 3336 preces
386 3260 650 3334 obtestationesque
671 3277 779 3329 versae,
815 3278 867 3334 per
894 3259 991 3314 omnia
1013 3259 1134 3319 delubra
1156 3280 1239 3336 vagoe
1256 3279 1305 3333 sup·

234 3369 252 3423 6
264 3365 356 3443 pliciis
390 3366 523 3440 votisque
553 3364 677 3440 fatigare
712 3365 792 3427 deos.
840 3366 917 3422 'lam
955 3364 1083 3424 sollicitae
1119 3385 1154 3423 ac
1183 3381 1306 3440 suspensa

264 3472 375 3530 civitati
402 3472 483 3529 fama
512 3471 621 3528 incerta
647 3471 741 3546 primo
764 3471 885 3540 accidit,
918 3471 991 3528 duos
1017 3473 1196 3530 Narnienses
1217 3472 1303 3546 equite

264 3574 294 3630 iu
317 3585 422 3646 eastra,
445 3595 509 3652 que
533 3577 562 3634 in
584 3575 716 3634 faucibus
740 3576 869 3636 Umbriae
893 3577 1028 3652 opposita
1049 3587 1140 3648 erant,
1162 3579 1267 3635 venisse
1280 3593 1302 3630 er

210 3680 368 3754 ,tproelio
401 3683 565 3739 nuntiantes
601 3701 690 3740 coesos
722 3683 829 3740 hostes.
879 3683 919 3740 Et
950 3684 1044 3757 primo
1080 3684 1174 3759 magis
1208 3685 1315 3741 auribus¹

266 3804 354 3860 quam
388 3787 491 3844 animis
525 3788 555 3844 id
589 3797 738 3863 acceptum
772 3797 852 3860 erat,
874 3797 906 3846 nt
933 3789 1025 3846 mains
1050 3790 1213 3865 laetiusque,
1235 3805 1300 3864 quau

266 3893 345 3966 quod
366 3904 461 3950 mente
482 3912 586 3968 capere
606 3904 656 3952 aut
677 3895 747 3952 satis
770 3895 886 3952 credere
906 3905 1039 3970 possent3
1061 3907 1089 3953 et
1110 3897 1175 3973 ipsa
1195 3898 1301 3955 celeritas

265 3997 351 4054 fidem
388 3998 585 4071 impediebat,
632 4001 710 4073 quod
746 4000 833 4056 biduo
870 4010 937 4058 ante
973 4012 1130 4077 pugnatum
1166 4005 1299 4062 dicebatur.
