<?xml version="1.0" encoding="UTF-8"?>
<!DOCTYPE html PUBLIC "-//W3C//DTD XHTML 1.0 Transitional//EN"
    "http://www.w3.org/TR/xhtml1/DTD/xhtml1-transitional.dtd">
<html xmlns="http://www.w3.org/1999/xhtml" xml:lang="en" lang="en">
 <head>
  <title>
</title>
<meta http-equiv="Content-Type" content="text/html;charset=utf-8" />
  <meta name='ocr-system' content='tesseract 3.04.00' />
  <meta name='ocr-capabilities' content='ocr_page ocr_carea ocr_par ocr_line ocrx_word'/>
</head>
<body>
  <div class='ocr_page' id='page_1' title='image "./titiliviihistor01ussigoog/titiliviihistor01ussigoog_0156.png"; bbox 0 0 2700 4426; ppageno 0'>
   <div class='ocr_carea' id='block_1_1' title="bbox 432 211 1134 277">
    <p class='ocr_par' dir='ltr' id='par_1_1' title="bbox 432 211 1134 277">
     <span class='ocr_line' id='line_1_1' title="bbox 432 211 1134 277; baseline 0.02 -15"><span class='ocrx_word' id='word_1_1' title='bbox 432 213 510 263; x_wconf 67' lang='lat' dir='ltr'><strong>nster</strong></span> <span class='ocrx_word' id='word_1_2' title='bbox 527 211 616 264; x_wconf 80' lang='lat' dir='ltr'><strong>xxrr.</strong></span> <span class='ocrx_word' id='word_1_3' title='bbox 655 211 856 277; x_wconf 62' lang='lat' dir='ltr'><strong>(acuere.)</strong></span> <span class='ocrx_word' id='word_1_4' title='bbox 1077 222 1134 276; x_wconf 78' lang='lat'><strong>115</strong></span> 
     </span>
    </p>
   </div>
   <div class='ocr_carea' id='block_1_2' title="bbox 109 360 1335 472">
    <p class='ocr_par' dir='ltr' id='par_1_2' title="bbox 109 360 1335 472">
     <span class='ocr_line' id='line_1_2' title="bbox 109 360 1335 472; baseline 0.005 -22"><span class='ocrx_word' id='word_1_5' title='bbox 109 376 327 468; x_wconf 81' lang='lat' dir='ltr'><strong>pugnaverunt,</strong></span> <span class='ocrx_word' id='word_1_6' title='bbox 358 396 449 453; x_wconf 86' lang='lat' dir='ltr'><strong>civem</strong></span> <span class='ocrx_word' id='word_1_7' title='bbox 471 394 612 454; x_wconf 82' lang='lat' dir='ltr'><strong>haberet?</strong></span> <span class='ocrx_word' id='word_1_8' title='bbox 642 397 690 452; x_wconf 85' lang='lat' dir='ltr'><strong>Ex</strong></span> <span class='ocrx_word' id='word_1_9' title='bbox 714 396 840 453; x_wconf 90' lang='lat' dir='ltr'><strong>millibus</strong></span> <span class='ocrx_word' id='word_1_10' title='bbox 866 404 976 472; x_wconf 85' lang='lat' dir='ltr'><strong>septem</strong></span> <span class='ocrx_word' id='word_1_11' title='bbox 998 407 1179 458; x_wconf 88' lang='lat' dir='ltr'><strong>armatorum</strong></span> <span class='ocrx_word' id='word_1_12' title='bbox 1193 403 1228 458; x_wconf 83' lang='lat'><strong>19</strong></span> <span class='ocrx_word' id='word_1_13' title='bbox 1286 360 1307 449; x_wconf 28' lang='lat' dir='ltr'><strong>¹:¹ss</strong></span> <span class='ocrx_word' id='word_1_14' title='bbox 1332 375 1335 380; x_wconf 21' lang='grc' dir='ltr'>Ι</span> 
     </span>
    </p>
   </div>
   <div class='ocr_carea' id='block_1_3' title="bbox 108 498 1177 678">
    <p class='ocr_par' dir='ltr' id='par_1_3' title="bbox 108 498 1177 678">
     <span class='ocr_line' id='line_1_3' title="bbox 108 498 1177 578; baseline 0.008 -25"><span class='ocrx_word' id='word_1_15' title='bbox 108 498 239 555; x_wconf 79' lang='lat' dir='ltr'><strong>sexcenti</strong></span> <span class='ocrx_word' id='word_1_16' title='bbox 261 501 446 570; x_wconf 86' lang='lat' dir='ltr'><strong>exstiterunt,</strong></span> <span class='ocrx_word' id='word_1_17' title='bbox 477 501 526 574; x_wconf 91' lang='lat' dir='ltr'><strong>qui</strong></span> <span class='ocrx_word' id='word_1_18' title='bbox 554 518 704 575; x_wconf 82' lang='lat' dir='ltr'><strong>erumpere</strong></span> <span class='ocrx_word' id='word_1_19' title='bbox 735 500 890 569; x_wconf 75' lang='lat' dir='ltr'><strong>auderent,</strong></span> <span class='ocrx_word' id='word_1_20' title='bbox 922 503 971 575; x_wconf 92' lang='lat' dir='ltr'><strong>qui</strong></span> <span class='ocrx_word' id='word_1_21' title='bbox 999 502 1028 559; x_wconf 91' lang='lat' dir='ltr'><strong>in</strong></span> <span class='ocrx_word' id='word_1_22' title='bbox 1051 504 1177 578; x_wconf 86' lang='lat' dir='ltr'><strong>patrium</strong></span> 
     </span>
     <span class='ocr_line' id='line_1_4' title="bbox 109 603 1177 678; baseline 0.005 -19"><span class='ocrx_word' id='word_1_23' title='bbox 109 603 193 660; x_wconf 88' lang='lat' dir='ltr'><strong>liberi</strong></span> <span class='ocrx_word' id='word_1_24' title='bbox 217 611 305 678; x_wconf 85' lang='lat' dir='ltr'><strong>atque</strong></span> <span class='ocrx_word' id='word_1_25' title='bbox 331 607 436 663; x_wconf 85' lang='lat' dir='ltr'><strong>armati</strong></span> <span class='ocrx_word' id='word_1_26' title='bbox 460 607 601 674; x_wconf 77' lang='lat' dir='ltr'><strong>redirent,</strong></span> <span class='ocrx_word' id='word_1_27' title='bbox 633 623 728 678; x_wconf 92' lang='lat' dir='ltr'><strong>neque</strong></span> <span class='ocrx_word' id='word_1_28' title='bbox 757 605 802 661; x_wconf 90' lang='lat' dir='ltr'><strong>his</strong></span> <span class='ocrx_word' id='word_1_29' title='bbox 826 606 969 662; x_wconf 83' lang='lat' dir='ltr'><strong>sexcentis</strong></span> <span class='ocrx_word' id='word_1_30' title='bbox 1004 608 1104 663; x_wconf 89' lang='lat' dir='ltr'><strong>hostes</strong></span> <span class='ocrx_word' id='word_1_31' title='bbox 1125 609 1177 664; x_wconf 90' lang='lat' dir='ltr'><strong>ob·</strong></span> 
     </span>
    </p>
   </div>
   <div class='ocr_carea' id='block_1_4' title="bbox 109 700 1249 786">
    <p class='ocr_par' dir='ltr' id='par_1_4' title="bbox 109 700 1249 786">
     <span class='ocr_line' id='line_1_5' title="bbox 109 700 1249 786; baseline 0.004 -21"><span class='ocrx_word' id='word_1_32' title='bbox 109 709 222 778; x_wconf 81' lang='lat' dir='ltr'><strong>stitere3</strong></span> <span class='ocrx_word' id='word_1_33' title='bbox 268 729 355 784; x_wconf 89' lang='lat' dir='ltr'><strong>quam</strong></span> <span class='ocrx_word' id='word_1_34' title='bbox 383 720 476 768; x_wconf 88' lang='lat' dir='ltr'><strong>tutum</strong></span> <span class='ocrx_word' id='word_1_35' title='bbox 507 711 561 767; x_wconf 87' lang='lat' dir='ltr'><strong>iter</strong></span> <span class='ocrx_word' id='word_1_36' title='bbox 598 711 720 766; x_wconf 91' lang='lat' dir='ltr'><strong>duarum</strong></span> <span class='ocrx_word' id='word_1_37' title='bbox 760 727 853 784; x_wconf 89' lang='lat' dir='ltr'><strong>prope</strong></span> <span class='ocrx_word' id='word_1_38' title='bbox 880 709 1026 783; x_wconf 83' lang='lat' dir='ltr'><strong>legionum</strong></span> <span class='ocrx_word' id='word_1_39' title='bbox 1068 700 1249 786; x_wconf 34' lang='lat' dir='ltr'><strong>agmini20&#39;</strong></span> 
     </span>
    </p>
   </div>
   <div class='ocr_carea' id='block_1_5' title="bbox 108 813 1176 1101">
    <p class='ocr_par' dir='ltr' id='par_1_5' title="bbox 108 813 1176 1101">
     <span class='ocr_line' id='line_1_6' title="bbox 108 813 1176 899; baseline 0.003 -29"><span class='ocrx_word' id='word_1_40' title='bbox 108 813 239 870; x_wconf 88' lang='lat' dir='ltr'><strong>futurum</strong></span> <span class='ocrx_word' id='word_1_41' title='bbox 262 815 384 872; x_wconf 88' lang='lat' dir='ltr'><strong>censetis</strong></span> <span class='ocrx_word' id='word_1_42' title='bbox 405 813 517 872; x_wconf 84' lang='lat' dir='ltr'><strong>fuisse?</strong></span> <span class='ocrx_word' id='word_1_43' title='bbox 549 814 706 871; x_wconf 87' lang='lat' dir='ltr'><strong>Haberetis</strong></span> <span class='ocrx_word' id='word_1_44' title='bbox 733 814 819 870; x_wconf 92' lang='lat' dir='ltr'><strong>hodie</strong></span> <span class='ocrx_word' id='word_1_45' title='bbox 844 815 946 899; x_wconf 82' lang='lat' dir='ltr'><strong>viginti</strong></span> <span class='ocrx_word' id='word_1_46' title='bbox 968 816 1059 873; x_wconf 88' lang='lat' dir='ltr'><strong>millia</strong></span> <span class='ocrx_word' id='word_1_47' title='bbox 1080 835 1176 873; x_wconf 86' lang='lat' dir='ltr'><strong>arma·</strong></span> 
     </span>
     <span class='ocr_line' id='line_1_7' title="bbox 109 918 1175 993; baseline 0.003 -18"><span class='ocrx_word' id='word_1_48' title='bbox 109 929 205 976; x_wconf 86' lang='lat' dir='ltr'><strong>torum</strong></span> <span class='ocrx_word' id='word_1_49' title='bbox 229 918 349 976; x_wconf 79' lang='lat' dir='ltr'><strong>Canusii</strong></span> <span class='ocrx_word' id='word_1_50' title='bbox 384 918 482 990; x_wconf 83' lang='lat' dir='ltr'><strong>fortia,</strong></span> <span class='ocrx_word' id='word_1_51' title='bbox 503 919 614 988; x_wconf 86' lang='lat' dir='ltr'><strong>fidelia,</strong></span> <span class='ocrx_word' id='word_1_52' title='bbox 636 927 734 992; x_wconf 76' lang='lat' dir='ltr'><strong>patres</strong></span> <span class='ocrx_word' id='word_1_53' title='bbox 757 919 922 993; x_wconf 78' lang='lat' dir='ltr'><strong>conscripti.</strong></span> <span class='ocrx_word' id='word_1_54' title='bbox 970 921 1057 977; x_wconf 91' lang='lat' dir='ltr'><strong>Nunc</strong></span> <span class='ocrx_word' id='word_1_55' title='bbox 1078 930 1175 978; x_wconf 87' lang='lat' dir='ltr'><strong>autem</strong></span> 
     </span>
     <span class='ocr_line' id='line_1_8' title="bbox 109 1022 1174 1101; baseline 0.005 -22"><span class='ocrx_word' id='word_1_56' title='bbox 109 1024 356 1096; x_wconf 85' lang='lat' dir='ltr'><strong>quemadmodum</strong></span> <span class='ocrx_word' id='word_1_57' title='bbox 372 1025 403 1080; x_wconf 93' lang='lat' dir='ltr'><strong>hi</strong></span> <span class='ocrx_word' id='word_1_58' title='bbox 416 1026 486 1081; x_wconf 93' lang='lat' dir='ltr'><strong>boni</strong></span> <span class='ocrx_word' id='word_1_59' title='bbox 500 1024 657 1097; x_wconf 86' lang='lat' dir='ltr'><strong>fidelesque</strong></span> <span class='ocrx_word' id='word_1_60' title='bbox 680 1022 762 1096; x_wconf 84' lang='lat' dir='ltr'><strong>(nam</strong></span> <span class='ocrx_word' id='word_1_61' title='bbox 786 1022 914 1092; x_wconf 83' lang='lat' dir='ltr'><strong>„fortes“</strong></span> <span class='ocrx_word' id='word_1_62' title='bbox 937 1042 973 1080; x_wconf 91' lang='lat' dir='ltr'><strong>ne</strong></span> <span class='ocrx_word' id='word_1_63' title='bbox 988 1024 1044 1099; x_wconf 91' lang='lat' dir='ltr'><strong>ipsi</strong></span> <span class='ocrx_word' id='word_1_64' title='bbox 1059 1026 1174 1101; x_wconf 90' lang='lat' dir='ltr'><strong>quidem</strong></span> 
     </span>
    </p>
   </div>
   <div class='ocr_carea' id='block_1_6' title="bbox 1277 212 1299 267">
    <p class='ocr_par' dir='ltr' id='par_1_6' title="bbox 1277 212 1299 267">
     <span class='ocr_line' id='line_1_9' title="bbox 1277 212 1299 267; baseline 0 -2"><span class='ocrx_word' id='word_1_65' title='bbox 1277 212 1299 267; x_wconf 61' lang='lat'><strong>22</strong></span> 
     </span>
    </p>
   </div>
   <div class='ocr_carea' id='block_1_7' title="bbox 1285 442 1307 471">
    <p class='ocr_par' dir='ltr' id='par_1_7' title="bbox 1285 442 1307 471">
     <span class='ocr_line' id='line_1_10' title="bbox 1285 442 1307 471; baseline 0 -6"><span class='ocrx_word' id='word_1_66' title='bbox 1285 442 1307 471; x_wconf 61' lang='lat' dir='ltr'><strong>a,</strong></span> 
     </span>
    </p>
   </div>
   <div class='ocr_carea' id='block_1_8' title="bbox 1281 538 1320 601">
    <p class='ocr_par' dir='ltr' id='par_1_8' title="bbox 1281 538 1320 601">
     <span class='ocr_line' id='line_1_11' title="bbox 1281 538 1320 601; baseline 0.205 -8"><span class='ocrx_word' id='word_1_67' title='bbox 1281 538 1320 601; x_wconf 59' lang='lat'><strong>³1:3-</strong></span> 
     </span>
    </p>
   </div>
   <div class='ocr_carea' id='block_1_9' title="bbox 109 1125 1312 1204">
    <p class='ocr_par' dir='ltr' id='par_1_9' title="bbox 109 1125 1312 1204">
     <span class='ocr_line' id='line_1_12' title="bbox 109 1125 1312 1204; baseline 0.004 -21"><span class='ocrx_word' id='word_1_68' title='bbox 109 1125 247 1202; x_wconf 80' lang='lat' dir='ltr'><strong>dixerint)</strong></span> <span class='ocrx_word' id='word_1_69' title='bbox 277 1128 355 1185; x_wconf 91' lang='lat' dir='ltr'><strong>cives</strong></span> <span class='ocrx_word' id='word_1_70' title='bbox 384 1147 449 1185; x_wconf 86' lang='lat' dir='ltr'><strong>esse</strong></span> <span class='ocrx_word' id='word_1_71' title='bbox 474 1127 616 1204; x_wconf 85' lang='lat' dir='ltr'><strong>possunt?</strong></span> <span class='ocrx_word' id='word_1_72' title='bbox 651 1128 717 1186; x_wconf 91' lang='lat' dir='ltr'><strong>Nisi</strong></span> <span class='ocrx_word' id='word_1_73' title='bbox 747 1126 811 1200; x_wconf 90' lang='lat' dir='ltr'><strong>quis</strong></span> <span class='ocrx_word' id='word_1_74' title='bbox 837 1128 954 1184; x_wconf 91' lang='lat' dir='ltr'><strong>credere</strong></span> <span class='ocrx_word' id='word_1_75' title='bbox 984 1137 1094 1202; x_wconf 85' lang='lat' dir='ltr'><strong>potest,</strong></span> <span class='ocrx_word' id='word_1_76' title='bbox 1124 1131 1221 1187; x_wconf 84' lang='lat' dir='ltr'><strong>aut2l</strong></span> <span class='ocrx_word' id='word_1_77' title='bbox 1310 1132 1312 1136; x_wconf 78' lang='grc'><strong>’</strong></span> 
     </span>
    </p>
   </div>
   <div class='ocr_carea' id='block_1_10' title="bbox 105 1230 1224 2874">
    <p class='ocr_par' dir='ltr' id='par_1_10' title="bbox 105 1230 1224 2874">
     <span class='ocr_line' id='line_1_13' title="bbox 108 1230 1175 1308; baseline 0.005 -21"><span class='ocrx_word' id='word_1_78' title='bbox 108 1230 219 1288; x_wconf 87' lang='lat' dir='ltr'><strong>favisse</strong></span> <span class='ocrx_word' id='word_1_79' title='bbox 250 1233 481 1308; x_wconf 83' lang='lat' dir='ltr'><strong>erumpentibus,</strong></span> <span class='ocrx_word' id='word_1_80' title='bbox 516 1235 581 1308; x_wconf 88' lang='lat' dir='ltr'><strong>qui,</strong></span> <span class='ocrx_word' id='word_1_81' title='bbox 612 1251 648 1288; x_wconf 92' lang='lat' dir='ltr'><strong>ne</strong></span> <span class='ocrx_word' id='word_1_82' title='bbox 675 1240 872 1305; x_wconf 89' lang='lat' dir='ltr'><strong>erumperent,</strong></span> <span class='ocrx_word' id='word_1_83' title='bbox 906 1233 1046 1289; x_wconf 88' lang='lat' dir='ltr'><strong>obsistere</strong></span> <span class='ocrx_word' id='word_1_84' title='bbox 1078 1236 1175 1292; x_wconf 86' lang='lat' dir='ltr'><strong>conati</strong></span> 
     </span>
     <span class='ocr_line' id='line_1_14' title="bbox 108 1335 1174 1412; baseline 0.003 -20"><span class='ocrx_word' id='word_1_85' title='bbox 108 1345 185 1407; x_wconf 86' lang='lat' dir='ltr'><strong>sunt,</strong></span> <span class='ocrx_word' id='word_1_86' title='bbox 208 1346 338 1395; x_wconf 88' lang='lat' dir='ltr'><strong>autnon</strong></span> <span class='ocrx_word' id='word_1_87' title='bbox 360 1338 489 1395; x_wconf 87' lang='lat' dir='ltr'><strong>invidere</strong></span> <span class='ocrx_word' id='word_1_88' title='bbox 504 1357 554 1395; x_wconf 90' lang='lat' dir='ltr'><strong>eos</strong></span> <span class='ocrx_word' id='word_1_89' title='bbox 577 1357 665 1412; x_wconf 89' lang='lat' dir='ltr'><strong>quum</strong></span> <span class='ocrx_word' id='word_1_90' title='bbox 687 1335 886 1404; x_wconf 83' lang='lat' dir='ltr'><strong>incolumitati,</strong></span> <span class='ocrx_word' id='word_1_91' title='bbox 907 1344 967 1392; x_wconf 84' lang='lat' dir='ltr'><strong>tum</strong></span> <span class='ocrx_word' id='word_1_92' title='bbox 989 1338 1089 1412; x_wconf 84' lang='lat' dir='ltr'><strong>gloriae</strong></span> <span class='ocrx_word' id='word_1_93' title='bbox 1109 1338 1174 1396; x_wconf 92' lang='lat' dir='ltr'><strong>illo·</strong></span> 
     </span>
     <span class='ocr_line' id='line_1_15' title="bbox 107 1439 1174 1518; baseline 0.002 -20"><span class='ocrx_word' id='word_1_94' title='bbox 107 1461 172 1498; x_wconf 88' lang='lat' dir='ltr'><strong>rum</strong></span> <span class='ocrx_word' id='word_1_95' title='bbox 203 1460 256 1517; x_wconf 91' lang='lat' dir='ltr'><strong>per</strong></span> <span class='ocrx_word' id='word_1_96' title='bbox 287 1443 423 1500; x_wconf 87' lang='lat' dir='ltr'><strong>virtutem</strong></span> <span class='ocrx_word' id='word_1_97' title='bbox 456 1452 561 1516; x_wconf 82' lang='lat' dir='ltr'><strong>partae,</strong></span> <span class='ocrx_word' id='word_1_98' title='bbox 597 1460 684 1515; x_wconf 90' lang='lat' dir='ltr'><strong>quum</strong></span> <span class='ocrx_word' id='word_1_99' title='bbox 717 1441 772 1497; x_wconf 92' lang='lat' dir='ltr'><strong>sibi</strong></span> <span class='ocrx_word' id='word_1_100' title='bbox 805 1439 936 1496; x_wconf 88' lang='lat' dir='ltr'><strong>timorem</strong></span> <span class='ocrx_word' id='word_1_101' title='bbox 968 1443 1174 1518; x_wconf 84' lang='lat' dir='ltr'><strong>ignaviamque</strong></span> 
     </span>
     <span class='ocr_line' id='line_1_16' title="bbox 108 1545 1224 1621; baseline -0.002 -19"><span class='ocrx_word' id='word_1_102' title='bbox 108 1547 257 1603; x_wconf 88' lang='lat' dir='ltr'><strong>servitutis</strong></span> <span class='ocrx_word' id='word_1_103' title='bbox 278 1547 478 1621; x_wconf 80' lang='lat' dir='ltr'><strong>ignominiosae</strong></span> <span class='ocrx_word' id='word_1_104' title='bbox 500 1564 618 1603; x_wconf 88' lang='lat' dir='ltr'><strong>causam</strong></span> <span class='ocrx_word' id='word_1_105' title='bbox 644 1549 708 1602; x_wconf 87' lang='lat' dir='ltr'><strong>esse</strong></span> <span class='ocrx_word' id='word_1_106' title='bbox 728 1545 830 1600; x_wconf 87' lang='lat' dir='ltr'><strong>sciant.</strong></span> <span class='ocrx_word' id='word_1_107' title='bbox 873 1545 1041 1603; x_wconf 87' lang='lat' dir='ltr'><strong>Maluerunt</strong></span> <span class='ocrx_word' id='word_1_108' title='bbox 1059 1548 1090 1603; x_wconf 92' lang='lat' dir='ltr'><strong>iu</strong></span> <span class='ocrx_word' id='word_1_109' title='bbox 1110 1556 1172 1603; x_wconf 86' lang='lat' dir='ltr'><strong>ten·</strong></span> <span class='ocrx_word' id='word_1_110' title='bbox 1187 1547 1224 1601; x_wconf 79' lang='lat'><strong>22</strong></span> 
     </span>
     <span class='ocr_line' id='line_1_17' title="bbox 108 1649 1172 1725; baseline 0.001 -19"><span class='ocrx_word' id='word_1_111' title='bbox 108 1650 191 1707; x_wconf 89' lang='lat' dir='ltr'><strong>toriis</strong></span> <span class='ocrx_word' id='word_1_112' title='bbox 222 1651 344 1709; x_wconf 87' lang='lat' dir='ltr'><strong>latentes</strong></span> <span class='ocrx_word' id='word_1_113' title='bbox 374 1653 460 1708; x_wconf 91' lang='lat' dir='ltr'><strong>simul</strong></span> <span class='ocrx_word' id='word_1_114' title='bbox 492 1652 585 1708; x_wconf 91' lang='lat' dir='ltr'><strong>lucem</strong></span> <span class='ocrx_word' id='word_1_115' title='bbox 618 1661 706 1724; x_wconf 89' lang='lat' dir='ltr'><strong>atque</strong></span> <span class='ocrx_word' id='word_1_116' title='bbox 727 1652 840 1707; x_wconf 85' lang='lat' dir='ltr'><strong>hostem</strong></span> <span class='ocrx_word' id='word_1_117' title='bbox 869 1649 1053 1724; x_wconf 76' lang='lat' dir='ltr'><strong>exspectare,</strong></span> <span class='ocrx_word' id='word_1_118' title='bbox 1084 1670 1172 1725; x_wconf 91' lang='lat' dir='ltr'><strong>quum</strong></span> 
     </span>
     <span class='ocr_line' id='line_1_18' title="bbox 108 1751 1172 1830; baseline -0.001 -19"><span class='ocrx_word' id='word_1_119' title='bbox 108 1754 223 1812; x_wconf 90' lang='lat' dir='ltr'><strong>silentio</strong></span> <span class='ocrx_word' id='word_1_120' title='bbox 245 1757 338 1813; x_wconf 89' lang='lat' dir='ltr'><strong>noctis</strong></span> <span class='ocrx_word' id='word_1_121' title='bbox 360 1757 528 1830; x_wconf 91' lang='lat' dir='ltr'><strong>erumpendi</strong></span> <span class='ocrx_word' id='word_1_122' title='bbox 555 1756 670 1812; x_wconf 87' lang='lat' dir='ltr'><strong>occasio</strong></span> <span class='ocrx_word' id='word_1_123' title='bbox 692 1763 775 1812; x_wconf 89' lang='lat' dir='ltr'><strong>esset.</strong></span> <span class='ocrx_word' id='word_1_124' title='bbox 828 1751 869 1808; x_wconf 77' lang='lat' dir='ltr'><strong>Ar</strong></span> <span class='ocrx_word' id='word_1_125' title='bbox 896 1753 933 1809; x_wconf 88' lang='lat' dir='ltr'><strong>ad</strong></span> <span class='ocrx_word' id='word_1_126' title='bbox 965 1755 1172 1828; x_wconf 88' lang='lat' dir='ltr'><strong>erumpendum</strong></span> 
     </span>
     <span class='ocr_line' id='line_1_19' title="bbox 108 1855 1172 1930; baseline 0.001 -16"><span class='ocrx_word' id='word_1_127' title='bbox 108 1876 125 1914; x_wconf 92' lang='grc' dir='ltr'>ε</span> <span class='ocrx_word' id='word_1_128' title='bbox 156 1860 260 1917; x_wconf 84' lang='lat' dir='ltr'><strong>castris</strong></span> <span class='ocrx_word' id='word_1_129' title='bbox 283 1859 374 1918; x_wconf 89' lang='lat' dir='ltr'><strong>defuit</strong></span> <span class='ocrx_word' id='word_1_130' title='bbox 402 1861 530 1930; x_wconf 88' lang='lat' dir='ltr'><strong>animus,</strong></span> <span class='ocrx_word' id='word_1_131' title='bbox 561 1861 599 1917; x_wconf 89' lang='lat' dir='ltr'><strong>ad</strong></span> <span class='ocrx_word' id='word_1_132' title='bbox 626 1859 748 1915; x_wconf 90' lang='lat' dir='ltr'><strong>tutanda</strong></span> <span class='ocrx_word' id='word_1_133' title='bbox 775 1855 889 1915; x_wconf 80' lang='lat' dir='ltr'><strong>fortiter</strong></span> <span class='ocrx_word' id='word_1_134' title='bbox 919 1866 1016 1915; x_wconf 86' lang='lat' dir='ltr'><strong>castra</strong></span> <span class='ocrx_word' id='word_1_135' title='bbox 1044 1859 1172 1915; x_wconf 89' lang='lat' dir='ltr'><strong>animum</strong></span> 
     </span>
     <span class='ocr_line' id='line_1_20' title="bbox 107 1961 1223 2037; baseline -0.001 -19"><span class='ocrx_word' id='word_1_136' title='bbox 107 1963 287 2034; x_wconf 89' lang='lat' dir='ltr'><strong>habuerunt;</strong></span> <span class='ocrx_word' id='word_1_137' title='bbox 319 1965 380 2020; x_wconf 93' lang='lat' dir='ltr'><strong>dies</strong></span> <span class='ocrx_word' id='word_1_138' title='bbox 406 1972 565 2036; x_wconf 67' lang='lat' dir='ltr'><strong>noctesque,</strong></span> <span class='ocrx_word' id='word_1_139' title='bbox 591 1963 702 2037; x_wconf 86' lang='lat' dir='ltr'><strong>aliquot</strong></span> <span class='ocrx_word' id='word_1_140' title='bbox 731 1962 842 2018; x_wconf 89' lang='lat' dir='ltr'><strong>obsessi</strong></span> <span class='ocrx_word' id='word_1_141' title='bbox 868 1961 975 2018; x_wconf 87' lang='lat' dir='ltr'><strong>vallum</strong></span> <span class='ocrx_word' id='word_1_142' title='bbox 998 1962 1103 2031; x_wconf 89' lang='lat' dir='ltr'><strong>armis,</strong></span> <span class='ocrx_word' id='word_1_143' title='bbox 1140 1981 1172 2020; x_wconf 89' lang='lat' dir='ltr'><strong>se</strong></span> <span class='ocrx_word' id='word_1_144' title='bbox 1185 1963 1223 2017; x_wconf 84' lang='lat'><strong>23</strong></span> 
     </span>
     <span class='ocr_line' id='line_1_21' title="bbox 107 2066 1171 2142; baseline 0.003 -20"><span class='ocrx_word' id='word_1_145' title='bbox 107 2066 165 2141; x_wconf 92' lang='lat' dir='ltr'><strong>ipsi</strong></span> <span class='ocrx_word' id='word_1_146' title='bbox 198 2069 283 2125; x_wconf 85' lang='lat' dir='ltr'><strong>tutati</strong></span> <span class='ocrx_word' id='word_1_147' title='bbox 313 2068 392 2125; x_wconf 87' lang='lat' dir='ltr'><strong>vallo</strong></span> <span class='ocrx_word' id='word_1_148' title='bbox 423 2077 504 2137; x_wconf 83' lang='lat' dir='ltr'><strong>sunt3</strong></span> <span class='ocrx_word' id='word_1_149' title='bbox 536 2069 651 2124; x_wconf 88' lang='lat' dir='ltr'><strong>tandem</strong></span> <span class='ocrx_word' id='word_1_150' title='bbox 681 2068 784 2124; x_wconf 87' lang='lat' dir='ltr'><strong>ultima</strong></span> <span class='ocrx_word' id='word_1_151' title='bbox 814 2067 877 2124; x_wconf 87' lang='lat' dir='ltr'><strong>ausi</strong></span> <span class='ocrx_word' id='word_1_152' title='bbox 903 2067 1055 2142; x_wconf 89' lang='lat' dir='ltr'><strong>passique,</strong></span> <span class='ocrx_word' id='word_1_153' title='bbox 1082 2085 1171 2142; x_wconf 91' lang='lat' dir='ltr'><strong>quum</strong></span> 
     </span>
     <span class='ocr_line' id='line_1_22' title="bbox 107 2169 1172 2246; baseline 0.004 -20"><span class='ocrx_word' id='word_1_154' title='bbox 107 2171 207 2227; x_wconf 86' lang='lat' dir='ltr'><strong>omnia</strong></span> <span class='ocrx_word' id='word_1_155' title='bbox 235 2173 365 2229; x_wconf 88' lang='lat' dir='ltr'><strong>subsidia</strong></span> <span class='ocrx_word' id='word_1_156' title='bbox 391 2173 458 2228; x_wconf 86' lang='lat' dir='ltr'><strong>vitae</strong></span> <span class='ocrx_word' id='word_1_157' title='bbox 489 2173 623 2228; x_wconf 87' lang='lat' dir='ltr'><strong>deessent</strong></span> <span class='ocrx_word' id='word_1_158' title='bbox 651 2170 821 2246; x_wconf 85' lang='lat' dir='ltr'><strong>affectisque</strong></span> <span class='ocrx_word' id='word_1_159' title='bbox 849 2169 928 2227; x_wconf 88' lang='lat' dir='ltr'><strong>fame</strong></span> <span class='ocrx_word' id='word_1_160' title='bbox 958 2170 1068 2228; x_wconf 87' lang='lat' dir='ltr'><strong>viribus</strong></span> <span class='ocrx_word' id='word_1_161' title='bbox 1090 2191 1172 2230; x_wconf 89' lang='lat' dir='ltr'><strong>arma</strong></span> 
     </span>
     <span class='ocr_line' id='line_1_23' title="bbox 105 2276 1169 2352; baseline 0.003 -20"><span class='ocrx_word' id='word_1_162' title='bbox 105 2276 164 2332; x_wconf 87' lang='lat' dir='ltr'><strong>iam</strong></span> <span class='ocrx_word' id='word_1_163' title='bbox 194 2276 335 2333; x_wconf 88' lang='lat' dir='ltr'><strong>sustinere</strong></span> <span class='ocrx_word' id='word_1_164' title='bbox 363 2276 527 2350; x_wconf 84' lang='lat' dir='ltr'><strong>nequirent,</strong></span> <span class='ocrx_word' id='word_1_165' title='bbox 555 2276 775 2333; x_wconf 87' lang='lat' dir='ltr'><strong>necessitatibus</strong></span> <span class='ocrx_word' id='word_1_166' title='bbox 803 2276 897 2350; x_wconf 86' lang='lat' dir='ltr'><strong>magis</strong></span> <span class='ocrx_word' id='word_1_167' title='bbox 923 2277 1057 2334; x_wconf 87' lang='lat' dir='ltr'><strong>humanis</strong></span> <span class='ocrx_word' id='word_1_168' title='bbox 1083 2297 1169 2352; x_wconf 89' lang='lat' dir='ltr'><strong>quam</strong></span> 
     </span>
     <span class='ocr_line' id='line_1_24' title="bbox 106 2378 1222 2452; baseline -0.004 -15"><span class='ocrx_word' id='word_1_169' title='bbox 106 2378 197 2438; x_wconf 84' lang='lat' dir='ltr'><strong>armis</strong></span> <span class='ocrx_word' id='word_1_170' title='bbox 219 2381 288 2438; x_wconf 85' lang='lat' dir='ltr'><strong>victi</strong></span> <span class='ocrx_word' id='word_1_171' title='bbox 309 2392 385 2440; x_wconf 89' lang='lat' dir='ltr'><strong>suut.</strong></span> <span class='ocrx_word' id='word_1_172' title='bbox 433 2379 507 2438; x_wconf 91' lang='lat' dir='ltr'><strong>Orto</strong></span> <span class='ocrx_word' id='word_1_173' title='bbox 534 2381 596 2438; x_wconf 89' lang='lat' dir='ltr'><strong>sole</strong></span> <span class='ocrx_word' id='word_1_174' title='bbox 625 2382 717 2438; x_wconf 88' lang='lat' dir='ltr'><strong>hostis</strong></span> <span class='ocrx_word' id='word_1_175' title='bbox 745 2381 782 2436; x_wconf 88' lang='lat' dir='ltr'><strong>ad</strong></span> <span class='ocrx_word' id='word_1_176' title='bbox 809 2380 917 2437; x_wconf 86' lang='lat' dir='ltr'><strong>vallum</strong></span> <span class='ocrx_word' id='word_1_177' title='bbox 941 2382 1075 2452; x_wconf 81' lang='lat' dir='ltr'><strong>accessit3</strong></span> <span class='ocrx_word' id='word_1_178' title='bbox 1104 2391 1171 2439; x_wconf 90' lang='lat' dir='ltr'><strong>aute</strong></span> <span class='ocrx_word' id='word_1_179' title='bbox 1185 2379 1222 2434; x_wconf 79' lang='lat'><strong>24</strong></span> 
     </span>
     <span class='ocr_line' id='line_1_25' title="bbox 105 2484 1170 2559; baseline 0.001 -17"><span class='ocrx_word' id='word_1_180' title='bbox 105 2485 272 2543; x_wconf 83' lang='lat' dir='ltr'><strong>secundam·</strong></span> <span class='ocrx_word' id='word_1_181' title='bbox 286 2486 399 2554; x_wconf 90' lang='lat' dir='ltr'><strong>horam,</strong></span> <span class='ocrx_word' id='word_1_182' title='bbox 421 2484 530 2541; x_wconf 88' lang='lat' dir='ltr'><strong>nullam</strong></span> <span class='ocrx_word' id='word_1_183' title='bbox 552 2484 699 2543; x_wconf 89' lang='lat' dir='ltr'><strong>fortunam</strong></span> <span class='ocrx_word' id='word_1_184' title='bbox 721 2484 886 2542; x_wconf 83' lang='lat' dir='ltr'><strong>certaminis</strong></span> <span class='ocrx_word' id='word_1_185' title='bbox 902 2487 1023 2559; x_wconf 85' lang='lat' dir='ltr'><strong>experti,</strong></span> <span class='ocrx_word' id='word_1_186' title='bbox 1045 2487 1170 2543; x_wconf 87' lang='lat' dir='ltr'><strong>tradide-</strong></span> 
     </span>
     <span class='ocr_line' id='line_1_26' title="bbox 105 2589 1223 2665; baseline -0.002 -19"><span class='ocrx_word' id='word_1_187' title='bbox 105 2598 175 2647; x_wconf 89' lang='lat' dir='ltr'><strong>runt</strong></span> <span class='ocrx_word' id='word_1_188' title='bbox 206 2608 289 2646; x_wconf 85' lang='lat' dir='ltr'><strong>arma</strong></span> <span class='ocrx_word' id='word_1_189' title='bbox 322 2608 357 2647; x_wconf 92' lang='lat' dir='ltr'><strong>ac</strong></span> <span class='ocrx_word' id='word_1_190' title='bbox 390 2607 422 2646; x_wconf 90' lang='lat' dir='ltr'><strong>se</strong></span> <span class='ocrx_word' id='word_1_191' title='bbox 455 2590 544 2665; x_wconf 88' lang='lat' dir='ltr'><strong>ipsos.</strong></span> <span class='ocrx_word' id='word_1_192' title='bbox 598 2591 670 2647; x_wconf 82' lang='lat' dir='ltr'><strong>Haec</strong></span> <span class='ocrx_word' id='word_1_193' title='bbox 701 2590 785 2647; x_wconf 88' lang='lat' dir='ltr'><strong>vobis</strong></span> <span class='ocrx_word' id='word_1_194' title='bbox 817 2591 938 2646; x_wconf 88' lang='lat' dir='ltr'><strong>istorum</strong></span> <span class='ocrx_word' id='word_1_195' title='bbox 971 2609 1024 2664; x_wconf 90' lang='lat' dir='ltr'><strong>per</strong></span> <span class='ocrx_word' id='word_1_196' title='bbox 1051 2590 1170 2646; x_wconf 90' lang='lat' dir='ltr'><strong>biduum</strong></span> <span class='ocrx_word' id='word_1_197' title='bbox 1185 2589 1223 2644; x_wconf 81' lang='lat'><strong>25</strong></span> 
     </span>
     <span class='ocr_line' id='line_1_27' title="bbox 107 2693 1169 2769; baseline -0.001 -17"><span class='ocrx_word' id='word_1_198' title='bbox 107 2694 211 2752; x_wconf 86' lang='lat' dir='ltr'><strong>militie</strong></span> <span class='ocrx_word' id='word_1_199' title='bbox 232 2693 298 2758; x_wconf 72' lang='lat' dir='ltr'><strong>fuit,</strong></span> <span class='ocrx_word' id='word_1_200' title='bbox 346 2693 444 2766; x_wconf 77' lang='lat' dir='ltr'><strong>Quum</strong></span> <span class='ocrx_word' id='word_1_201' title='bbox 464 2696 492 2749; x_wconf 80' lang='lat' dir='ltr'><strong>in</strong></span> <span class='ocrx_word' id='word_1_202' title='bbox 514 2695 576 2750; x_wconf 88' lang='lat' dir='ltr'><strong>acie</strong></span> <span class='ocrx_word' id='word_1_203' title='bbox 607 2703 685 2751; x_wconf 85' lang='lat' dir='ltr'><strong>stare</strong></span> <span class='ocrx_word' id='word_1_204' title='bbox 715 2714 750 2750; x_wconf 90' lang='lat' dir='ltr'><strong>ac</strong></span> <span class='ocrx_word' id='word_1_205' title='bbox 780 2712 912 2769; x_wconf 88' lang='lat' dir='ltr'><strong>pugnare</strong></span> <span class='ocrx_word' id='word_1_206' title='bbox 934 2694 1079 2761; x_wconf 87' lang='lat' dir='ltr'><strong>decuerat,</strong></span> <span class='ocrx_word' id='word_1_207' title='bbox 1109 2703 1169 2751; x_wconf 84' lang='lat' dir='ltr'><strong>tum</strong></span> 
     </span>
     <span class='ocr_line' id='line_1_28' title="bbox 106 2797 1172 2874; baseline 0 -20"><span class='ocrx_word' id='word_1_208' title='bbox 106 2799 137 2855; x_wconf 93' lang='lat' dir='ltr'><strong>in</strong></span> <span class='ocrx_word' id='word_1_209' title='bbox 161 2807 259 2856; x_wconf 86' lang='lat' dir='ltr'><strong>castra</strong></span> <span class='ocrx_word' id='word_1_210' title='bbox 279 2798 461 2874; x_wconf 80' lang='lat' dir='ltr'><strong>refugerunt3</strong></span> <span class='ocrx_word' id='word_1_211' title='bbox 493 2817 580 2873; x_wconf 90' lang='lat' dir='ltr'><strong>quum</strong></span> <span class='ocrx_word' id='word_1_212' title='bbox 603 2816 656 2871; x_wconf 90' lang='lat' dir='ltr'><strong>pro</strong></span> <span class='ocrx_word' id='word_1_213' title='bbox 671 2797 750 2854; x_wconf 84' lang='lat' dir='ltr'><strong>vallo</strong></span> <span class='ocrx_word' id='word_1_214' title='bbox 772 2797 959 2871; x_wconf 85' lang='lat' dir='ltr'><strong>pugnandum</strong></span> <span class='ocrx_word' id='word_1_215' title='bbox 982 2806 1052 2866; x_wconf 86' lang='lat' dir='ltr'><strong>erat,</strong></span> <span class='ocrx_word' id='word_1_216' title='bbox 1075 2806 1172 2854; x_wconf 86' lang='lat' dir='ltr'><strong>castra</strong></span> 
     </span>
    </p>
   </div>
   <div class='ocr_carea' id='block_1_11' title="bbox 107 2899 1299 2977">
    <p class='ocr_par' dir='ltr' id='par_1_11' title="bbox 107 2899 1299 2977">
     <span class='ocr_line' id='line_1_29' title="bbox 107 2899 1299 2977; baseline -0.006 -17"><span class='ocrx_word' id='word_1_217' title='bbox 107 2903 300 2974; x_wconf 86' lang='lat' dir='ltr'><strong>tradiderunt,</strong></span> <span class='ocrx_word' id='word_1_218' title='bbox 327 2922 422 2977; x_wconf 89' lang='lat' dir='ltr'><strong>neque</strong></span> <span class='ocrx_word' id='word_1_219' title='bbox 448 2904 478 2959; x_wconf 92' lang='lat' dir='ltr'><strong>in</strong></span> <span class='ocrx_word' id='word_1_220' title='bbox 508 2902 569 2959; x_wconf 89' lang='lat' dir='ltr'><strong>acie</strong></span> <span class='ocrx_word' id='word_1_221' title='bbox 595 2919 689 2975; x_wconf 91' lang='lat' dir='ltr'><strong>neque</strong></span> <span class='ocrx_word' id='word_1_222' title='bbox 711 2901 741 2956; x_wconf 91' lang='lat' dir='ltr'><strong>in</strong></span> <span class='ocrx_word' id='word_1_223' title='bbox 769 2901 871 2958; x_wconf 86' lang='lat' dir='ltr'><strong>castris</strong></span> <span class='ocrx_word' id='word_1_224' title='bbox 900 2901 992 2957; x_wconf 88' lang='lat' dir='ltr'><strong>utiles.</strong></span> <span class='ocrx_word' id='word_1_225' title='bbox 1046 2901 1086 2956; x_wconf 87' lang='lat' dir='ltr'><strong>Et</strong></span> <span class='ocrx_word' id='word_1_226' title='bbox 1118 2899 1223 2957; x_wconf 82' lang='lat' dir='ltr'><strong>vos26</strong></span> <span class='ocrx_word' id='word_1_227' title='bbox 1295 2910 1299 2921; x_wconf 86' lang='lat'>&#39;</span> 
     </span>
    </p>
   </div>
   <div class='ocr_carea' id='block_1_12' title="bbox 66 3004 1222 4090">
    <p class='ocr_par' dir='ltr' id='par_1_12' title="bbox 107 3004 1173 3186">
     <span class='ocr_line' id='line_1_30' title="bbox 107 3004 1171 3082; baseline -0.004 -18"><span class='ocrx_word' id='word_1_228' title='bbox 107 3007 270 3064; x_wconf 84' lang='lat' dir='ltr'><strong>redimam?</strong></span> <span class='ocrx_word' id='word_1_229' title='bbox 295 3008 391 3081; x_wconf 77' lang='lat' dir='ltr'><strong>Quum</strong></span> <span class='ocrx_word' id='word_1_230' title='bbox 408 3025 558 3082; x_wconf 88' lang='lat' dir='ltr'><strong>erumpere</strong></span> <span class='ocrx_word' id='word_1_231' title='bbox 573 3024 587 3062; x_wconf 91' lang='lat' dir='ltr'><strong>e</strong></span> <span class='ocrx_word' id='word_1_232' title='bbox 601 3005 704 3062; x_wconf 87' lang='lat' dir='ltr'><strong>castris</strong></span> <span class='ocrx_word' id='word_1_233' title='bbox 719 3014 842 3079; x_wconf 85' lang='lat' dir='ltr'><strong>oportet,</strong></span> <span class='ocrx_word' id='word_1_234' title='bbox 865 3004 1038 3062; x_wconf 86' lang='lat' dir='ltr'><strong>cunctamini</strong></span> <span class='ocrx_word' id='word_1_235' title='bbox 1053 3021 1088 3060; x_wconf 87' lang='lat' dir='ltr'><strong>ao</strong></span> <span class='ocrx_word' id='word_1_236' title='bbox 1110 3023 1171 3061; x_wconf 89' lang='lat' dir='ltr'><strong>ma·</strong></span> 
     </span>
     <span class='ocr_line' id='line_1_31' title="bbox 107 3109 1173 3186; baseline -0.004 -18"><span class='ocrx_word' id='word_1_237' title='bbox 107 3112 196 3180; x_wconf 73' lang='lat' dir='ltr'><strong>netis,</strong></span> <span class='ocrx_word' id='word_1_238' title='bbox 231 3131 319 3186; x_wconf 88' lang='lat' dir='ltr'><strong>quum</strong></span> <span class='ocrx_word' id='word_1_239' title='bbox 350 3130 468 3168; x_wconf 84' lang='lat' dir='ltr'><strong>manere</strong></span> <span class='ocrx_word' id='word_1_240' title='bbox 497 3121 522 3166; x_wconf 84' lang='lat' dir='ltr'><strong>et</strong></span> <span class='ocrx_word' id='word_1_241' title='bbox 551 3120 647 3166; x_wconf 87' lang='lat' dir='ltr'><strong>castra</strong></span> <span class='ocrx_word' id='word_1_242' title='bbox 677 3109 765 3165; x_wconf 86' lang='lat' dir='ltr'><strong>tutari</strong></span> <span class='ocrx_word' id='word_1_243' title='bbox 795 3110 883 3166; x_wconf 91' lang='lat' dir='ltr'><strong>armis</strong></span> <span class='ocrx_word' id='word_1_244' title='bbox 910 3126 1027 3166; x_wconf 88' lang='lat' dir='ltr'><strong>necesse</strong></span> <span class='ocrx_word' id='word_1_245' title='bbox 1054 3116 1111 3178; x_wconf 88' lang='lat' dir='ltr'><strong>est,</strong></span> <span class='ocrx_word' id='word_1_246' title='bbox 1145 3118 1173 3165; x_wconf 89' lang='lat' dir='ltr'><strong>et</strong></span> 
     </span>
    </p>

    <p class='ocr_par' dir='ltr' id='par_1_13' title="bbox 66 3211 1222 3599">
     <span class='ocr_line' id='line_1_32' title="bbox 66 3211 1222 3289; baseline -0.009 -14"><span class='ocrx_word' id='word_1_247' title='bbox 66 3254 69 3259; x_wconf 92' lang='lat'><em>-</em></span> <span class='ocrx_word' id='word_1_248' title='bbox 108 3225 207 3274; x_wconf 87' lang='lat' dir='ltr'><strong>castra</strong></span> <span class='ocrx_word' id='word_1_249' title='bbox 230 3226 258 3274; x_wconf 93' lang='lat' dir='ltr'><strong>et</strong></span> <span class='ocrx_word' id='word_1_250' title='bbox 280 3233 363 3272; x_wconf 87' lang='lat' dir='ltr'><strong>arma</strong></span> <span class='ocrx_word' id='word_1_251' title='bbox 389 3223 418 3269; x_wconf 92' lang='lat' dir='ltr'><strong>et</strong></span> <span class='ocrx_word' id='word_1_252' title='bbox 446 3231 499 3269; x_wconf 90' lang='lat' dir='ltr'><strong>vos</strong></span> <span class='ocrx_word' id='word_1_253' title='bbox 524 3214 604 3288; x_wconf 87' lang='lat' dir='ltr'><strong>ipsos</strong></span> <span class='ocrx_word' id='word_1_254' title='bbox 629 3212 745 3280; x_wconf 16' lang='lat' dir='ltr'><strong>,traditis</strong></span> <span class='ocrx_word' id='word_1_255' title='bbox 769 3214 854 3274; x_wconf 90' lang='lat' dir='ltr'><strong>hosti.</strong></span> <span class='ocrx_word' id='word_1_256' title='bbox 906 3215 971 3289; x_wconf 84' lang='lat' dir='ltr'><strong>Ego</strong></span> <span class='ocrx_word' id='word_1_257' title='bbox 998 3232 1057 3269; x_wconf 90' lang='lat' dir='ltr'><strong>uon</strong></span> <span class='ocrx_word' id='word_1_258' title='bbox 1079 3214 1172 3287; x_wconf 82' lang='lat' dir='ltr'><strong>magis</strong></span> <span class='ocrx_word' id='word_1_259' title='bbox 1186 3211 1222 3266; x_wconf 78' lang='lat'><strong>27</strong></span> 
     </span>
     <span class='ocr_line' id='line_1_33' title="bbox 100 3312 1172 3391; baseline -0.002 -15"><span class='ocrx_word' id='word_1_260' title='bbox 100 3312 180 3376; x_wconf 57' lang='lat' dir='ltr'><strong>⁴istos</strong></span> <span class='ocrx_word' id='word_1_261' title='bbox 195 3318 389 3387; x_wconf 88' lang='lat' dir='ltr'><strong>redimendos,</strong></span> <span class='ocrx_word' id='word_1_262' title='bbox 408 3325 507 3391; x_wconf 88' lang='lat' dir='ltr'><strong>patres</strong></span> <span class='ocrx_word' id='word_1_263' title='bbox 522 3317 686 3390; x_wconf 89' lang='lat' dir='ltr'><strong>conscripti,</strong></span> <span class='ocrx_word' id='word_1_264' title='bbox 708 3333 821 3385; x_wconf 87' lang='lat' dir='ltr'><strong>censeo,</strong></span> <span class='ocrx_word' id='word_1_265' title='bbox 843 3335 930 3391; x_wconf 88' lang='lat' dir='ltr'><strong>quam</strong></span> <span class='ocrx_word' id='word_1_266' title='bbox 945 3317 1010 3374; x_wconf 90' lang='lat' dir='ltr'><strong>illos</strong></span> <span class='ocrx_word' id='word_1_267' title='bbox 1026 3317 1172 3374; x_wconf 90' lang='lat' dir='ltr'><strong>dedendos</strong></span> 
     </span>
     <span class='ocr_line' id='line_1_34' title="bbox 109 3420 1174 3495; baseline -0.002 -15"><span class='ocrx_word' id='word_1_268' title='bbox 109 3422 287 3492; x_wconf 85' lang='lat' dir='ltr'><strong>Hannibali,</strong></span> <span class='ocrx_word' id='word_1_269' title='bbox 310 3420 360 3494; x_wconf 91' lang='lat' dir='ltr'><strong>qui</strong></span> <span class='ocrx_word' id='word_1_270' title='bbox 380 3439 434 3494; x_wconf 89' lang='lat' dir='ltr'><strong>per</strong></span> <span class='ocrx_word' id='word_1_271' title='bbox 454 3421 565 3477; x_wconf 88' lang='lat' dir='ltr'><strong>medios</strong></span> <span class='ocrx_word' id='word_1_272' title='bbox 587 3422 685 3478; x_wconf 85' lang='lat' dir='ltr'><strong>hostes</strong></span> <span class='ocrx_word' id='word_1_273' title='bbox 717 3440 733 3476; x_wconf 89' lang='lat' dir='ltr'><strong>e</strong></span> <span class='ocrx_word' id='word_1_274' title='bbox 761 3420 862 3476; x_wconf 86' lang='lat' dir='ltr'><strong>castris</strong></span> <span class='ocrx_word' id='word_1_275' title='bbox 886 3429 1042 3494; x_wconf 89' lang='lat' dir='ltr'><strong>eruperunt</strong></span> <span class='ocrx_word' id='word_1_276' title='bbox 1064 3438 1098 3477; x_wconf 87' lang='lat' dir='ltr'><strong>ac</strong></span> <span class='ocrx_word' id='word_1_277' title='bbox 1121 3439 1174 3495; x_wconf 90' lang='lat' dir='ltr'><strong>per</strong></span> 
     </span>
     <span class='ocr_line' id='line_1_35' title="bbox 108 3524 853 3599; baseline -0.003 -17"><span class='ocrx_word' id='word_1_278' title='bbox 108 3543 253 3582; x_wconf 86' lang='lat' dir='ltr'><strong>summam</strong></span> <span class='ocrx_word' id='word_1_279' title='bbox 276 3524 411 3580; x_wconf 86' lang='lat' dir='ltr'><strong>virtutem</strong></span> <span class='ocrx_word' id='word_1_280' title='bbox 433 3543 465 3581; x_wconf 90' lang='lat' dir='ltr'><strong>ss</strong></span> <span class='ocrx_word' id='word_1_281' title='bbox 486 3525 588 3599; x_wconf 84' lang='lat' dir='ltr'><strong>patriae</strong></span> <span class='ocrx_word' id='word_1_282' title='bbox 607 3525 820 3582; x_wconf 83' lang='lat' dir='ltr'><strong>restituerunt.“</strong></span> <span class='ocrx_word' id='word_1_283' title='bbox 846 3567 853 3580; x_wconf 88' lang='lat'><strong>.</strong></span> 
     </span>
    </p>

    <p class='ocr_par' dir='ltr' id='par_1_14' title="bbox 108 3629 1190 4015">
     <span class='ocr_line' id='line_1_36' title="bbox 193 3629 1174 3702; baseline 0.002 -17"><span class='ocrx_word' id='word_1_284' title='bbox 193 3631 357 3702; x_wconf 90' lang='lat' dir='ltr'><strong>Postquam</strong></span> <span class='ocrx_word' id='word_1_285' title='bbox 399 3629 527 3686; x_wconf 90' lang='lat' dir='ltr'><strong>Manlius</strong></span> <span class='ocrx_word' id='word_1_286' title='bbox 566 3629 653 3697; x_wconf 89' lang='lat' dir='ltr'><strong>dixit,</strong></span> <span class='ocrx_word' id='word_1_287' title='bbox 697 3645 863 3701; x_wconf 91' lang='lat' dir='ltr'><strong>quanquam</strong></span> <span class='ocrx_word' id='word_1_288' title='bbox 904 3635 1019 3700; x_wconf 87' lang='lat' dir='ltr'><strong>patrum</strong></span> <span class='ocrx_word' id='word_1_289' title='bbox 1056 3646 1174 3702; x_wconf 85' lang='lat' dir='ltr'><strong>quoquo</strong></span> 
     </span>
     <span class='ocr_line' id='line_1_37' title="bbox 108 3730 1190 3808; baseline 0.002 -20"><span class='ocrx_word' id='word_1_290' title='bbox 108 3733 266 3807; x_wconf 84' lang='lat' dir='ltr'><strong>plerosque</strong></span> <span class='ocrx_word' id='word_1_291' title='bbox 297 3733 406 3806; x_wconf 85' lang='lat' dir='ltr'><strong>captivi</strong></span> <span class='ocrx_word' id='word_1_292' title='bbox 438 3733 610 3808; x_wconf 84' lang='lat' dir='ltr'><strong>cognatione</strong></span> <span class='ocrx_word' id='word_1_293' title='bbox 643 3732 838 3806; x_wconf 87' lang='lat' dir='ltr'><strong>attingebant,</strong></span> <span class='ocrx_word' id='word_1_294' title='bbox 872 3738 978 3806; x_wconf 83' lang='lat' dir='ltr'><strong>praeter</strong></span> <span class='ocrx_word' id='word_1_295' title='bbox 1009 3730 1190 3807; x_wconf 59' lang='lat' dir='ltr'><strong>exemplum-³</strong></span> 
     </span>
     <span class='ocr_line' id='line_1_38' title="bbox 109 3835 1177 3912; baseline 0.002 -21"><span class='ocrx_word' id='word_1_296' title='bbox 109 3835 235 3892; x_wconf 86' lang='lat' dir='ltr'><strong>civitatis</strong></span> <span class='ocrx_word' id='word_1_297' title='bbox 264 3835 382 3892; x_wconf 88' lang='lat' dir='ltr'><strong>minimo</strong></span> <span class='ocrx_word' id='word_1_298' title='bbox 404 3837 432 3891; x_wconf 92' lang='lat' dir='ltr'><strong>in</strong></span> <span class='ocrx_word' id='word_1_299' title='bbox 464 3837 595 3912; x_wconf 86' lang='lat' dir='ltr'><strong>captivos</strong></span> <span class='ocrx_word' id='word_1_300' title='bbox 618 3837 676 3893; x_wconf 91' lang='lat' dir='ltr'><strong>iam</strong></span> <span class='ocrx_word' id='word_1_301' title='bbox 711 3835 780 3890; x_wconf 91' lang='lat' dir='ltr'><strong>inde</strong></span> <span class='ocrx_word' id='word_1_302' title='bbox 808 3835 965 3908; x_wconf 87' lang='lat' dir='ltr'><strong>antiquitus</strong></span> <span class='ocrx_word' id='word_1_303' title='bbox 991 3835 1177 3910; x_wconf 64' lang='lat' dir='ltr'><strong>indulgentis&#39;i</strong></span> 
     </span>
     <span class='ocr_line' id='line_1_39' title="bbox 109 3939 1176 4015; baseline 0.002 -18"><span class='ocrx_word' id='word_1_304' title='bbox 109 3940 240 4015; x_wconf 75' lang='lat' dir='ltr'><strong>pecuniae</strong></span> <span class='ocrx_word' id='word_1_305' title='bbox 272 3959 388 4015; x_wconf 90' lang='lat' dir='ltr'><strong>quoque</strong></span> <span class='ocrx_word' id='word_1_306' title='bbox 419 3958 533 3996; x_wconf 87' lang='lat' dir='ltr'><strong>summa</strong></span> <span class='ocrx_word' id='word_1_307' title='bbox 561 3940 692 3997; x_wconf 89' lang='lat' dir='ltr'><strong>homines</strong></span> <span class='ocrx_word' id='word_1_308' title='bbox 717 3939 824 4006; x_wconf 88' lang='lat' dir='ltr'><strong>movit,</strong></span> <span class='ocrx_word' id='word_1_309' title='bbox 857 3939 924 4012; x_wconf 86' lang='lat' dir='ltr'><strong>quia</strong></span> <span class='ocrx_word' id='word_1_310' title='bbox 956 3957 1009 3996; x_wconf 88' lang='lat' dir='ltr'><strong>nec</strong></span> <span class='ocrx_word' id='word_1_311' title='bbox 1042 3941 1176 3999; x_wconf 81' lang='lat' dir='ltr'><strong>aerarium</strong></span> 
     </span>
    </p>

    <p class='ocr_par' dir='ltr' id='par_1_15' title="bbox 942 4038 974 4090">
     <span class='ocr_line' id='line_1_40' title="bbox 942 4038 974 4090; baseline 0 -28"><span class='ocrx_word' id='word_1_312' title='bbox 942 4038 974 4090; x_wconf 74' lang='lat'><strong>8*</strong></span> 
     </span>
    </p>
   </div>
   <div class='ocr_carea' id='block_1_13' title="bbox 0 0 1354 4426">
    <p class='ocr_par' dir='ltr' id='par_1_16' title="bbox 0 0 1354 4426">
     <span class='ocr_line' id='line_1_41' title="bbox 0 0 1354 4426; baseline 0 0"><span class='ocrx_word' id='word_1_313' title='bbox 0 0 1354 4426; x_wconf 95' lang='lat' dir='ltr'><strong> </strong></span> 
     </span>
    </p>
   </div>
  </div>
 </body>
</html>
