2680 4546
314 225 352 278 44
581 220 660 270 Liber
678 218 779 273 xxv1.
821 220 869 282 (A.
884 235 909 267 n.
924 236 945 269 c.
959 221 1036 282 ⁵44.)

271 401 375 462 deinde
394 423 523 479 unquam
539 407 657 473 Poenns,
680 421 738 478 quo
760 404 847 478 longe
870 402 1027 478 plurimum
1049 405 1196 474 valuerat,
1214 405 1322 483 equina,

271 510 403 586 superior
423 509 487 570 fuit
1321 585 1322 590 ἵ

175 613 221 682 39
354 617 413 672 Per
439 617 515 675 idem
538 626 670 690 tempus,
702 629 789 686 quum
818 613 849 670 in
879 631 947 670 arce
968 615 1135 672 Tarentina
1166 617 1217 672 vix
1240 617 1322 698 inopis,

271 722 430 778 tolerabilis
449 731 533 792 asset,
566 738 647 795 spem
669 737 783 774 omnem
806 718 986 793 praesidium,
1009 719 1088 793 quod
1111 721 1154 776 ibi
1173 731 1242 789 oret,
1263 723 1322 802 Ιίιι·.1

272 845 389 884 menum
410 821 621 903 praefectusque
655 823 781 900 presidii
812 831 901 897 atque
924 826 1001 881 arcis
1021 826 1064 882 Μ.
1088 825 1192 882 Livius
1211 827 1237 882 in
1253 845 1322 886 oon,

240 931 414 992 2meatibus
450 933 487 988 ab
510 930 610 990 Sicilia
637 929 732 985 missis
760 929 923 997 habebant,
963 929 1067 1003 quint
1092 940 1158 986 tuto
1186 941 1303 1004 pretent-

270 1039 406 1094 herentur
420 1053 502 1092 oram
518 1034 620 1103 Iteliae,
641 1033 742 1090 classis
756 1032 856 1108 viginti
878 1033 971 1092 ferme
990 1035 1111 1092 navium
1126 1036 1212 1110 Regii
1230 1037 1301 1092 satu
1313 1082 1317 1128 ἰ

241 1142 401 1200 3Proeeret
426 1141 510 1198 classi
534 1139 801 1212 commeatibusque
822 1139 861 1195 D.
884 1139 1052 1212 Quinctius,
1088 1143 1213 1198 obscuro
1231 1159 1322 1236 generew

271 1257 368 1317 ortus,
400 1254 527 1304 ceterum
556 1244 653 1300 multis
680 1243 805 1302 fortibus
830 1243 915 1301 factis
941 1245 1059 1302 militari
1086 1245 1184 1320 gloria
1211 1245 1317 1327 illustra

239 1353 372 1410 4Primo
404 1352 531 1426 quinque
563 1367 670 1419 naves,
713 1367 836 1424 querum
872 1349 1007 1407 maximae
1042 1350 1107 1406 duae
1144 1351 1270 1414 trireme,
1290 1338 1318 1423 ι’Ι

198 1441 201 1446 ’
271 1457 412 1516 Marcello
434 1456 460 1512 ei
482 1455 596 1513 tradita
618 1465 701 1512 erant
725 1451 869 1532 [hebuit];
901 1463 1006 1531 postea
1034 1475 1097 1512 rem
1119 1457 1236 1532 impigre
1252 1473 1300 1529 sape
1313 1428 1318 1525 i

241 1563 382 1640 dgerenti
411 1570 470 1618 tres
503 1561 613 1617 additae‘
641 1559 875 1634 quinqueremem
916 1568 1065 1634 postremo
1103 1559 1167 1636 ipse
1197 1561 1298 1625 neorii,
1311 1550 1322 1634 l,

271 1668 448 1743 Reginisque
462 1675 491 1722 et
512 1665 632 1722 aVelie
653 1675 682 1721 et
702 1684 722 1722 a
736 1665 853 1734 Paesto,
885 1665 998 1722 debitas
1020 1684 1058 1722 ex
1071 1665 1298 1740 foedereexigenb
1313 1630 1319 1761 Ξ

240 1775 392 1834 dolassem
416 1771 518 1846 viginti
538 1770 671 1840 navium,
701 1770 776 1827 siout
804 1771 1000 1828 antedictum
1031 1780 1091 1842 eet,
1116 1771 1216 1830 effecit
1250 1764 1322 1858 Ηιιὶι“ἡ

272 1881 310 1938 ab
344 1879 438 1954 Regio
479 1875 616 1952 profecta
656 1875 743 1932 classi
785 1855 976 1934 Damni-rates
1016 1895 1082 1934 cum
1121 1879 1187 1954 pari
1217 1879 1296 1934 navim
1314 1907 1322 1963 ,ς

1321 1925 1322 1962 ι

272 1985 496 2044 Tarentinarum
528 2000 649 2038 numero
685 1981 848 2056 quindecim
881 1981 971 2038 millia
1003 1981 1097 2038 ferme
1129 1984 1167 2039 ab
1199 1985 1257 2040 urbe
1274 1981 1322 2068 “dt

242 2090 471 2165 'lSapriportem
497 2088 601 2144 obvius
623 2085 687 2144 fuit.
736 2087 818 2143 Velis
846 2096 908 2142 tum
936 2085 1022 2157 forte,
1043 2087 1219 2163 improvidus
1240 2083 1296 2144 intui

271 2195 445 2263 certaminis,
459 2195 610 2251 Romanus
631 2193 780 2261 veniebam
802 2192 854 2248 sed
876 2191 953 2248 ciroa
972 2191 1132 2250 Crotonem
1147 2195 1295 2270 Sybarimque

272 2300 459 2374 suppleverat
478 2297 600 2372 remigio
621 2317 727 2367 naves,
753 2297 981 2371 instructamque
1009 2309 1038 2354 et
1061 2307 1199 2356 minatam
1219 2295 1295 2370 egregit

242 2410 326 2479 8pro
357 2403 554 2478 magnitudine
575 2404 693 2461 navium
723 2403 846 2460 classem
867 2403 1009 2474 habebat,
1038 2413 1068 2460 et
1095 2414 1158 2460 tum
1182 2403 1244 2460 forte
1261 2400 1294 2454 sul

272 2510 348 2565 idom
372 2518 484 2583 tempus
507 2517 536 2565 et
556 2509 634 2565 venti
656 2509 701 2565 vis
722 2509 816 2566 omnis
838 2509 941 2565 cecidit
963 2518 993 2566 et
1011 2511 1112 2567 hostes
1132 2511 1162 2566 in
1182 2515 1293 2580 conspecu

271 2613 363 2683 fuere,
384 2624 417 2670 nt
437 2615 475 2670 ad
497 2613 704 2688 componenda
713 2622 895 2669 armamenta
911 2615 1180 2690 expediendumque
1196 2611 1291 2682 remigem

241 2723 307 2778 tiae
330 2720 446 2777 militem
470 2720 508 2776 ad
529 2719 682 2776 imminens
703 2726 849 2774 certamen
876 2719 948 2775 satis
969 2719 1110 2794 temporis
1132 2727 1210 2777 esset
1242 2717 1292 2773 Rau

272 2827 345 2884 alies
369 2826 457 2883 tentis
487 2825 591 2880 animis
615 2823 698 2880 iustae
719 2831 926 2881 concurrerunt
952 2824 1078 2894 classes,
1120 2825 1218 2900 quippe
1236 2835 1291 2893 quun

223 2935 258 2990 10
271 2931 300 2988 in
323 2932 442 2988 maioris
463 2929 617 2987 discrimen
638 2929 689 2997 rei,
710 2947 798 3004 quam
823 2929 895 3003 ipsas
915 2937 1007 2997 erent,
1030 2939 1198 3004 pugnarent,
1218 2928 1291 2984 Taren·

272 3038 338 3106 tini,
368 3044 414 3103 ut,
441 3042 612 3108 recuperata
632 3034 704 3090 urbe
729 3037 767 3093 ab
789 3033 930 3092 Romanis
951 3040 1020 3108 post
1040 3037 1217 3094 centesimum
1233 3045 1290 3107 propt

272 3157 389 3208 annum,
402 3156 498 3195 arcem
514 3139 600 3195 etiam
614 3139 780 3208 liberarent,
798 3155 859 3213 spe,
874 3149 1053 3197 commeatus
1069 3159 1183 3218 quoque
1194 3137 1290 3196 hostibus

271 3241 297 3298 si
318 3243 415 3299 navali
436 3242 545 3318 proelio,
560 3243 773 3317 possessionem
795 3243 884 3302 maris
906 3244 1099 3314 ademissent,
1126 3242 1289 3302 interuentu-

222 3349 253 3404 ll
271 3349 411 3417 Romani,
442 3359 475 3405 ut
495 3356 608 3404 retenta
627 3347 810 3423 possessione
837 3349 912 3406 arcis
935 3349 1136 3420 ostenderent,
1159 3367 1211 3406 non
1232 3343 1288 3398 viae

223 3453 258 3508 12
271 3454 391 3522 virtute,
426 3454 477 3510 sed
503 3454 666 3529 proditione
695 3473 730 3510 ao
756 3452 834 3510 furto
856 3455 1017 3512 Tarentum
1040 3456 1184 3512 amissum.
1221 3450 1287 3516 lltlle

271 3577 309 3616 ex
329 3569 452 3632 utraque
473 3569 556 3635 perte
570 3561 660 3636 signo
676 3561 758 3616 dato
781 3578 871 3633 quum
891 3559 992 3616 rostris
1014 3561 1215 3616 concurrissent
1229 3563 1287 3620 nequ

270 3673 348 3720 retro
377 3681 480 3721 navem
503 3665 665 3724 inhiberent
692 3683 745 3722 nec
770 3665 865 3722 dirimi
897 3665 935 3721 ab
962 3681 995 3720 se
1025 3665 1139 3722 hostem
1161 3665 1287 3740 peterentur·

272 3787 360 3842 quam
382 3770 447 3843 quis
460 3768 602 3846 indeptus
626 3788 730 3827 navem
752 3778 824 3839 erat,
845 3768 942 3827 ferrea
962 3769 1070 3828 iniecta
1092 3789 1185 3839 menn,
1199 3766 1232 3823 ite
1246 3774 1286 3815 σοι·

270 3874 462 3930 serebant'ex
483 3873 647 3952 propinquo
670 3893 808 3950 pugnam,
830 3883 941 3931 utnon
964 3875 1121 3934 missilibus
1141 3883 1241 3934 tentum
1257 3857 1287 3916 al

222 3981 257 4036 ¹3
270 3977 375 4050 gladiis
397 3978 493 4033 vetiam
515 3996 608 4052 prope
635 3962 742 4036 collato
763 3979 838 4054 pede
860 3988 1010 4054 gereretur
1033 3997 1091 4036 res.
1142 3980 1228 4036 Prorae
1242 3969 1287 4025 tutu
