2704 4552
319 286 372 339 114
585 279 663 328 Liber
680 279 768 329 XXll,
807 281 853 342 (A.
868 237 902 330 ul
910 295 932 333 c.
948 280 1019 343 5³8.)

273 467 301 524 in
324 474 419 523 castra
441 481 504 533 sua,
525 471 638 521 noctem
661 445 699 521 ad
721 463 926 539 erumpendum
949 464 1069 522 liberam
1094 464 1284 532 habuissent,
1313 492 1317 511 ι

273 579 382 647 septem
399 570 488 628 millia
503 578 681 627 armatorum
696 570 844 627 hominum
858 589 1008 646 erumpere
1023 570 1111 627 etiam
1123 589 1188 644 per
1203 567 1312 625 confert

272 680 371 749 hostes
407 683 540 752 possent,
574 694 668 750 neque
703 694 756 750 per
787 695 819 733 se
854 676 909 751 ipsi
940 675 970 732 id
1005 674 1104 758 iacere
1140 672 1248 731 conati
1280 691 1319 728 sun

226 786 260 840 10
273 802 367 858 noque
388 781 477 838 alium
500 781 581 855 sequi
602 780 766 838 voluerunt.
815 781 912 840 Nocte
940 800 1032 856 prope
1054 788 1118 837 tota
1140 781 1185 838 P.
1211 779 1327 852 Sempro·

273 887 338 944 nius
358 885 523 944 Tuditanus
544 904 603 942 non
626 885 735 943 destitit
755 905 882 958 monere,
905 887 1055 944 adhortari
1077 904 1145 956 eos,
1182 885 1255 942 dum
1274 903 1327 959 par·

196 977 202 986 ”
274 991 346 1048 citas
366 990 493 1047 bostium
517 989 595 1048 circa
615 999 720 1060 castra,
742 992 810 1049 dum
833 993 913 1066 quies
938 1011 973 1048 ac
994 991 1138 1048 silentium
1167 1001 1257 1059 esset,
1277 991 1326 1044 dun

274 1115 334 1154 nox
355 1096 501 1171 inceptum
524 1105 621 1172 tegere
635 1104 743 1172 posset,
765 1116 796 1154 se
811 1099 912 1156 ducem
935 1106 1138 1172 sequerentur:
1165 1105 1240 1154 ante
1253 1097 1327 1152 luced

226 1201 258 1256 ll
274 1202 425 1280 pervenire
444 1202 473 1257 in
488 1211 551 1261 tuta
564 1204 639 1275 loca,
661 1205 690 1261 in
705 1203 849 1260 sociorum
865 1205 951 1261 urbes
966 1221 1060 1278 posse.
1104 1201 1147 1272 Si,
1175 1211 1210 1258 ut
1225 1215 1326 1258 avorum

275 1310 415 1367 memoria
438 1309 474 1367 P.
497 1311 606 1368 Decius
628 1311 759 1372 tribunus
779 1309 899 1367 militum
925 1310 955 1366 in
977 1309 1113 1381 Samnio,
1144 1308 1184 1378 si,
1208 1316 1242 1364 ut
1262 1305 1339 1362 nobis

275 1415 505 1474 adolescentibus
527 1415 624 1490 priore
644 1416 756 1474 Punico
779 1416 855 1474 bello
878 1414 1053 1492 Calpurnius
1067 1415 1211 1472 Flamma
1234 1422 1324 1470 becen-

276 1520 313 1577 tis
334 1521 514 1592 voluntariis,
536 1540 623 1597 quum
647 1524 684 1580 ad
711 1523 852 1580 tumulum
881 1540 931 1580 eos
961 1521 1132 1597 capiendum
1154 1520 1249 1577 situm
1270 1520 1325 1574 inter

276 1629 387 1688 medios
419 1629 535 1687 duceret
564 1633 679 1701 hostes,
711 1629 784 1687 dixit
810 1629 1007 1699 „Moriamur,
1037 1628 1155 1698 milites,
1187 1636 1219 1685 et
1252 1631 1325 1684 mom

227 1728 262 1783 12
275 1743 377 1794 nostra
398 1735 554 1812 eripiamus
584 1757 620 1794 ex
652 1737 803 1796 obsidione
823 1711 1032 1794 circumventas
1054 1736 1219 1812 legiones“,
1242 1737 1266 1793 si
1284 1737 1323 1790 bor

276 1845 312 1902 P.
337 1843 524 1920 Sempronius
547 1843 664 1915 diceret,
685 1863 738 1903 nec
759 1845 838 1902 viros
861 1844 1013 1919 quisquam
1036 1861 1089 1900 nec
1110 1844 1266 1901 Romanos
1285 1857 1323 1896 ms

227 1943 262 1998 13
276 1951 407 2023 duceret,
437 1951 568 2008 sinemo
591 1958 679 2007 tantae
703 1951 816 2009 virtutis
839 1951 995 2008 exstitisset
1017 1967 1122 2009 comes.
1167 1948 1262 2006 Viam
1281 1963 1323 2002 non

277 2056 314 2113 ad
341 2057 464 2132 gloriam
497 2057 590 2132 magis
624 2077 710 2132 quam
746 2058 784 2114 ad
816 2058 937 2114 salutem
970 2053 1109 2113 ferentem
1143 2053 1322 2118 demonstrat

276 2161 395 2219 reduces
417 2162 446 2219 in
468 2162 592 2236 patriam
616 2165 653 2221 ad
674 2171 819 2240 parentes,
841 2163 878 2219 ad
900 2162 1036 2238 coniuges
1069 2179 1104 2218 ac
1125 2159 1237 2216 liberos
1259 2156 1321 2214 iacit.

228 2259 319 2325 ¹4Ut
340 2267 511 2338 servemini,
541 2268 621 2356 deest
642 2269 726 2326 vobis
754 2269 880 2325 animus:
910 2264 989 2342 quid,
1021 2265 1045 2322 si
1072 2265 1255 2322 moriendum
1283 2279 1321 2336 prr

276 2371 371 2445 patria
387 2380 471 2442 esset,
493 2373 648 2432 faceretis?
670 2374 888 2449 Quinquaginta
902 2370 993 2428 millia
1012 2369 1118 2428 civium
1133 2370 1322 2441 sociorumque

277 2476 353 2541 circa
376 2495 429 2534 vos
451 2497 485 2536 eo
507 2479 571 2554 ipso
594 2479 640 2536 die
667 2497 742 2537 oaesa
770 2479 873 2536 iacent.
925 2476 957 2536 Si
983 2459 1027 2534 tot
1059 2473 1195 2549 exempla
1225 2470 1321 2532 virt-ntis

276 2600 335 2638 non
364 2592 496 2654 movent,
527 2584 597 2642 nihil
627 2603 755 2658 unquam
786 2584 927 2653 movebit3
962 2583 987 2640 si
1014 2590 1097 2639 tanta
1129 2579 1230 2638 clades
1251 2578 1320 2635 vilen

229 2685 262 2738 15
276 2686 366 2744 vitam
386 2707 443 2745 non
466 2689 543 2761 fecit,
565 2689 644 2746 nulla
665 2689 761 2746 faciet.
810 2689 907 2746 Liberi
932 2695 1020 2762 atque
1043 2686 1204 2744 incolumes
1227 2683 1320 2742 deside·

275 2802 338 2850 rate
359 2790 501 2870 patriaml
528 2797 617 2853 immo
647 2795 825 2865 desiderate,
858 2794 925 2850 dum
954 2791 1050 2869 patria
1072 2777 1132 2860 es't,
1161 2790 1232 2847 dum
1259 2789 1320 2846 cives

276 2899 337 2958 eius
360 2900 442 2958 estis!
471 2919 536 2959 sero
558 2920 634 2958 nunc
660 2900 838 2970 desideratis,
860 2898 998 2956 deminuti
1028 2896 1140 2972 capite,
1171 2896 1320 2953 abalienato

226 3000 262 3054 16
275 3005 337 3064 iure
359 3007 474 3077 civium,
499 3005 575 3064 servi
591 3004 871 3081 Carthaginiensium
893 3003 974 3065 iacti.
1017 3001 1118 3061 Pretio
1134 3001 1253 3058 redituri
1267 2997 1320 3058 estis

276 3131 320 3181 eo,
351 3113 427 3169 unde
448 3111 566 3186 ignavia
589 3129 623 3168 ac
651 3110 780 3186 nequitia
804 3108 926 3168 abistis?
953 3111 989 3168 P.
1015 3108 1219 3184 Sempronium
1244 3107 1319 3164 niven

275 3225 403 3274 vestrum
419 3253 421 3258 -
437 3237 502 3279 non
528 3217 649 3274 audistis
680 3203 762 3273 arma
794 3233 897 3291 capere
930 3233 965 3273 ac
997 3213 1079 3289 sequi
1111 3231 1143 3270 se
1175 3213 1319 3274 iubentem

276 3323 470 3380 Hannibalern
501 3329 569 3396 post
594 3321 682 3396 paulo
715 3319 835 3377 audistis
857 3327 953 3378 castra
978 3320 1063 3396 prodi
1087 3325 1116 3376 et
1146 3337 1230 3375 arma
1257 3315 1319 3374 tradi

228 3426 431 3489 lliubentem.
484 3426 655 3500 Quanquam
680 3443 733 3500 ego
763 3424 911 3512 ignaviam
939 3426 1061 3483 istorum
1091 3441 1214 3495 accuso,
1246 3439 1318 3497 quun

276 3533 369 3591 scelus
397 3532 505 3608 possim
535 3549 682 3590 accusare.
730 3531 799 3588 Non
829 3531 916 3588 modo
943 3530 1018 3587 enim
1051 3529 1132 3604 sequi
1167 3535 1318 3587 recusarunt

277 3639 350 3696 bene
382 3649 561 3709 monentem,
596 3638 646 3694 sed
676 3637 816 3694 obsistere
847 3655 882 3693 ao
910 3636 1032 3695 retinere
1062 3635 1160 3692 conati
1194 3644 1270 3704 sunt,
1297 3629 1318 3686 ni

275 3745 380 3802 strictis
412 3744 516 3819 gladiis
550 3743 606 3800 viri
636 3741 785 3799 fortissimi
817 3741 922 3799 inertes
954 3739 1185 3804 summovissent.
1239 3739 1317 3797 Prius.

274 3852 410 3927 inquam,
439 3853 474 3908 P.
497 3847 668 3923 Sempronio
691 3865 744 3921 per
766 3846 870 3904 civium
893 3864 996 3922 agmen
1025 3863 1111 3919 quam
1133 3863 1187 3920 per
1208 3844 1316 3902 hostium

226 3950 261 4006 18
274 3955 329 4014 fuit
364 3955 581 4029 erumpendum.
628 3953 692 4008 Hos
727 3953 804 4009 cives
832 3951 929 4027 patria
959 3949 1115 4019 desideret,
1150 3967 1272 4022 quorum
1301 3945 1316 4001 si

280 4057 368 4112 ceteri
389 4056 496 4112 similes
520 4055 649 4125 fuissent,
671 4056 813 4112 neminem
834 4055 921 4112 hodie
943 4055 1051 4124 exiis,
1083 4054 1132 4128 qui
1156 4053 1194 4110 ad
1218 4052 1316 4111 Cannas
