2704 4552
332 265 411 314 nicer
427 263 517 312 xxn.
555 264 604 326 (A.
618 262 666 316 cn.
680 265 753 326 arr.)
999 267 1036 324 7³

74 445 125 504 Eo
150 447 239 506 forte
262 447 310 504 die
331 446 475 506 Minucius
502 465 535 504 se
561 447 752 506 coniunxerat
773 447 885 516 Fabio,
913 448 1019 506 missus
1041 451 1079 508 ad
1096 454 1126 507 ll

7 551 179 612 :rmandum
208 553 347 628 prasidio
368 551 489 621 saltum,
522 551 572 628 qui
600 571 688 628 super
716 553 907 612 Tarracinam
936 554 967 610 in
999 564 1079 612 artas

8 666 116 714 cactus
151 657 264 716 fauces
291 658 421 716 imminet
442 658 531 728 mari,
559 677 596 716 ne
619 659 657 715 ab
680 657 818 716 Sinuessa
840 659 949 716 Poenus
973 660 1080 735 Appias

5 761 84 818 imite
110 765 280 837 pervenire
304 765 459 838 inegram
481 765 647 822 Romanum
675 771 781 837 posset.
838 761 1006 822 Coniunctis
1028 784 1079 822 ex·
1098 765 1130 820 12

4 865 140 924 ιιοὶιίὶιιιε
171 867 305 924 dictator
332 886 367 924 ac
388 866 528 942 magister
555 867 683 942 equitum
713 875 810 924 castra
832 867 862 923 in
888 868 968 926 viam
1000 870 1052 928 def
1067 902 1080 915 ·

4 980 71 1039 unt,
108 991 178 1047 qua
212 972 363 1030 Hannibal
393 973 532 1030 ducturus
562 980 639 1041 erat3
672 971 730 1028 duo
760 972 828 1030 inde
860 973 951 1030 millia
981 975 1080 1034 hostes

3 1077 134 1137 rberant.
188 1079 316 1136 Postero
338 1077 384 1134 die
405 1077 499 1148 Poeni,
522 1077 601 1152 quod
625 1076 680 1133 via
700 1077 776 1134 inter
797 1077 866 1135 bina
888 1089 986 1136 castra
1007 1089 1080 1152 erat,
1134 1073 1174 1141 ld

2 1183 120 1256 ¹agmine
161 1182 356 1258 complevere.
410 1181 507 1256 Quum
538 1181 665 1240 Romani
696 1180 751 1237 sub
785 1180 849 1256 ipso
886 1185 1109 1242 constitissent2

2 1285 97 1356 vallo,
129 1287 215 1344 haud
240 1287 327 1345 dubie
348 1287 477 1362 sequiora
496 1287 579 1356 loco,
605 1286 743 1343 successit
764 1296 860 1344 tamen
882 1289 991 1347 Poenus
1014 1309 1078 1348 cum

1 1393 153 1465 expeditis
196 1393 399 1468 equitibusque
440 1392 478 1450 ad
519 1391 719 1450 lacessendum
759 1393 881 1450 bostem.
947 1393 1078 1472 Carptim

2 1498 88 1556 Poeni
124 1509 157 1556 et
184 1499 385 1574 procursando
413 1497 639 1573 recipiendoque
671 1515 734 1554 sese
760 1516 943 1573 pugnat-erm
974 1501 1109 1558 restitit3

4 1621 56 1659 suo
83 1603 158 1662 loco
173 1605 319 1662 Romana
341 1602 432 1672 aciem
464 1603 544 1660 lenta
565 1621 665 1680 pugna
687 1612 715 1658 et
745 1622 782 1661 ex
806 1604 956 1664 dictatoris
985 1607 1078 1682 magis

6 1725 94 1780 quam
118 1708 298 1767 Hannibalis
320 1707 376 1766 fuit
401 1708 560 1769 voluntate.
602 1709 729 1766 Ducenti
750 1709 788 1766 ab
809 1710 966 1780 Romanis,
987 1713 1078 1769 octin-

8 1815 85 1886 genti
107 1815 239 1872 hostium
262 1815 398 1876 cecidere.

92 1919 232 1977 Inclusus
254 1920 321 1978 inda
342 1921 434 1979 videri
457 1917 615 1986 Hannibal,
636 1918 685 1975 via
706 1918 744 1976 ad
766 1917 925 1976 Casilinum
948 1919 1109 1991 obsesea‚4

12 2041 99 2095 quum
123 2024 231 2100 Capua
254 2037 284 2084 et
304 2025 455 2084 Samnium
475 2033 505 2080 et
526 2031 637 2080 tantum
660 2025 698 2082 ab
721 2034 804 2099 tergo
831 2023 952 2080 divitum
981 2024 1078 2082 socio-

12 2147 74 2187 rum
95 2132 242 2190 Romanis
263 2138 441 2187 commeatus
464 2128 651 2196 subveheret,
677 2128 788 2184 Poenus
815 2128 891 2186 inter
919 2129 1079 2187 Formiana

16 2251 87 2293 saxa
108 2255 145 2294 ac
166 2236 277 2294 Literni
305 2253 410 2292 arenas
431 2242 594 2308 stagnaque
617 2243 645 2288 et
665 2232 851 2307 perhorridas
873 2232 962 2290 silvas
983 2233 1078 2290 hiber·

16 2349 136 2398 naturas
162 2351 251 2410 essen
280 2359 333 2398 nec
360 2338 557 2397 Hannibalem
585 2336 697 2407 fefellit,
727 2337 786 2394 suis
812 2356 844 2394 se
867 2339 979 2398 artibus
1009 2340 1109 2414 petib

19 2445 120 2521 ltaque
148 2463 238 2521 quum
267 2461 321 2519 per
341 2441 502 2501 Casilinum
531 2443 656 2500 evadere
682 2460 741 2500 non
775 2451 875 2517 posset
904 2443 1079 2518 petendique

20 2561 128 2608 montes
150 2560 178 2608 et
200 2552 299 2624 iugum
315 2547 464 2606 Callicula
482 2549 676 2624 superandum
700 2558 784 2618 esset,
807 2548 909 2604 necubi
929 2549 1080 2606 Rornanus

22 2655 154 2714 inclusam
187 2653 313 2712 vallibus
349 2672 453 2728 agmen
490 2654 711 2729 aggrederetur,
742 2652 896 2710 ludibrium
930 2651 1112 2714 oculorumd

23 2762 112 2834 specie
135 2760 264 2820 terribile
289 2760 328 2818 ad
349 2759 547 2817 hosmundum
574 2760 687 2816 hostem
717 2765 912 2827 commentus,
939 2757 1081 2832 principio

25 2867 110 2923 noctis
137 2866 236 2924 furtim
270 2865 425 2924 succedere
451 2864 489 2920 ad
517 2873 631 2920 montes
663 2862 772 2920 stat-nit.
815 2862 942 2919 Pellaeis
969 2863 1110 2924 consiliii

27 2972 86 3029 talis
105 2980 263 3050 apparatos
284 2970 347 3030 fuit.
396 2969 491 3026 Faces
515 2967 641 3042 undique
663 2986 700 3022 ex
722 2966 800 3041 agris
822 2965 949 3023 collecta
970 2965 1081 3024 fasces

28 3095 78 3150 que
90 3079 235 3154 virgarum
252 3084 341 3150 atque
362 3073 438 3132 aridi
458 3073 597 3130 sarmenti
617 3071 804 3156 praeligantur
825 3071 961 3128 cornibus
982 3072 1080 3142 boum,

31 3199 93 3253 quos
110 3183 235 3241 domitos
248 3180 466 3255 indomitosque
480 3177 589 3236 inultos
603 3177 678 3234 inter
692 3187 817 3234 ceteram
839 3187 983 3252 agrestem
1006 3196 1081 3253 pra-

32 3283 87 3340 darn
107 3287 220 3360 agebat.
263 3285 316 3342 Ad
338 3285 395 3342 duo
417 3283 509 3341 millia
521 3281 621 3352 ‚ferme
642 3283 730 3340 boum
753 3281 866 3352 effecta,
886 3283 1111 3341 Hasdrubali-8

34 3406 79 3460 qne
103 3391 249 3465 negotium
281 3389 397 3458 datum,
430 3399 463 3445 nt
496 3385 612 3464 [primis
634 3385 773 3465 tenebris]
802 3397 887 3446 nocte
914 3388 944 3444 id
967 3406 1081 3446 armen-

35 3501 82 3550 tnrn
101 3495 226 3553 accensis
248 3494 385 3553 cornibus
409 3494 447 3550 ad
478 3502 590 3550 montes
612 3501 727 3568 ageret,
756 3492 898 3562 maxime,
926 3493 952 3550 si
972 3500 1081 3566 posset,

36 3613 106 3670 snper
124 3600 214 3657 saltus
237 3599 277 3655 ab
295 3599 381 3656 hoste
401 3597 538 3654 insessos.
585 3596 692 3654 Primis
713 3597 838 3654 tenebris
865 3596 978 3654 silentio
1000 3604 1081 3653 mota
1139 3589 1177 3658 17

38 3709 127 3772 casnm
146 3704 239 3760 boves
261 3703 411 3777 aliquanto
427 3711 494 3760 aute
514 3700 599 3776 signa
613 3700 681 3759 acti.
726 3701 785 3760 Ubi
807 3702 846 3758 ad
869 3702 982 3759 radices
999 3701 1112 3758 mon-2

38 3803 94 3862 tium
112 3808 232 3882 viasque
253 3817 394 3880 angustas
415 3814 532 3862 ventum
555 3813 608 3871 est,
629 3803 742 3879 signum
764 3807 910 3881 extemplo
932 3806 1028 3874 datur,
1050 3813 1083 3861 ut

40 3912 145 3970 sommis
176 3911 314 3971 cornibus
348 3919 481 3968 armenta
511 3910 542 3966 iu
561 3909 712 3982 ,adversos
742 3910 921 3968 concitentur
954 3919 1081 3976 montas3

41 4022 62 4069 et
79 4027 161 4076 metus
181 4019 246 4094 ipse
270 4017 427 4076 relucentis
450 4015 577 4072 flemma
605 4032 643 4070 ex
671 4013 766 4089 capite
793 4014 931 4088 calorque
957 4015 1016 4072 iam
1042 4014 1082 4071 ad
