2812 4556
565 239 658 284 xxm

61 441 152 481 mum
180 422 333 498 praesidem
357 424 444 479 solum
464 423 579 480 firmum
601 421 699 480 audire
719 431 860 494 consutus,
882 439 930 480 uer
949 423 1049 480 firmus
1070 421 1147 480 bello

61 509 172 563 ἀαιίυο
188 509 308 563 oasusio
322 503 446 581 dieitur.)
469 495 604 574 XXXV,
637 508 655 563 3
678 515 739 562 erat
760 505 952 580 Campanis..
980 505 1018 562 ad
1033 505 1147 564 Hamus

62 610 78 646 e
95 593 177 650 coni.
195 589 269 665 (My.
284 595 312 646 P
327 597 353 646 st
366 588 461 650 Diui.
476 606 525 645 neo
541 597 603 645 erat
616 607 664 644 ner
678 598 722 646 est
743 589 850 646 iubent.
875 595 972 646 Potest
985 591 1147 662 sucrificium

61 674 153 730 Livii
182 682 300 746 ternpore
322 674 402 728 etiam
416 673 517 744 fuisse.
559 675 591 728 ll
618 670 726 747 (triduo
747 671 824 729 Reiz.
847 691 903 747 pro
932 671 1070 745 triduum)
1109 673 1144 730 13

63 756 184 812 tuticus
206 786 248 798 —
270 773 399 812 summus
437 751 564 829 (Puteoli.
587 773 601 810 s
621 760 666 811 P:
695 755 937 827 tutieuisummus)
978 759 1014 812 15
1037 753 1146 830 (Verbo

40 839 161 908 ,Trici
185 856 261 895 saer.
284 839 321 895 ad
344 839 458 894 Hamas
479 839 583 894 notovit
602 836 725 912 Hieme.)
768 841 803 895 16
826 847 855 895 at
876 839 914 895 ad
936 838 1077 895 decimum
1090 882 1098 898 .
1111 882 1139 900 ..

64 924 181 979 horam
218 919 317 994 (Grom
343 926 421 978 sP:
442 921 632 977 etandeouma
653 920 710 978 diei
739 922 852 980 horam.
906 920 1060 987 Iudicatur,
1084 930 1147 978 unte

65 1007 188 1061 solitum
202 1015 308 1079 tempus
322 1022 440 1078 corporo
460 1006 557 1060 curari
569 1012 672 1078 coepto,
687 1004 714 1062 i.
730 1022 762 1074 u,
783 1005 818 1061 ab
833 1005 902 1061 iero
915 1013 999 1062 serio.
1017 1003 1075 1079 CJr.
1090 1003 1147 1077 IX,

65 1089 121 1158 37,
146 1091 192 1161 5.)
235 1091 268 1144 19
292 1087 387 1156 Alfio,
420 1094 508 1161 capta
539 1096 605 1142 sunt
633 1086 717 1161 signa
750 1087 873 1160 (Weiss,
895 1087 955 1160 My.
978 1086 1043 1144 Em.
1067 1089 1146 1152 2665

68 1171 157 1245 eapti
179 1173 292 1244 scripsi,
326 1170 504 1244 quodpiam
525 1171 612 1226 miliia
641 1178 724 1244 capto
754 1169 855 1227 Liuius
882 1173 928 1226 uie
959 1173 1094 1230 numquit.
1117 1176 1146 1227 P

68 1263 168 1328 rapta
188 1263 232 1310 est
253 1253 349 1327 signo)
372 1252 530 1321 XXXVI,
563 1254 580 1308 2
605 1271 641 1309 ex
662 1261 747 1327 parto
768 1271 917 1310 sorvorum
942 1253 1062 1327 (Alsoiu,
1084 1253 1145 1325 My.

68 1337 141 1397 Eue.
176 1337 276 1396 26711,
306 1335 431 1392 Tirones
467 1334 544 1392 servi
581 1336 658 1408 lonye
689 1337 745 1392 aiio
780 1337 933 1410 siynifiouiu
969 1337 1144 1408 dicerentur.)

69 1419 256 1488 XXXVII,
293 1420 310 1475 2
344 1417 568 1490 (Smibeudumue
594 1427 703 1474 murem
735 1416 855 1494 aliami)
892 1422 910 1476 8
940 1419 1021 1492 intra*
1049 1427 1146 1476 casira

72 1503 173 1576 (codd.
197 1507 286 1558 recu?
308 1501 370 1558 edd.
392 1499 467 1575 osis.)
494 1504 525 1557 ll
547 1500 650 1557 milites
665 1501 774 1573 amisit3
796 1501 880 1575 signa
903 1501 977 1576 (My.
993 1502 1056 1562 Em.
1073 1500 1145 1578 267)

77 1588 114 1642 13
140 1583 283 1660 (quinque
307 1584 397 1641 millia
418 1584 514 1640 Auci.
535 1589 564 1640 P
590 1584 645 1640 uel.
668 1583 761 1640 Diale.
787 1583 875 1658 mille)
911 1585 1098 1657 XXXVIII,
1127 1589 1143 1642 7

38 1723 41 1730 .
72 1668 220 1742 (quinque
243 1667 312 1724 add.
328 1667 353 1726 Ι.
368 1666 473 1739 Peru.)
494 1667 651 1736 XXXIX,
678 1671 746 1724 lex
770 1667 815 1724 his
834 1667 838 1742 (
858 1668 954 1726 Roma
976 1667 1016 1743 (P
1030 1665 1143 1744 Romae)

75 1754 93 1808 2
121 1752 257 1826 (ignarus
279 1769 333 1808 rex
358 1749 444 1808 Grom
465 1769 480 1806 e
500 1755 546 1806 P:
567 1748 686 1824 ignarus
707 1768 753 1806 ex.
776 1750 868 1806 Drok.
890 1750 1022 1826 ignarus)
1046 1753 1062 1808 3
1086 1750 1145 1823 [oui

166 1835 241 1906 erat]
271 1852 285 1890 e
308 1835 375 1892 emi.
400 1831 487 1890 (ison.
510 1832 549 1908 (si
571 1833 665 1890 Cobeti
685 1835 789 1894 Muem.
812 1833 838 1904 I,
860 1836 936 1890 100:
969 1833 1027 1892 Sed
1047 1852 1094 1890 uso
1115 1834 1147 1890 id

73 1925 213 1974 annotare
224 1919 312 1991 quiin
325 1925 436 1972 mentem
448 1917 575 1990 cuiquam
585 1919 695 1985 amerit,
712 1914 809 1973 Groece
817 1920 982 1991 praesertim,
997 1916 1083 1987 uideo,
1098 1935 1145 1973 nso

74 2009 151 2058 reate
172 2001 215 2056 iio
235 2000 309 2055 stude
328 2002 491 2068 nominatur,
513 1998 610 2054 addito
631 2000 658 2054 in
680 1999 785 2056 duobus
801 2001 904 2073 patrie
923 2001 1036 2061 nomine.
1084 1998 1144 2057 Iiu-

77 2102 132 2158 yue
154 2085 181 2138 is
201 2083 252 2139 Ιιοο
274 2085 363 2139 nssm'o
390 2101 443 2156 yuo
472 2082 534 2138 lusu
560 2091 714 2138 reuocatum
741 2085 883 2156 antiquum
904 2100 1048 2156 eoyuomm
1064 2092 1153 2157 puto„

77 2166 211 2223 Boeotius
246 2163 332 2227 Grou.
365 2171 444 2222 sP:
467 2164 633 2221 boeusotius.
657 2165 748 2223 Duas.
772 2164 930 2242 Beroeaeus)
964 2165 1033 2224 din
1054 2166 1099 2224 his
1126 2166 1144 2224 8

77 2249 260 2321 (Suessulam
286 2247 436 2304 Cluverius.
458 2253 486 2304 Ρ
509 2246 678 2306 besumiam.
701 2247 795 2309 Drok.
816 2247 988 2324 Vesuvium)
1017 2247 1093 2317 XL,
1126 2258 1143 2306 4

77 2331 181 2388 Hostis
204 2329 244 2407 (et
257 2333 319 2387 item
340 2350 364 2387 o.
389 2335 442 2400 41,
469 2334 502 2399 ‘¹3
523 2336 552 2387 Ρ
573 2331 616 2386 iic
637 2331 754 2402 Hostis,
774 2331 833 2390 iilis
856 2329 1001 2406 Hostius.)
1024 2334 1041 2388 9
1065 2329 1144 2405 (dein

77 2432 132 2489 per
160 2413 219 2486 My.
244 2413 307 2473 Em
331 2414 391 2469 268
415 2432 429 2469 s
449 2419 502 2470 Pt'
515 2413 649 2486 deinceps
678 2413 911 2487 procursadones
940 2414 1025 2472 levia.
1050 2413 1143 2471 Drak.

79 2497 184 2553 deinde
210 2515 340 2570 procura.
362 2494 520 2571 leviaque.)
550 2495 639 2564 XLI,
680 2499 711 2553 11
737 2491 823 2552 ducto
845 2505 973 2570 oestuque
995 2515 1048 2553 suo
1071 2497 1144 2570 (My.

79 2580 145 2635 Em.
159 2581 232 2653 268)
254 2579 360 2647 XLII,
385 2581 402 2635 2
426 2579 469 2635 his
494 2583 667 2652 5prsssente
688 2588 757 2634 te—
780 2579 1006 2653 comploratum.
1019 2623 1048 2640 ..
1076 2598 1144 2636 oon-

81 2662 238 2736 spicere-
260 2661 302 2717 ita
324 2660 399 2736 (edd.
421 2670 503 2726 usit.,·
525 2660 590 2720 Em.
612 2658 724 2737 ruso.)
750 2665 785 2718 ¹0
813 2660 1010 2737 (propraetoris
1039 2661 1145 2720 Wuioii.

81 2751 109 2802 Ρ
131 2744 241 2819 propri.
263 2743 355 2804 Drola.
377 2743 499 2819 proprii)
526 2745 561 2800 12
581 2744 674 2800 disum
698 2740 789 2820 (codd.
813 2750 902 2801 reem!
923 2745 984 2802 edd.
1005 2745 1081 2820 usit.)
1108 2748 1142 2802 13

83 2828 303 2902 praesidiumque
335 2826 419 2883 simul
454 2827 539 2883 nobis
572 2835 600 2882 et
621 2824 706 2883 Nolae
737 2826 811 2902 (My.
839 2827 904 2884 Em.
933 2829 1002 2886 268.
1030 2831 1143 2885 Pml
1248 2883 1255 2892 ,

84 2910 304 2985 praesidiumque
332 2909 417 2966 misul
448 2909 533 2966 uobis
567 2918 596 2965 et
626 2909 711 2966 Nolae
744 2909 962 2990 ademdemeris.
1019 2916 1080 2967 Pro
1105 2929 1143 2979 eo,

85 2993 157 3067 quod
178 3002 219 3050 est
247 2993 373 3049 liberare
406 2992 531 3065 aliquem
563 2992 697 3066 praesidio
724 2992 871 3067 imposito,
898 3011 951 3048 nou
970 3001 1062 3066 potest
1090 2993 1146 3050 diei

86 3075 209 3133 adimere
240 3075 326 3131 alicui
352 3075 530 3150 proesidium3
558 3092 605 3131 uss
626 3073 794 3132 Samnitibus
810 3075 973 3148 presidium
991 3077 1144 3149 Impositum

86 3167 151 3215 erui.
205 3159 255 3214 Ad
275 3158 387 3214 Liuium
422 3159 569 3232 trony‘erri
594 3159 641 3214 <viu
657 3166 749 3232 potest
775 3159 937 3215 Piiusinum
969 3158 1069 3214 eadem
1088 3177 1143 3232 pro

87 3241 183 3298 eadem
206 3260 305 3315 opera,
327 3249 358 3296 ui
372 3241 446 3313 fluis
470 3239 581 3297 miseris
602 3241 686 3297 nobis
709 3251 737 3297 et
758 3240 843 3298 Noloe
867 3241 969 3296 eadem
992 3241 1142 3300 ademeris.

87 3324 172 3380 Droie
194 3323 418 3398 praesidiumque
440 3323 557 3380 missum
579 3323 664 3379 nobis
686 3331 713 3379 et
730 3323 815 3380 Nolae
837 3321 1000 3399 ademerit.)
1024 3323 1142 3392 XLIII,

90 3412 105 3464 4
136 3425 165 3464 se
197 3424 314 3480 quoque
346 3403 480 3480 (Siesbys)
524 3411 540 3462 7
572 3407 613 3462 ita
644 3406 750 3479 agebat
771 3406 881 3478 (Alscis.
904 3425 918 3461 s
940 3411 983 3463 P:
1009 3406 1143 3480 itagerat.

88 3489 173 3546 Daoi.
195 3489 238 3544 ita
258 3487 391 3563 gerebat)
418 3493 422 3559 (
447 3488 563 3545 fuerunt
587 3485 693 3563 (Creo.)
735 3491 768 3545 13
791 3488 920 3562 ipsorum
941 3507 1027 3562 quem
1050 3488 1142 3561 (codd.

90 3589 150 3634 reru.
168 3574 263 3646 pauci,
286 3573 346 3645 My.
368 3570 433 3629 Mum
456 3570 506 3646 80)
548 3575 581 3627 14
605 3589 710 3626 casura
730 3570 826 3628 forent
849 3589 862 3628 s
883 3573 951 3630 emi.
974 3570 1146 3646 Nipperdeyi

92 3653 252 3730 (Uirumque
268 3651 407 3730 insolens.)
430 3654 544 3722 XLIV,
571 3658 581 3710 I
609 3652 708 3726 (fuerit
731 3651 816 3710 Gron.
833 3672 889 3728 pro
909 3653 1017 3729 iuerat)
1035 3657 1057 3730 *2
1081 3651 1143 3728 (An

92 3738 221 3794 dedituris
244 3737 340 3796 Weiss.
364 3743 390 3794 Ρ
412 3755 464 3796 om.
487 3755 534 3794 an.
556 3735 648 3792 Drak.
670 3736 818 3792 Dedituris
841 3755 872 3793 se
895 3737 934 3792 H.
957 3754 1015 3792 uon
1041 3735 1142 3811 fuisse)

95 3825 109 3876 5
130 3818 205 3896 (nam
234 3819 329 3876 Weiss.
347 3824 374 3875 Ρ
398 3828 472 3887 tam3
495 3821 577 3875 ueteri
597 3828 623 3874 et
643 3818 735 3879 Drok.
751 3816 860 3894 tamen)
881 3822 885 3892 (
903 3819 1022 3874 trecenti
1044 3821 1140 3874 esoni.

96 3901 170 3962 Gron.
190 3900 393 3977 (probabiliter)
418 3902 515 3970 XLV,
541 3906 551 3958 I
581 3901 644 3972 [ab]
667 3902 767 3957 eodem
791 3917 823 3956 sa
843 3919 857 3956 e
878 3903 944 3960 cosi.
967 3900 1144 3974 (Proepositio

94 3995 196 4060 propter
218 3985 307 4040 milite
329 3985 428 4041 additu
449 3983 580 4059 videtur.)
607 3986 624 4040 2
642 3984 683 4058 (et
704 3984 754 4057 qui
777 3983 873 4042 Aisci.
896 4002 949 4058 pro
973 3984 1024 4039 sed
1042 3981 1101 4060 qui)
1126 3985 1142 4040 8

96 4077 182 4144 erepto
217 4066 304 4141 (Dos.
327 4067 488 4142 Dsripimur
522 4076 548 4123 ei
577 4067 748 4124 detrahimur
777 4065 811 4122 de
841 4083 911 4140 equo
937 4075 986 4123 uui
1013 4085 1045 4122 eu
1067 4085 1143 4140 equo,
