2700 4426
232 218 287 273 164
434 213 512 262 Liber
530 211 658 264 XXVIII.
695 213 738 277 (A.
752 229 775 262 u.
789 229 813 265 e.
829 217 988 272 sss-sto.)

186 409 246 456 tum
267 399 372 469 habet,
397 398 447 456 ubi
469 399 620 455 commode
640 398 858 454 hibernaturum
880 417 913 455 se
939 397 980 472 (at
1002 397 1060 454 iam
1087 404 1241 452 extremum

156 504 316 564 dautumui
341 505 415 577 erat)
444 503 588 560 credebat.
639 503 772 562 Ceterum
803 503 881 561 haud
908 521 1001 572 secus,
1029 520 1120 577 quam
1141 501 1166 557 si
1187 502 1243 558 Ro-

186 611 263 668 mani
297 629 360 667 eam
387 611 511 666 insulam
541 611 711 680 incolerent,
750 609 890 667 hostiliter
911 610 998 666 classi
1019 625 1173 665 occursum
1195 616 1245 663 est

187 716 296 773 Fundis
324 725 355 771 ut
377 734 453 772 nunc
478 716 649 791 plurimum,
682 716 724 773 ita
756 725 816 772 tum
847 715 910 771 solo
940 735 974 772 eo
1002 715 1060 772 telo
1084 715 1246 784 utebantur,

186 840 239 878 neo
266 821 417 895 quisquam
447 822 563 879 alterius
590 823 683 898 gentis
713 842 785 879 unus
806 831 917 878 tantum
945 841 980 878 ea
1011 831 1085 892 arte,
1109 829 1246 895 quantum

158 929 260 989 linter
288 927 361 984 alios
392 946 493 984 orienes
515 928 647 985 Baliares
675 927 826 986 excellunt.
873 929 978 1002 Itaque
999 936 1084 984 tanta
1105 927 1152 983 vis
1175 927 1245 1002 lapi-

188 1034 458 1090 dumcreberrimae
486 1031 634 1107 grandinis
656 1034 743 1090 modo
765 1034 794 1090 iu
816 1033 1060 1109 propinquantem
1083 1033 1146 1089 iam
1167 1043 1246 1090 terra
1280 1038 1282 1044 ’

188 1141 308 1196 classem
331 1138 424 1196 effusa
447 1148 506 1210 est,
542 1148 573 1194 ut
599 1137 707 1195 intrare
729 1149 843 1214 portum
866 1158 924 1194 non
947 1140 1008 1195 ausi
1032 1148 1201 1196 averterent
1220 1140 1246 1196 iu

157 1246 278 1304 8altum
298 1263 396 1306 naves.
446 1247 481 1302 In
503 1246 642 1301 minorem
660 1244 726 1301 inde
742 1245 901 1302 Baliarium
920 1245 1042 1303 insulam
1063 1247 1247 1316 traiecerunt,

156 1351 308 1410 9fertilem
324 1371 405 1427 agro,
426 1351 504 1424 viris,
526 1351 613 1408 armis
634 1351 711 1407 haud
734 1369 815 1425 aeque
829 1352 964 1409 validam.
1011 1353 1121 1427 Itaque
1144 1355 1247 1429 egressi

187 1459 309 1515 navibus
343 1476 429 1532 super
461 1466 577 1532 portum
609 1457 674 1514 loco
707 1458 816 1515 munito
850 1460 940 1514 locunt
972 1468 1084 1528 castra3
1124 1478 1161 1516 ac
1190 1461 1247 1517 sine

188 1564 343 1620 certamine
371 1563 441 1620 urbe
469 1581 597 1638 agroque
627 1562 727 1637 potiti,
758 1563 871 1619 duobus
908 1563 1032 1620 millibus
1062 1565 1246 1622 auxiliarium

187 1669 254 1726 inde
276 1669 445 1744 conscriptis
467 1667 619 1742 missisque
634 1667 851 1743 Carthaginem,
874 1670 911 1725 ad
926 1669 1142 1726 hibernandum
1162 1689 1247 1727 naves

140 1778 175 1831 10
189 1776 397 1834 subduxerunt.
445 1775 518 1832 Post
542 1774 677 1849 Magonis
706 1775 743 1832 ab
766 1773 876 1832 Oceani
898 1793 951 1831 ora
972 1775 1133 1832 discessum
1158 1777 1248 1836 Gadi·

189 1882 250 1939 tani
271 1881 411 1941 Romanis
434 1881 584 1938 deduntur.

92 1980 138 2050 38
273 1989 344 2046 Haec
372 1988 403 2044 in
433 1986 578 2062 Hispania
604 1987 641 2046 Ρ.
663 1986 806 2062 Scipionis
836 1987 922 2043 ductu
941 1987 1135 2063 auspicioque
1157 1999 1249 2063 gesta

139 2167 146 2180 Ο
188 2095 265 2168 Ipse,
287 2095 321 2154 L.
337 2092 461 2150 Lentulo
483 2102 511 2149 et
532 2093 567 2148 L.
582 2092 692 2149 Manlio
708 2092 833 2149 Acidino
848 2093 997 2168 provincia
1014 2095 1133 2165 tradita,
1150 2095 1248 2152 decem

157 2200 310 2256 2navibus
337 2201 462 2256 Romam
493 2198 593 2267 rediit,
629 2208 656 2253 et
686 2205 787 2252 senatu
818 2207 900 2254 extra
920 2199 1019 2255 urbem
1042 2201 1113 2256 dato
1136 2201 1168 2256 in
1192 2203 1248 2257 aede

187 2305 331 2375 Bellona,
367 2322 438 2378 quas
460 2321 506 2359 res
534 2303 563 2358 in
591 2302 735 2376 Hispania
766 2305 915 2377 gessisset,
943 2306 1096 2376 disseruit,
1135 2309 1247 2382 quoties

188 2409 276 2484 signis
299 2410 410 2466 collatis
433 2409 605 2477 dimicasset,
628 2417 699 2482 quot
721 2409 830 2483 oppida
851 2430 888 2467 ex
909 2412 1039 2468 hostibus
1061 2412 1092 2469 vi
1115 2414 1247 2487 cepisset,

157 2515 262 2588 3quas
289 2525 388 2589 gentes
419 2516 447 2571 in
471 2516 610 2572 dicionem
634 2514 734 2590 populi
756 2517 880 2572 Romani
902 2517 1072 2591 redegisset,
1106 2520 1247 2576 adversus

188 2630 324 2694 quattuor
345 2640 376 2677 se
396 2621 602 2695 imperatores,
636 2631 772 2696 quattuor
798 2623 922 2679 victores
955 2624 1097 2680 exercitus
1132 2625 1164 2681 in
1197 2625 1247 2681 Hi·

187 2727 318 2800 spaniam
340 2727 410 2796 isse;
432 2728 573 2784 neminem
597 2725 864 2802 Carthaginiensem
885 2729 915 2784 in
937 2729 971 2785 iis
986 2730 1069 2785 terris
1084 2730 1248 2804 reliquisse.

156 2830 234 2888 40b
269 2834 323 2889 has
359 2851 404 2890 res
438 2841 535 2908 gestas
567 2835 659 2908 magis
692 2843 802 2890 tentata
833 2846 876 2891 est
906 2836 1041 2910 triumphi
1063 2854 1131 2910 spes
1160 2855 1247 2910 quam

186 2938 278 3012 petita
298 2939 496 3013 pertinaciter,
533 2939 601 3014 quia
621 2941 763 2997 neminem
791 2940 829 2995 ad
857 2959 921 2996 eam
945 2941 1018 2997 diem
1041 2940 1250 3015 triumphasse,

157 3044 236 3118 5qui
250 3044 324 3121 ,sine
355 3045 525 3118 magistratu
553 3064 599 3103 res
631 3047 775 3121 gessisset,
797 3048 957 3103 constabat.
1009 3046 1117 3104 Senatu
1149 3048 1251 3119 misso,

188 3151 286 3207 urbem
320 3158 363 3206 est
395 3148 557 3223 ingressus,
593 3152 761 3225 argentique
796 3171 855 3226 prae
891 3171 922 3207 se
956 3153 986 3208 in
1020 3153 1156 3209 aerarium
1186 3154 1253 3211 tulit

188 3256 285 3312 decem
302 3264 439 3329 quattuor
460 3256 551 3312 millia
563 3258 657 3331 pondo
670 3266 798 3313 trecenta
813 3259 1009 3333 quadraginta·
1022 3259 1079 3314 duo
1095 3266 1123 3313 ct
1140 3259 1254 3333 signati

158 3361 300 3435 bargenti
321 3379 457 3436 magnum
479 3381 638 3421 numerum.
689 3361 814 3420 Comitia
835 3363 902 3420 inde
924 3363 1053 3420 creandis
1079 3364 1255 3422 oonsulibus

187 3468 288 3523 habuit
308 3469 343 3523 L.
367 3466 505 3523 Veturius
526 3468 629 3538 Philo,
662 3469 853 3543 centuriaeque
881 3488 979 3526 omnes
1006 3469 1113 3543 ingenti
1145 3469 1256 3528 favore

188 3574 224 3630 P.
247 3572 411 3647 Scipionem
434 3573 580 3630 consulem
603 3575 748 3645 dixerunt,
782 3576 893 3650 collega
926 3575 1040 3632 additur
1062 3575 1088 3630 ei
1109 3576 1148 3631 P.
1173 3577 1256 3633 Lici·

157 3678 251 3734 'lnius
280 3676 416 3749 Crassus,
447 3678 579 3753 pontifex
611 3682 763 3741 maximus.
811 3679 946 3738 Ceterum
984 3679 1099 3736 comitia
1136 3683 1257 3741 maiore

189 3801 275 3858 quam
303 3784 362 3840 ulla
394 3803 446 3858 per
474 3785 502 3840 id
532 3785 637 3842 bellum
667 3787 813 3844 celebrata
834 3786 996 3860 frequentia
1018 3783 1168 3859 proditum
1191 3805 1257 3843 me·

156 3890 286 3946 8moriae
307 3897 358 3945 est.
407 3888 610 3947 Convenerunt
637 3892 764 3966 undique
785 3911 843 3948 non
866 3890 1045 3967 suffragandi
1068 3891 1175 3962 modo,
1199 3894 1256 3950 sed

187 3995 273 4051 etiam
296 3995 444 4069 spectandi
466 4014 554 4053 causa
574 3998 609 4057 P.
623 3996 774 4072 Scipionis,
796 4000 1063 4072 concurrebantque
1082 4003 1109 4050 et
1126 3995 1253 4056 domum
