2748 4556
353 249 407 304 176
602 245 680 296 Liber
698 245 826 298 XXVIII.
862 245 905 310 (A.
921 261 946 296 u.
960 262 981 296 c.
997 249 1068 312 549.)

304 429 401 505 palam
422 431 452 487 in
473 442 574 490 senatu
596 431 720 502 diceret,
756 431 971 507 permitteretne
995 433 1144 508 patribus,
1178 443 1209 490 ut
1228 434 1260 490 de
1279 453 1327 508 pro

304 536 404 594 vinciis
426 537 627 610 decernerent,
648 545 832 614 staturusque
854 548 995 608 coesset,
1017 540 1096 613 quod
1115 540 1288 608 censuissent,
1304 559 1329 596 su
1352 569 1354 626 ξ

275 641 343 702 sad
364 643 502 718 populum
524 642 645 702 laturus.
694 644 789 717 Quum
819 643 917 721 Scipio
942 643 1159 718 respondisset,
1180 664 1220 716 se,
1242 631 1354 718 quode}

274 754 336 808 dre
358 749 473 823 publica
500 759 583 820 esset,
605 749 768 820 facturum,
801 760 861 808 tum
883 750 1018 808 Fulvius:
1044 752 1130 820 „Non
1154 770 1209 827 ego
1232 715 1354 830 ignarusl

305 854 374 928 quid
393 873 583 930 responsurus
604 854 770 914 facturusve
790 873 877 926 esses,
899 856 1035 932 quaesivi,
1060 858 1170 934 quippe
1193 877 1274 935 quum
1292 869 1354 944 pra,

304 969 333 1018 ts
358 958 450 1030 feras,
482 972 594 1020 tentare
620 971 649 1018 te
675 962 768 1038 magis
798 980 885 1036 quam
912 961 1062 1022 consulere
1089 973 1240 1034 senatum,
1261 964 1333 1030 etsi

303 1067 480 1144 provinciam
503 1068 564 1138 tibi,
586 1087 673 1143 quam
688 1068 823 1138 volueris,
845 1067 990 1143 extemplo
1008 1069 1209 1138 decernamus,
1229 1077 1332 1143 perstau

274 1174 483 1249 brogationem
505 1175 623 1232 habeas.
670 1174 775 1249 Itaque
797 1193 815 1230 a
836 1173 937 1244 vobis,
963 1175 1071 1232 tribuni
1092 1174 1206 1251 plebis,
1226 1173 1330 1250 postulo*
1353 1193 1354 1200 ¹

303 1279 410 1353 inquit,
449 1289 498 1350 „ut
519 1280 688 1336 sententiam
712 1280 781 1338 mihi
804 1280 869 1338 ideo
891 1299 949 1336 non
971 1279 1091 1349 dicenti,
1127 1281 1228 1355 quod,
1259 1277 1328 1334 etsiiu
1352 1309 1354 1354 3

303 1403 397 1443 meam
420 1385 589 1444 sententiam
612 1384 793 1456 discedatur,
821 1404 880 1442 non
901 1386 938 1442 sit
958 1395 1053 1443 ratum
1074 1388 1230 1444 habiturus
1254 1383 1329 1447 consul
1352 1357 1354 1450 Ι

273 1490 413 1549 buuxilio
446 1491 536 1548 sitis.“
586 1491 658 1548 Inde
691 1490 840 1549 altercatio
874 1501 954 1562 orta,
986 1511 1074 1567 quum
1110 1493 1215 1550 consul
1245 1502 1354 1578 negaret³

304 1615 416 1670 aequum
439 1613 511 1662 esse,
532 1595 663 1654 tribunos
685 1597 870 1669 intercedere,
893 1617 950 1673 quo
972 1599 1067 1656 miuus
1081 1617 1134 1657 suo
1158 1597 1332 1674 quisqneloco

274 1704 423 1776 lrogatus
462 1703 632 1760 sententiam
672 1704 788 1762 diceret.
837 1704 959 1762 Tribuni
993 1705 1035 1761 ita
1067 1706 1271 1763 decreverunt:
1299 1699 1332 1768 ,Si

303 1807 403 1864 consul
423 1808 535 1865 senatui
557 1809 593 1866 de
613 1809 769 1885 provinciis
792 1810 946 1885 permittit,
974 1811 1044 1868 steri
1067 1831 1120 1880 eo,
1142 1812 1224 1886 quod
1244 1819 1332 1866 senatus

304 1914 459 1985 censuerit,
492 1914 606 1991 placet,
638 1935 691 1974 nec
720 1917 756 1974 de
776 1935 812 1974 ea
836 1935 869 1974 re
888 1915 958 1974 ferri
981 1916 1019 1974 ud
1040 1918 1182 1993 populum
1204 1917 1331 1992 patiemur:

303 2019 328 2076 si
349 2039 407 2077 non
428 2021 582 2097 permittit,
618 2022 667 2097 qui
700 2022 737 2078 de
766 2041 802 2080 ea
828 2041 860 2079 re
891 2022 1060 2080 sententiam
1089 2024 1237 2082 recusabit
1255 2021 1332 2082 diuers

273 2126 413 2185 8auxilio
435 2127 570 2184 erimus.“
620 2125 729 2186 Consul
758 2128 833 2185 diem
859 2127 896 2184 ad
918 2128 1140 2202 colloquendum
1160 2148 1226 2186 cum
1248 2125 1330 2197 college

300 2233 391 2310 petiit.
439 2233 562 2290 Postero
595 2233 640 2290 die
673 2234 844 2309 permissum
877 2234 989 2290 senatui
1025 2245 1077 2291 est.
1122 2233 1280 2292 Provincia
1303 2230 1329 2284 itt

301 2339 437 2396 decreta:
461 2337 543 2396 alteri
565 2339 675 2396 consuli
699 2339 798 2396 Sicilia
819 2349 848 2395 at
870 2339 986 2416 triginta
1008 2347 1141 2396 rostratae
1161 2357 1259 2407 naves,
1278 2351 1327 2408 qut-t

301 2442 334 2501 C.
359 2443 498 2503 Servilius
528 2445 676 2520 superiore
699 2464 775 2502 anno
797 2446 962 2516 habuisset;
997 2445 1243 2521 permissumque,
1270 2439 1327 2498 utir

270 2549 450 2621 9Asricam,
485 2550 510 2607 si
531 2551 561 2607 id
582 2569 598 2608 e
622 2570 654 2607 re
682 2551 798 2626 publica
820 2569 883 2610 esse
903 2562 1047 2622 censeret,
1083 2551 1240 2618 traiiceret;
1269 2542 1326 2602 alteri

298 2655 405 2714 Bruttii
436 2665 464 2714 et
500 2655 605 2713 bellum
635 2675 698 2712 cum
724 2657 907 2726 Hannibale,
943 2679 1008 2716 cum
1030 2678 1065 2716 eo
1087 2658 1232 2726 exercitu,
1264 2667 1323 2727 quen

298 2763 444 2820 mallotes
465 2763 584 2830 duobus,
616 2763 664 2836 qui
684 2764 723 2820 ibi
742 2772 837 2820 essent.
884 2764 919 2822 L.
943 2764 1082 2822 Veturius
1112 2775 1141 2822 et
1162 2763 1198 2836 Q.
1223 2757 1324 2820 Caecitu

298 2869 469 2926 sortirentur
497 2869 572 2926 inter
597 2886 629 2926 se
658 2879 913 2945 compararentve,
949 2879 1014 2928 uter
1041 2871 1071 2927 in
1097 2871 1218 2928 Bruttiis
1240 2863 1321 2924 duabu

249 2974 284 3029 10
297 2974 472 3050 legionibus,
502 2993 575 3049 quas
598 2975 698 3033 consul
718 2975 894 3050 reliquisset,
914 2996 975 3034 rem
998 2987 1125 3052 gereret,
1145 2973 1323 3050 imperiumque

297 3081 326 3137 in
350 3100 455 3138 annum
478 3091 693 3157 prorogaretur,
719 3081 765 3139 cui
783 3100 818 3138 ea
836 3081 985 3156 provincia
996 3082 1148 3144 evenisset.
1193 3082 1233 3138 Et
1242 3071 1321 3136 cetuna

297 3197 401 3264 praeter
427 3187 525 3262 quibus
557 3187 688 3244 consules
718 3197 914 3262 praetoresque
943 3189 1115 3246 exercitibus
1143 3183 1321 3264 provinciisque

153 3323 160 3338 ·
248 3293 281 3348 ll
297 3291 446 3369 praefuturi
467 3301 565 3364 erant,
596 3302 755 3369 prorogata
783 3293 915 3370 imperia.
958 3293 995 3368 Q.
1020 3292 1135 3352 Caecilio
1157 3294 1228 3350 sorti
1247 3283 1320 3348 sveni&

298 3407 329 3455 ut
361 3417 425 3456 cum
460 3398 577 3456 consule
619 3399 648 3456 in
680 3399 801 3459 Bruttiis
836 3400 975 3458 adversus
1013 3399 1208 3458 Hannibalem
1244 3391 1319 3453 belim

296 3514 417 3580 gereret.

248 3610 284 3666 12
380 3610 455 3667 Ludi
483 3610 587 3670 deinde
616 3609 759 3685 Scipionis
783 3629 890 3687 magna
911 3610 1074 3685 frequentia
1094 3621 1124 3669 et
1146 3609 1245 3667 favore
1264 3615 1316 3678 sper

259 3783 265 3793 ι
297 3715 418 3772 tantium
460 3717 606 3776 celebrati.
665 3717 770 3792 Legati
802 3716 934 3792 Delphos
966 3717 1004 3774 ad
1035 3718 1143 3775 donum
1180 3735 1217 3774 ex
1249 3705 1314 3790 ρῐῡΙΙ

297 3822 491 3880 Hasdrubalis
526 3823 700 3900 portandum
733 3822 813 3880 missi
844 3823 886 3880 Μ.
914 3824 1095 3899 Pomponius
1122 3823 1223 3880 Matho
1252 3827 1274 3877 et
1293 3810 1312 3881 Q·

298 3927 407 3987 Catius.
450 3929 593 3988 Tulerunt
614 3947 751 3988 coronam
775 3947 892 3986 aureum
914 3929 1067 3988 ducentum
1089 3930 1188 4006 pondo
1208 3937 1235 3985 et
1257 3924 1311 3982 sur

295 4034 375 4090 lacre
396 4033 554 4110 spoliorum
577 4053 615 4092 ex
635 4035 713 4092 mille
734 4035 832 4111 pondo
854 4035 966 4109 argenti
986 4032 1074 4092 facta.
