2812 4556
169 847 191 914 'l

306 255 323 310 6
581 251 660 301 Liber
677 251 750 301 xxt.
790 253 837 314 (A.
852 265 877 304 u.
891 267 913 303 c.
930 250 1003 312 586.)

263 433 338 490 uma
362 432 531 502 videbatur,
554 434 639 505 vicit,
663 435 811 510 legatique
832 453 868 492 ao
892 434 1033 492 mamrius
1055 433 1150 501 missi,
1179 433 1216 489 P.
1243 430 1361 486 Vale·

263 538 324 598 rius
344 538 471 594 Flaccus
493 549 522 596 et
543 539 579 611 Q.
602 541 719 598 Baebius
744 540 933 615 Tamphilus,
965 538 1127 613 Saguntum
1157 539 1196 594 ad
1217 537 1360 594 Hauni-

264 644 360 702 balam
383 651 471 716 atqua
492 643 559 700 inda
580 643 802 719 Carthaginem,
829 645 933 702 sinon
956 643 1145 700 absisteretur
1172 642 1274 710 bello,
1312 640 1360 696 ad

265 749 368 806 ducem
389 749 485 822 ipsum
506 748 536 804 in
559 767 675 823 prauam
694 750 812 807 ioedsris
833 730 912 825 rupti
934 747 1160 822 deposcendum.

349 854 429 910 Dum
459 871 495 910 ea
522 854 649 911 Romani
679 865 786 928 parant
815 854 1052 927 consultautque,
1078 853 1138 909 iarn
1166 853 1357 928 Saguntum

235 957 380 1014 2summa
401 958 431 1014 vi
453 961 686 1034 oppugnabatur.
730 959 841 1017 Civitas
857 977 892 1015 ea
912 959 999 1033 longe
1013 958 1235 1033 opulentissima
1257 957 1357 1012 ultra

264 1063 409 1120 Hiberum
430 1062 494 1131 fuit,
517 1065 574 1120 sita
594 1083 698 1138 passus
714 1065 792 1120 mille
813 1064 906 1121 semna
928 1083 946 1120 a
967 1064 1050 1120 mari.
1094 1062 1219 1121 Oriundi
1240 1081 1261 1118 a
1279 1061 1355 1117 Za-

266 1169 373 1242 cyntho
394 1168 490 1224 insula
511 1170 653 1239 dicuutur,
682 1170 823 1242 mixtique
847 1169 934 1225 etiam
963 1171 1001 1225 ab
1034 1168 1135 1225 Ardea
1156 1166 1353 1224 Rutulorum

235 1271 384 1346 bquidam
408 1273 538 1346 generis3
567 1283 693 1331 ueterum
721 1275 752 1331 in
778 1283 875 1330 tantas
904 1274 985 1330 brevi
1016 1282 1168 1330 creverant
1190 1289 1261 1346 opes
1289 1289 1351 1326 seu

265 1375 418 1434 maritimis
450 1395 500 1433 seu
532 1379 716 1435 terrestribus
749 1379 890 1436 fructibus
929 1398 980 1436 seu
1020 1377 1210 1435 multitudiuis
1238 1377 1356 1432 iucre-

265 1489 364 1538 mento
386 1500 438 1538 seu
459 1483 616 1557 disciplima
637 1484 806 1553 sanctitate,
834 1502 893 1557 qna
913 1485 1000 1540 fidem
1022 1483 1159 1540 socialem
1181 1499 1276 1554 usque
1305 1481 1349 1536 ad

162 1597 167 1602 ·
235 1593 253 1645 4
265 1585 422 1659 perniciem
445 1604 527 1644 snam
555 1588 714 1648 coluerunt.
758 1589 909 1646 Hannibal
931 1589 1037 1645 infesto
1064 1587 1195 1645 ¹exercitu
1224 1586 1354 1660 ingres-

265 1707 315 1746 sus
336 1691 417 1759 finos,
440 1692 615 1765 pervastatis
630 1694 738 1766 passim
761 1694 850 1767 agris,
872 1694 972 1750 urbam
988 1693 1130 1767 tripertito
1153 1693 1347 1767 aggreditur.

235 1795 401 1868 bargulus
424 1795 498 1851 muri
520 1806 583 1853 arat
605 1798 635 1853 in
656 1799 818 1873 planiorem
842 1799 1102 1873 patentioremque,
1125 1815 1214 1869 quarn
1238 1807 1349 1850 cetera

266 1900 359 1970 circa,
388 1901 494 1957 vallem
525 1919 661 1977 vergens3
690 1905 831 1960 adversus
862 1922 926 1960 eum
954 1903 1055 1959 vineas
1086 1919 1173 1976 ugare
1203 1900 1346 1967 instituit,

235 2013 320 2079 bper
341 2024 414 2079 quas
437 2007 513 2063 aries
538 2007 680 2064 maenibus
703 2007 854 2064 admoveri
874 2017 983 2080 posset.
1027 2006 1086 2065 Sed
1110 2016 1141 2062 ut
1161 2006 1245 2062 locus
1267 2024 1348 2083 pro·

268 2112 316 2167 cul
336 2129 419 2167 muro
449 2113 520 2168 satis
542 2131 642 2186 aequus
675 2111 795 2186 agendis
824 2111 915 2168 vineis
934 2111 1003 2180 fuit,
1033 2113 1076 2167 ita
1104 2112 1344 2184 haudquaquam
1394 2129 1395 2132 ¹

265 2234 420 2290 prospere,
452 2228 608 2291 postquam
637 2217 676 2272 ad
702 2215 836 2272 effectum
867 2217 964 2290 operis
993 2228 1111 2274 ventum
1141 2227 1199 2284 est,
1231 2217 1343 2290 coaptis

236 2319 449 2381 7auccedebat.
492 2321 532 2377 Et
555 2323 641 2378 turris
661 2322 761 2394 ingens
782 2320 967 2390 imminebat,
991 2330 1020 2378 et
1048 2338 1156 2388 murus,
1178 2331 1212 2376 ut
1232 2319 1263 2375 in
1285 2337 1340 2374 su-

266 2432 366 2496 specto
387 2424 468 2495 loco,
503 2445 593 2501 supra
620 2437 722 2484 cetera
744 2426 862 2481 modum
893 2423 1052 2480 altitudinis
1083 2425 1227 2481 emunitus
1261 2436 1343 2494 erat,
1395 2477 1396 2488 ,

265 2537 294 2582 at
317 2527 450 2586 iuventus
473 2531 593 2601 delecta,
616 2531 665 2587 ubi
686 2531 842 2604 plurimum
863 2529 984 2604 periculi
1006 2547 1041 2587 ac
1062 2529 1174 2586 timoris
1197 2530 1341 2586 ostende·

234 2633 366 2704 8batur,
387 2635 428 2691 ibi
451 2637 480 2692 vi
502 2636 614 2692 maiore
638 2635 826 2692 obsistebant.
870 2637 917 2692 Ac
943 2635 1038 2709 primo
1067 2633 1223 2691 missilibus
1252 2653 1338 2691 sum-

267 2756 385 2794 movere
411 2740 524 2796 hostem
554 2757 608 2796 uec
635 2740 791 2813 quicquam
822 2740 893 2795 satis
915 2747 1009 2796 tutum
1037 2738 1233 2796 munientibus
1255 2742 1342 2815 pati,

264 2842 368 2905 deiude
389 2845 447 2900 iam
480 2861 539 2898 non
573 2861 627 2917 pro
653 2845 795 2900 moenibus
815 2845 903 2900 modo
931 2854 1019 2916 atque
1041 2843 1112 2900 turri
1133 2843 1192 2899 tela
1216 2844 1337 2915 micare,

257 2951 316 3024 ,scd
339 2949 377 3005 ad
399 2948 606 3022 erumpendum
632 2948 719 3005 atium
741 2949 771 3006 in
792 2949 932 3006 stationes
955 2966 1103 3022 operaque
1117 2949 1246 3006 hostium
1271 2951 1340 3008 ani·

233 3066 330 3120 9mus
353 3063 429 3119 erat3
452 3052 556 3126 quibus
578 3054 772 3112 tumultuariis
794 3055 997 3112 certaminibus
1019 3055 1097 3111 haud
1119 3052 1211 3110 ferme
1235 3055 1336 3129 plures

216 3172 251 3225 10
265 3157 418 3232 Saguntini
439 3157 583 3214 cadebant
604 3177 692 3232 quarn
714 3159 807 3218 Poeni.
853 3159 895 3218 Ut
916 3178 986 3216 vero
1001 3159 1151 3216 Hannibal
1168 3158 1242 3233 ipse,
1264 3160 1334 3216 dnm

265 3287 379 3326 murum
400 3267 543 3324 incautius
566 3268 657 3337 subit,
680 3268 835 3337 adversum
857 3264 952 3321 famur
973 3263 1088 3338 tragula
1109 3264 1238 3336 graviter
1259 3265 1338 3322 ictus

266 3375 384 3444 eccidit,
403 3382 499 3440 ‚tanta
527 3373 605 3430 circa
632 3373 703 3449 fuga
731 3391 767 3428 aa
795 3370 950 3445 trepidatio
972 3367 1036 3439 fuit,
1067 3377 1099 3424 ut
1129 3387 1188 3424 nou
1210 3369 1332 3426 multum

169 3479 192 3546 8
266 3481 395 3546 abesset,
427 3479 496 3552 quin
524 3497 614 3554 opera
643 3497 678 3535 ac
706 3475 798 3532 vinea
827 3475 1034 3532 desererentur.
1078 3472 1200 3530 Obsidio
1229 3475 1334 3532 deinde

266 3603 320 3659 par
346 3602 457 3658 paucos
485 3585 546 3641 dies
573 3584 667 3659 magis
695 3600 782 3656 quum
814 3580 994 3655 oppugnatio
1024 3578 1096 3647 fuit,
1129 3579 1196 3634 dnm
1228 3581 1334 3637 vulnus

267 3690 349 3746 ducis
371 3700 535 3756 curaretur;
563 3707 617 3764 par
637 3688 718 3761 quod
737 3695 852 3760 tempus
874 3695 906 3740 ut
929 3685 1011 3759 quies
1037 3685 1226 3741 certaminum
1260 3697 1331 3753 crat,

236 3797 309 3855 sita
330 3797 369 3852 ab
393 3806 536 3871 apparatu
560 3812 680 3869 operum
703 3811 738 3848 ac
760 3792 950 3848 munitionum
981 3790 1052 3848 nihil
1073 3801 1227 3846 cassatum.
1272 3789 1333 3845 Ita·

267 3921 326 3977 qne
345 3901 440 3958 acrius
461 3902 498 3956 de
521 3900 634 3973 integro
660 3907 791 3954 coortum
817 3908 861 3954 est
881 3897 1003 3965 bellum,
1031 3894 1220 3970 pluribusque
1242 3894 1333 3967 parti-

267 4008 339 4077 bus,
367 4008 419 4063 vix
441 4005 648 4080 accipientibus
680 4001 853 4077 quibusdam
882 4020 974 4076 opera
994 4001 1080 4070 locis,
1113 4001 1203 4056 vinea
1231 4011 1335 4075 coeptoe
