2700 4426
409 145 486 195 Liber
502 146 615 196 XXVII.
652 146 699 209 (A.
713 147 761 200 Oh.
777 147 852 210 ato.)
1091 152 1126 207 61

109 325 137 382 in
160 326 256 383 Fulvii
279 327 492 386 similitudinem
514 329 653 399 nominis,
686 331 755 404 quia
785 327 837 389 Cn.
862 330 996 388 Fulvium
1018 339 1171 405 praetorem

109 429 225 487 biennio
257 442 323 488 ante
344 433 373 490 in
405 434 506 492 iisdem
543 435 689 493 devicerat
725 436 811 506 locis,
847 437 1015 510 increpans,
1051 436 1171 492 similem

108 547 244 625 eventum
275 555 380 613 pugnae
408 538 472 596 fore
501 541 676 600 affirmabat.
720 543 826 616 Neque
856 560 891 597 ea
922 559 988 615 spes
1010 559 1087 597 vana
1109 540 1171 598 fuit
1189 546 1223 599 10

110 641 188 697 Nam
220 661 307 716 quum
332 645 462 702 cominus
485 647 547 703 acie
569 656 598 703 et
619 646 747 721 pediturn
772 646 928 703 certamine
950 646 1032 703 multi
1054 647 1171 704 cecidis-

109 754 173 802 sent
196 747 412 821 Romanorum,
445 760 556 808 starent
577 760 674 808 tamen
696 751 812 809 ordines
837 751 995 825 signaque,
1032 753 1173 825 equestris
1189 757 1221 811 ll

109 851 247 908 tumultus
282 870 300 908 a
332 862 430 929 tergo,
466 855 552 914 simul
584 875 602 913 a
637 857 740 914 castris
772 857 883 914 clamor
914 856 1025 913 hostilis
1058 856 1172 912 auditus

109 966 221 1013 sextam
253 966 319 1015 ante
347 959 505 1035 legionem,
542 979 606 1035 qua
627 962 656 1018 in
680 962 807 1018 secunda
829 963 891 1019 acie
911 961 1009 1036 posita
1030 961 1110 1036 prior
1133 962 1171 1018 ab

108 1063 244 1120 Numidis
269 1065 385 1121 turbata
407 1075 459 1137 est,
482 1068 611 1141 quintam
633 1068 737 1124 deiude
759 1075 847 1141 atque
868 1084 935 1137 eos,
950 1068 1000 1140 qui
1022 1066 1171 1141 adprime

108 1168 192 1243 sigua
224 1180 321 1239 erant,
358 1172 475 1242 avertit3
511 1191 581 1248 pars
607 1172 636 1228 iu
667 1171 767 1247 fugam
800 1170 898 1240 effusi,
931 1188 1000 1244 pars
1022 1171 1054 1227 in
1077 1173 1171 1229 medio
1188 1175 1222 1231 12

109 1274 193 1343 caesi,
229 1276 277 1332 ubi
308 1277 419 1352 etipse
443 1274 497 1334 Cn.
519 1276 641 1334 Fulvius
664 1295 729 1334 cum
750 1277 883 1335 undecim
906 1277 1027 1334 tribunis
1049 1276 1169 1332 militum

109 1379 218 1438 cecidit.
266 1382 466 1439 Romanorum
502 1383 706 1457 sociorumque
739 1393 809 1457 quot
840 1401 916 1439 caesa
947 1381 976 1438 in
1010 1400 1045 1437 eo
1067 1381 1170 1456 proelio
1187 1385 1222 1440 13

107 1484 197 1554 millia
225 1485 297 1555 sint,
328 1487 392 1560 quis
422 1506 475 1561 pro
504 1500 582 1545 certo
610 1487 755 1557 affirmet,
792 1507 879 1562 quum
911 1487 1046 1543 tredecim
1080 1486 1171 1545 millia

108 1589 195 1658 alibi,
229 1591 298 1646 alibi
322 1591 401 1648 haud
423 1591 487 1666 plus
510 1611 596 1665 quam
620 1604 728 1669 septem
752 1591 917 1650 inveniam?
965 1591 1075 1649 Castris
1097 1611 1169 1666 prae·
1188 1597 1222 1652 14

108 1695 205 1769 deque
232 1695 325 1752 victor
356 1696 475 1770 potitur.
517 1698 704 1755 Herdoneam
735 1699 804 1773 qnia
833 1709 862 1755 et
883 1697 1059 1755 defecturam
1081 1697 1171 1754 fuisse

109 1800 146 1856 ad
168 1801 318 1857 Romanos
339 1802 498 1876 comperit,
520 1821 572 1859 neo
594 1821 761 1862 mansuram
783 1805 812 1861 in
834 1804 899 1872 fide,
922 1803 944 1858 si
968 1803 1034 1859 iude
1056 1805 1171 1860 absces-

108 1905 206 1977 sisset,
247 1906 429 1963 multitudine
461 1907 540 1963 omni
572 1908 772 1983 Metapontum
810 1926 845 1965 ac
866 1908 994 1964 Thurios
1030 1907 1172 1979 traducta,

108 2011 246 2081 incendit3
279 2012 384 2068 occidit
405 2012 564 2087 principes,
597 2016 646 2088 qai
672 2031 736 2070 oum
760 2013 865 2070 Fulvio
890 2012 1036 2085 colloquia
1058 2014 1171 2071 occulta

107 2115 246 2173 habuisse
265 2116 408 2192 comperti
428 2126 505 2174 sunt.
537 2119 672 2188 Romani,
696 2119 745 2193 qui
769 2138 806 2176 ex
817 2128 899 2175 tanta
910 2117 991 2174 clude
1006 2128 1169 2190 evaserant,
1186 2115 1221 2170 15

108 2220 229 2278 diversis
253 2221 403 2278 itineribus
429 2241 585 2280 semermes
610 2225 646 2280 ad
669 2214 840 2282 Malcellum
864 2223 1009 2281 consulem
1032 2223 1061 2279 in
1085 2223 1171 2281 Sam-

106 2325 184 2382 nium
199 2324 405 2400 ,perfiegerant
645 2392 646 2395 Ἰ

196 2431 352 2489 Marcellus
389 2433 461 2490 nihil
492 2433 648 2490 admodum
681 2443 763 2491 tanta
795 2432 878 2490 clade
912 2431 1028 2488 territus
1059 2433 1170 2491 litteras
1223 2423 1245 2492 2

106 2537 230 2593 Romam
255 2537 292 2592 ad
314 2545 445 2593 senatum
469 2537 507 2594 de
524 2538 597 2596 duce
612 2548 641 2596 et
659 2540 785 2596 exercitu
802 2539 839 2595 ad
854 2538 1040 2594 Herdoneam
1063 2539 1171 2595 amisso

106 2642 221 2698 scribit:
243 2651 369 2698 ceterum
382 2643 556 2714 eaudemse,
574 2645 626 2718 qui
635 2654 702 2720 post
712 2643 892 2702 Cannensem
905 2661 1031 2718 pugnarn
1043 2641 1168 2699 ferocem
1184 2641 1201 2697 2

106 2746 231 2804 victoria
258 2747 454 2803 Hannibalem
487 2749 677 2820 contudisset,
713 2750 756 2806 ire
777 2749 917 2804 adversus
939 2766 1018 2816 eum,
1052 2749 1168 2804 brevem

106 2852 147 2910 illi
169 2851 309 2923 laetitiam,
332 2870 390 2925 qua
412 2852 545 2923 exsultet,
567 2853 720 2913 facturum.
759 2855 799 2912 Et
820 2855 922 2911 Romae
943 2851 1058 2926 quidem
1081 2852 1199 2926 quun13

106 2958 199 3014 luctus
220 2957 321 3032 ingens
344 2975 381 3013 ex
402 2957 557 3031 praeterito,
579 2970 638 3016 tum
660 2960 747 3016 timor
763 2958 793 3015 in
808 2958 935 3015 futurum
957 2967 1027 3013 erat.
1061 2955 1200 3014 Consult

107 3082 144 3120 ex
169 3063 289 3122 Samnio
316 3064 344 3118 in
366 3063 501 3119 Lucanos
530 3074 728 3139 transgressus
750 3064 787 3120 ad
810 3063 1027 3120 Numistronem
1049 3061 1078 3118 in
1100 3081 1168 3118 cou-

106 3178 205 3242 spectu
232 3167 406 3224 Hannibalis
435 3167 500 3224 loco
529 3168 636 3245 plano,
671 3189 758 3243 quum
787 3170 896 3225 Poenus
925 3168 1026 3225 collem
1050 3177 1168 3236 teneret,

106 3273 203 3346 posuit
224 3281 329 3329 castra.
377 3273 499 3330 Addidit
524 3282 552 3330 et
573 3273 660 3330 aliam
682 3274 795 3331 fidentis
816 3272 956 3347 speciem,
989 3272 1067 3346 quod
1088 3272 1198 3347 prior5

106 3378 135 3435 iu
163 3379 253 3436 aciem
284 3376 399 3447 eduxit3
430 3396 484 3434 uec
515 3379 686 3438 detrectavit
712 3378 879 3449 Hannibal,
909 3387 940 3435 ut
972 3379 1056 3452 signa
1077 3378 1168 3452 portis

107 3483 210 3540 efferri
226 3483 306 3541 vidit.
340 3485 387 3540 Ita
409 3493 506 3541 tamen
528 3485 619 3541 aciem
641 3485 847 3555 instruxerunt,
869 3495 900 3542 ut
914 3485 1166 3542 Poenusdextrum

107 3607 196 3646 cornu
219 3588 248 3645 in
271 3589 371 3645 collem
395 3589 535 3663 erigeret,
557 3590 683 3648 Romani
705 3591 850 3648 sinistrum
884 3591 921 3647 ad
949 3589 1086 3664 oppidum
1116 3609 1168 3665 ep·

106 3691 256 3768 plicar'ent.
301 3696 349 3751 Ab
380 3696 454 3752 hora
480 3695 566 3752 tertia
588 3714 675 3769 quum
699 3697 737 3753 ad
768 3708 881 3754 noctem
910 3714 1038 3772 pugnam
1069 3704 1199 3758 exten-6

106 3798 231 3868 dissent,
263 3798 404 3873 fessaeque
431 3801 586 3875 pugnando
617 3801 717 3875 primae
739 3802 815 3859 acies
836 3811 945 3871 essent,
969 3804 1006 3858 ab
1028 3804 1168 3859 Romanis

105 3904 200 3979 prima
229 3905 305 3980 legio
334 3914 363 3962 et
389 3906 493 3963 dextra
521 3905 586 3977 ala,
619 3906 656 3962 ab
680 3906 845 3962 Hannibale
866 3907 990 3980 Hispani
1016 3906 1118 3963 milites
1141 3916 1169 3963 et
