2700 4426
409 1377 596 1458 LlBER
640 1376 865 1456 XXVlll.

107 1681 208 1782 Quum
229 1709 349 1765 transitu
371 1708 582 1776 Hasdrubalis,
616 1717 753 1782 quantum
779 1709 809 1765 in
830 1707 945 1766 Italiam
967 1706 1160 1764 declinaverat

106 1817 188 1886 belli,
217 1825 326 1872 tantum
346 1814 448 1871 levatae
469 1814 618 1888 Hispaniae
638 1814 818 1884 viderentur,
851 1820 982 1870 renatum
1004 1812 1044 1869 ibi
1065 1812 1159 1869 subito
1219 1804 1222 1809 ⁴

107 1943 162 1998 par
181 1923 271 1997 priori
300 1918 405 1976 bellum
428 1928 479 1976 est.
524 1919 683 1994 Hispanias
705 1938 740 1976 aa
761 1927 931 1994 tempestate
953 1917 994 1974 sic
1014 1912 1189 1974 habebant2

108 2028 232 2086 Romani
266 2024 421 2099 Poeniqne':
453 2025 621 2082 Hasdrubal
652 2024 790 2101 Gisgonis
826 2024 901 2082 filius
937 2023 973 2080 ad
1012 2022 1159 2082 Oceanum

107 2132 220 2206 penitus
252 2129 410 2204 Gadesque
444 2139 641 2199 concesserat;
683 2131 774 2190 nostri
805 2130 893 2187 maris
925 2148 977 2186 ora
1012 2125 1190 2202 omnisque3

106 2237 197 2294 ferme
210 2236 363 2312 Hispania,
386 2237 504 2310 quaed
525 2236 661 2294 orientem
683 2238 786 2313 vergit,
809 2234 951 2311 Scipionis
973 2253 1008 2290 ac
1021 2235 1161 2292 Romanas

107 2341 226 2399 dicionis
248 2353 319 2400 erat.
368 2343 471 2400 Novus
501 2344 659 2419 imperator
695 2344 819 2412 Hanno,
854 2342 885 2398 in
916 2341 1011 2397 locum
1044 2339 1190 2397 Barcinil

106 2447 299 2503 Hasdrubalis
329 2467 405 2505 novo
432 2469 496 2507 cum
527 2450 654 2507 exercitu
684 2468 720 2506 ex
741 2447 845 2506 Africa
872 2455 1067 2522 transgressus
1091 2447 1160 2503 Ma-

108 2551 232 2624 gonique
274 2552 400 2624 iunctus,
449 2574 536 2629 quum
578 2556 608 2611 in
643 2553 814 2626 Celtiberia,
860 2572 923 2628 quae
962 2552 1057 2609 media
1086 2552 1161 2609 inter

109 2658 165 2714 duo
199 2658 291 2713 maria
326 2667 385 2726 est,
421 2658 502 2716 brevi
527 2679 663 2735 magnum
690 2679 838 2716 numerum
871 2666 1027 2728 armasset,
1063 2656 1190 2732 Scipi05

108 2763 246 2818 adversus
282 2782 345 2819 eum
380 2764 422 2823 M.
453 2763 582 2822 Silanum
616 2785 679 2822 cum
711 2766 808 2822 decem
839 2764 917 2820 haud
942 2764 1007 2839 plus
1037 2764 1160 2821 millibus

106 2868 244 2938 militum,
274 2870 415 2943 equitibus
437 2871 597 2946 quingentis
620 2872 704 2929 misit.
753 2869 868 2930 Silanus
891 2870 1004 2944 quantis
1027 2868 1190 2926 maximisd

106 2975 200 3050 potuit
232 2974 380 3032 itineribus
409 2976 614 3051 (impediebant
636 2988 731 3036 autern
753 2987 782 3034 et
805 2977 975 3051 asperitates
997 2976 1109 3033 viarum
1131 2986 1161 3033 et

107 3082 246 3158 angustiae
268 3082 388 3139 saltibus
410 3083 525 3154 crebris,
548 3093 579 3141 ut
600 3085 737 3163 pleraque
757 3081 907 3158 Hispaniae
928 3091 1002 3153 sunt,
1024 3082 1160 3158 inclusae),

106 3198 202 3246 tamen
234 3203 293 3244 non·
326 3189 417 3245 solum
450 3190 574 3260 nuntios,
604 3192 654 3248 sed
687 3191 771 3248 etiam
809 3188 918 3246 famam
951 3189 1090 3246 adventus
1116 3191 1160 3247 sui

108 3312 292 3369 praegressus,
316 3294 436 3352 ducibus
457 3294 581 3353 indidem
605 3316 641 3354 ax
656 3295 810 3355 Celtiberia
825 3295 982 3370 transfugis
997 3295 1034 3350 ad
1049 3297 1159 3352 hostem

107 3398 243 3474 pervenit.
291 3400 407 3457 Eisdem
442 3403 606 3460 auctoribus
639 3412 816 3477 compertum
850 3412 909 3472 est,
942 3420 1030 3476 quum
1063 3402 1189 3460 decem?

108 3505 218 3562 circiter
245 3505 334 3562 millia
361 3508 398 3564 ab
420 3510 503 3566 hoste
525 3512 666 3580 abessent,
687 3509 757 3565 bina
778 3516 873 3564 castra
895 3507 972 3564 circa
992 3508 1080 3578 viam,
1103 3526 1161 3582 qua

107 3608 190 3677 irent,
214 3626 291 3678 esse;
326 3613 399 3671 laeva
421 3614 596 3688 Celtiberos,
620 3636 728 3675 novum
751 3613 925 3683 exercitum,
948 3629 1035 3684 supra
1057 3632 1159 3670 novem

108 3714 197 3771 millia
221 3717 383 3789 hominum,
405 3721 507 3778 dextra
527 3724 640 3781 Punica
660 3733 757 3781 tenere
778 3730 888 3789 eastra3
926 3739 961 3777 ea
982 3718 1192 3789 stationibus,8

107 3821 230 3896 vigiliis,
266 3825 344 3881 omui
373 3827 448 3884 iusta
469 3827 586 3884 militari
608 3828 739 3885 custodia
762 3837 824 3884 tuta
848 3838 877 3884 et
897 3828 981 3883 firma
1002 3842 1081 3894 esse,
1111 3823 1161 3881 illa

109 3931 200 3988 altera
223 3932 538 4009 solutaneglectaque,
559 3944 591 3991 ut
612 3935 800 3991 barbarorum
824 3942 851 3990 et
871 3935 994 3990 tironum
1019 3944 1048 3991 et
1068 3935 1161 3992 minus
