2674 4542
293 189 353 248 216
561 189 639 240 Liber
657 189 759 242 XXIV.
795 190 843 254 (Δ.
856 205 882 238 u.
897 204 919 243 e.
932 190 1007 252 541.)

249 387 310 446 ‘que
330 373 359 429 in
391 371 463 430 alias
493 373 582 445 lecto,
615 373 784 450 priusquam
815 375 853 431 ab
884 375 954 431 urbe
986 381 1157 442 moverent,
1189 374 1259 448 ιι
1265 404 1275 439 2,

221 481 458 552 Sprocurarunt,
488 497 553 552 qnae
574 478 706 536 nuntiata
733 487 825 536 erant.
868 479 970 536 Murus
992 496 1028 536 ac
1049 482 1181 554 portst's
1202 473 1289 547 usu&

253 592 281 639 ct
302 582 410 640 Aricia
440 583 528 640 etiam
550 583 630 640 Iovis
657 583 733 640 aedes
763 583 800 640 de
827 581 897 640 coelo
927 591 1006 640 tacta
1033 582 1144 640 furerat.
1197 582 1235 640 Et
1259 610 1277 631 =

250 687 375 747 ludibria
396 687 545 745 oculorum
576 689 747 761 auriumque
773 687 884 744 credita
910 707 963 763 pro
990 688 1082 746 veris:
1111 688 1230 745 navium
1252 689 1281 744 lu

251 814 353 871 garum
375 793 486 870 species
508 793 538 850 in
559 791 676 850 flumine
697 792 883 862 Tarracinae,
912 811 976 867 quse
999 791 1086 848 nullas
1118 801 1217 864 erant,
1241 795 1288 846 τί-

252 909 280 957 et
301 899 331 956 in
352 899 432 956 Iovis
447 897 565 954 Vicilini
586 897 705 974 templo,
727 897 807 971 qnod
827 897 857 954 in
879 896 1048 973 Compsano
1070 915 1146 972 agro
1165 907 1217 968 est,
1237 917 1253 954 s
1270 926 1280 947 ιι

220 1005 461 1080 9eoucrepuisse,
483 1013 512 1060 et
532 1003 639 1058 flumen
662 1001 806 1059 Amiterni
829 1012 977 1060 cruentum
1000 1003 1130 1061 fluxisse.
1178 1003 1232 1060 His
1249 1021 1285 1077 ρ·

251 1109 358 1167 curatis
384 1129 420 1167 ex
443 1109 558 1166 decreto
580 1107 758 1184 pontificum,
782 1106 904 1184 profecti
926 1107 1058 1164 consules
1083 1106 1285 1184 Sempronius

252 1214 402 1284 Lucanos,
432 1213 462 1271 in
484 1213 622 1288 Apuliam
646 1213 766 1272 Fabius.
814 1214 905 1270 Pater
933 1210 992 1266 filio
1023 1210 1141 1286 legatus
1173 1212 1212 1270 ed
1233 1211 1284 1271 Su«.

202 1323 238 1378 10
251 1319 344 1377 sulam
375 1320 404 1376 in
437 1328 534 1378 castra
566 1318 654 1376 venit.
708 1317 805 1390 Quum
840 1316 957 1374 obviam
984 1316 1060 1372 filius
1093 1319 1289 1394 progrederer

250 1425 425 1499 lictoresque
446 1421 621 1482 verecundia
643 1422 802 1480 maiestatis
825 1423 886 1479 eius
917 1421 996 1478 taciti
1022 1422 1188 1494 anteirent,
1218 1435 1285 1499 prat

248 1529 382 1586 undecim
404 1528 499 1586 fasces
514 1545 590 1601 equo
612 1539 772 1602 praevectus
794 1545 892 1598 senex,
915 1535 946 1584 ut
970 1527 1071 1584 consul
1086 1529 1279 1586 animadverte

250 1633 415 1708 proximum
431 1633 561 1690 lictorem
576 1633 660 1690 iussit
682 1645 711 1693 et
726 1631 786 1712 [ut]
802 1632 837 1703 is,
859 1633 1045 1690 descenderet
1060 1651 1098 1690 ex
1121 1652 1211 1708 equo,
1231 1633 1284 1690 incl

251 1738 350 1808 mavit,
372 1746 432 1794 tum
448 1738 563 1795 demum
579 1739 712 1796 desiliens
730 1737 903 1813 ,Experiri“
920 1738 1014 1812 inquit
1031 1738 1142 1810 „volui,
1165 1739 1217 1811 fili,
1237 1739 1289 1794 sa'

251 1843 348 1913 scires,
374 1841 520 1902 consulem
546 1852 575 1901 te
601 1847 691 1901 esse.“

154 1949 197 2018 45
334 1950 369 2006 In
400 1968 436 2006 ea
464 1959 561 2007 castra
587 1950 697 2006 Dasius
722 1947 849 2005 Altinius
872 1949 1002 2024 Arpinus
1029 1948 1106 2006 clam
1138 1958 1226 2008 nocte
1253 1967 1288 2004 cn

251 2053 342 2112 tribus
364 2054 455 2110 servis
477 2056 564 2124 venit,
586 2055 765 2130 promittens,
787 2053 811 2109 si
833 2053 888 2111 sibi
913 2053 1032 2128 praemio
1054 2053 1143 2123 foret,
1166 2073 1199 2112 se
1221 2056 1285 2127 Arp

219 2160 429 2234 lproditurum
461 2178 532 2218 esse.
590 2161 664 2217 Eum
700 2178 761 2215 rem
796 2159 833 2214 ad
865 2158 1015 2216 consilium
1054 2178 1140 2233 quum
1177 2159 1288 2217 retulis

179 2257 180 2260 '
250 2263 375 2333 Fabius,
408 2263 471 2320 aliis
505 2283 558 2339 pro
590 2264 744 2338 transfuga
769 2263 966 2320 verberandus
993 2264 1204 2340 necandusque
1229 2264 1279 2320 vid

250 2367 382 2442 ancipitis
405 2369 493 2425 animi
516 2370 677 2427 communis
699 2367 801 2438 hostis,
824 2369 874 2442 qni
895 2379 963 2444 post
989 2367 1175 2427 Cannensem
1198 2370 1298 2428 clads

249 2483 388 2546 tanquam
410 2491 474 2530 cum
498 2472 615 2530 fortuna
636 2473 723 2530 fidem
752 2482 831 2530 stare
858 2483 1020 2548 oporteret,
1050 2474 1089 2530 ad
1121 2473 1289 2531 Hannibale·

220 2578 387 2635 3descisset
412 2587 438 2633 et
466 2579 603 2635 traxisset
635 2579 673 2635 ad
710 2577 899 2636 defectionem
930 2580 1042 2654 Arpos,
1073 2588 1146 2650 tum,
1183 2579 1289 2654 quoniu

249 2701 295 2739 res
321 2684 457 2740 Romana
489 2693 591 2740 contra
623 2701 704 2758 spem
735 2692 863 2758 votaque
896 2683 956 2739 eins
987 2682 1067 2740 velut
1094 2702 1247 2760 resurgere
1275 2683 1300 2736 sb

249 2787 385 2863 stirpibus
409 2787 555 2858 videatur,
586 2806 692 2844 novam
720 2787 829 2845 referre
860 2787 1053 2862 prodit-ionem
1083 2789 1209 2863 proditis
1235 2786 1300 2864 polli-

250 2902 357 2963 ceatur,
391 2893 506 2950 aliunde
535 2902 592 2949 stet
621 2911 751 2968 semper,
781 2892 897 2948 aliunde
931 2893 1052 2983 sentiat,
1084 2883 1191 2951 infidus
1214 2895 1300 2952 socius.

250 3017 342 3056 vanus
364 2999 470 3069 hostis;
492 2999 523 3055 id
549 2999 587 3055 ad
610 2998 790 3055 Faleriorum
812 2997 976 3073 Pyrrhique
997 2998 1179 3072 proditorem
1203 3001 1300 3057 tertium

219 3103 407 3178 ltransfugis
430 3103 632 3161 documentum
662 3114 747 3160 esset.
792 3102 902 3161 Contra
930 3121 965 3159 ea
995 3103 1123 3160 consulis
1147 3114 1233 3180 pater
1257 3105 1301 3160 Fs·

250 3208 314 3264 bins
328 3217 490 3282 temporum
507 3209 612 3265 oblitos
626 3208 758 3265 homines
772 3207 802 3264 in
817 3207 912 3265 medio
928 3207 1033 3265 ardore
1050 3208 1118 3265 belli
1132 3217 1268 3284 tauquam
1280 3209 1301 3262 iu

220 3315 236 3367 5
249 3331 322 3388 pace
336 3313 428 3370 libero
440 3331 582 3387 aequoque
597 3313 716 3370 arbitrio
729 3331 816 3388 agere
833 3313 943 3382 aiebat3
959 3313 1018 3386 qni,
1034 3332 1123 3387 quum
1139 3315 1211 3372 illud
1222 3315 1301 3391 potins

250 3418 393 3493 agendum
410 3428 498 3492 atque
513 3419 699 3494 cogitandum
714 3419 760 3489 sit,
783 3418 808 3474 si
830 3437 888 3492 quo
910 3417 999 3474 modo
1013 3419 1076 3474 fieri
1091 3421 1193 3494 possit,
1216 3417 1300 3492 nequi

250 3522 321 3579 socii
343 3542 361 3578 a
383 3522 492 3598 populo
507 3525 642 3582 Romano
664 3524 826 3590 desciscant
841 3533 869 3579 et
883 3532 914 3578 ut
928 3541 1021 3580 novos
1043 3524 1205 3594 concilient,
1228 3527 1302 3582 docu-

251 3637 377 3685 mentum
400 3629 486 3686 etiam
509 3627 606 3685 dicant
625 3628 713 3686 statui
735 3636 879 3703 oportere,
902 3628 927 3684 si
947 3627 1011 3702 quis
1026 3628 1178 3704 resipiscet
1198 3641 1228 3688 et
1242 3630 1301 3688 auti·

159 3751 161 3754 ·
218 3741 338 3806 6quam
362 3733 529 3792 societatem
552 3720 696 3809 respiciet.
745 3732 830 3806 Quod
846 3733 871 3789 si
893 3732 974 3790 abire
996 3733 1034 3789 ab
1057 3734 1198 3793 Romanis
1221 3737 1301 3795 licut

250 3837 344 3894 redire
359 3839 396 3894 ad
412 3857 462 3894 eos
484 3857 542 3894 non
556 3837 651 3907 liceat,
667 3837 713 3894 oui
734 3838 852 3894 dubium
870 3855 943 3907 esse,
968 3836 1037 3911 quin
1059 3838 1141 3896 brevi
1163 3840 1301 3916 desperate

288 3988 312 4055 ¹)
332 3993 386 4042 Sub
404 3999 499 4041 tacte
517 3991 596 4039 latere
614 3991 715 4040 ridetur
733 4006 826 4040 nomeu
845 3993 922 4043 urbis.
