2704 4552
305 203 361 258 152
566 197 643 246 Liber
660 195 762 246 XXIII.
801 195 849 258 (Δ.
863 210 889 246 u.
903 210 923 244 c.
937 200 1007 253 589.)

225 381 379 458 7populos
412 380 451 437 ad
474 381 624 439 Romanos
653 376 803 437 defecisse.
853 377 960 447 Erant,
993 378 1043 453 qui
1066 379 1231 452 Magonem
1259 393 1328 432 mat

255 486 348 543 classe
370 503 405 541 ea
432 483 595 558 copiisque,
630 483 739 540 omissa
764 479 862 551 Italia,
892 483 922 540 in
944 483 1119 558 Hispaniam
1152 486 1328 543 avertereris

224 595 344 664 8quum
369 583 511 646 Sardiniae
531 587 703 664 recipiendae
724 587 877 661 repentina
899 603 965 662 spes
987 584 1112 643 affulsit:
1137 603 1260 662 parvum
1276 583 1304 640 ili
1327 585 1328 594 ’

255 690 413 750 exercitum
434 693 599 750 Romanum
622 709 699 761 esse3
724 699 851 748 veterem
874 699 1027 766 praetorem
1057 692 1126 748 inde
1147 693 1191 749 A.
1218 687 1327 751 Come]

225 797 323 859 elium
347 795 502 872 provincias
523 796 645 871 peritum
673 795 829 866 decedere,
859 813 967 852 novum
997 795 1179 871 cxspectari3
1212 794 1248 851 ad
1265 795 1305 848 hoc

106 920 161 1072 b?
254 902 348 959 iessos
380 900 438 958 iam
472 902 585 958 animos
622 895 781 958 Sardorum
815 917 880 956 esse
912 899 1100 964 diuturnitate
1135 899 1260 974 impen'i,
1285 909 1304 954 et

65 1043 95 1060 ..
253 1006 389 1081 prxoimo
417 1005 453 1062 iis
481 1023 557 1062 anuo
585 1006 689 1062 acerbe
711 1013 799 1078 atque
824 1022 913 1061 avare
940 1003 1130 1078 imperatum
1158 1004 1244 1078 grad
1268 1001 1304 1057 tri·

253 1112 324 1168 bato
346 1120 375 1168 et
396 1109 579 1168 collatione
569 1111 670 1184 iniqua
699 1107 836 1166 frumenti
857 1125 987 1183 pressos3
1019 1108 1092 1164 nihil
1119 1109 1225 1164 deesse
1244 1105 1301 1162 aliud

203 1215 240 1270 10
254 1233 341 1289 quam
364 1224 522 1284 auctorem,
545 1214 689 1288 adquam
713 1212 876 1270 delicerent
918 1213 990 1270 Hac
1011 1213 1194 1270 clandestina
1214 1212 1303 1286 legatie

253 1337 305 1394 per
326 1318 470 1393 principes
492 1318 581 1375 missa
600 1325 680 1387 erat,
700 1302 829 1374 maxime
851 1335 915 1374 aem
939 1336 999 1374 rem
1022 1318 1161 1375 moliente
1182 1315 1302 1390 Hampsi-

253 1441 339 1493 cora,
373 1421 422 1494 qui
451 1429 511 1477 tum
544 1422 717 1478 auctoritate
753 1431 840 1496 atque
863 1422 967 1497 opibus
991 1423 1078 1497 longe
1106 1422 1219 1496 primus
1247 1429 1301 1478 erat

206 1532 236 1584 11
253 1529 308 1584 His
342 1525 449 1582 nuntiis
485 1541 579 1598 prope
605 1544 663 1582 uno
692 1536 824 1600 tempore
852 1526 960 1583 turbati
987 1527 1133 1602 erectique
1163 1527 1299 1600 Magonem

205 1634 240 1688 12
254 1651 318 1689 eum
344 1629 437 1687 classe
458 1645 513 1684 sua
534 1627 684 1703 copiisque
705 1631 734 1686 in
756 1631 931 1705 Hispaniam
955 1632 1079 1698 mittunt,
1100 1631 1133 1687 in
1155 1629 1298 1689 Sardiniam

253 1731 469 1789 Hasdrubalem
491 1730 626 1806 deligunt
640 1733 743 1794 ducem
767 1744 796 1790 et
817 1743 928 1791 tantum
944 1735 1035 1792 ferme
1050 1735 1211 1810 copiarum,
1226 1751 1299 1808 quan·

252 1848 313 1894 tum
336 1835 465 1910 Magoni,
489 1835 654 1894 decernunt.

203 1945 239 2000 13
335 1942 375 1998 Et
395 1941 497 1998 Romm
512 1941 654 2011 consules,
676 1943 947 2013 transactis‘rebus,
969 1961 1034 2016 quae
1055 1942 1085 1998 iu
1104 1944 1176 2000 urbe
1200 1941 1300 2016 agenda

204 2051 240 2105 14
253 2055 345 2115 crant,
367 2046 524 2102 movebant
546 2045 603 2102 iam
627 2063 690 2102 sese
715 2048 752 2104 ad
775 2047 892 2104 bellum.
940 2047 987 2107 Ti.
1012 2046 1202 2121 Sempronius
1224 2045 1298 2102 militi·

252 2151 306 2206 bus
329 2148 496 2207 Sinuessam
522 2149 597 2205 diem
631 2150 670 2206 ad
691 2152 921 2209 conveniendum
951 2151 1056 2222 edixit,
1075 2159 1117 2207 ·et
1141 2150 1177 2223 Q.
1200 2150 1299 2220 Fabius,

252 2253 383 2310 consulto
417 2251 496 2326 prius
529 2255 650 2323 senatu,
689 2265 722 2312 ut
753 2255 900 2313 frumenta
932 2273 1032 2312 omues
1065 2275 1103 2312 ex
1137 2256 1215 2331 agris
1249 2267 1300 2310 ante

204 2365 238 2416 15
252 2356 389 2414 calendas
403 2355 503 2413 Iunias
525 2355 635 2430 primas
657 2357 686 2414 in
709 2360 795 2416 urbes
817 2360 942 2417 munitas
962 2361 1173 2430 conveherent;
1196 2361 1242 2434 qui
1256 2377 1297 2416 non

251 2461 425 2530 invexisset,
461 2460 522 2518 eius
554 2479 586 2518 se
622 2479 724 2536 agrum
758 2464 980 2538 populaturum,
1014 2481 1115 2521 servos
1148 2467 1202 2524 sub
1233 2467 1298 2521 hasta

251 2566 448 2635 venditurum,
480 2565 565 2622 villas
593 2565 785 2624 incensurum.
836 2568 882 2625 Nc
909 2568 1081 2646 praetoribus
1105 2570 1233 2643 quidem,
1262 2566 1297 2640 qui

252 2671 355 2727 adius
377 2670 528 2728 dicendum
551 2669 642 2726 creati
664 2680 760 2742 erant,
787 2671 906 2734 vvacatio
940 2691 958 2728 a
978 2673 1047 2730 belli
1068 2673 1298 2732 administratione

203 2778 238 2833 16
252 2775 321 2834 data
343 2787 396 2833 est.
442 2773 593 2832 Valerium
615 2782 768 2848 praetorem
797 2777 827 2832 in
849 2777 988 2852 Apuliam
1010 2778 1052 2834 ire
1072 2778 1184 2852 placuit
1204 2777 1240 2834 ad
1258 2795 1297 2832 cx-

252 2880 371 2938 ercitum
404 2898 423 2935 a
450 2880 587 2937 Terentio
623 2880 833 2955 accipiendum:
868 2899 956 2954 quum
989 2901 1026 2939 ex
1057 2882 1159 2942 Sicilia
1189 2881 1297 2957 legiones

251 2985 405 3054 venissent,
427 2984 462 3041 iis
482 2984 664 3059 potissimum
684 2985 726 3042 uti
741 2984 778 3041 ad
792 2983 919 3059 regionis
934 2987 995 3044 eius
1009 2987 1185 3062 presidium,
1206 2988 1296 3043 Teren·

202 3091 237 3144 17
250 3089 361 3146 tionum
377 3091 521 3148 sacratum
535 3087 681 3146 Tarmtam
695 3088 770 3146 mitti
785 3107 849 3146 cum
866 3089 964 3163 aliquo
978 3090 1158 3166 legatorum3
1173 3101 1200 3148 et
1213 3087 1296 3164 viginti

235 3193 378 3268 ‘quinque
393 3211 482 3250 naves
504 3193 588 3263 datae,
613 3193 717 3266 quibus
739 3212 820 3250 oram
843 3194 1018 3252 maritimam
1041 3195 1115 3254 inter
1130 3194 1295 3252 Brundisium

203 3299 238 3355 18
251 3317 286 3354 ac
308 3299 468 3355 Tarentum
489 3297 578 3353 tutari
600 3306 708 3371 posset.
755 3299 818 3354 Par
840 3298 958 3356 navium
990 3317 1126 3356 numerus
1152 3301 1188 3373 Q.
1202 3281 1295 3356 =Fulvio

201 3405 237 3459 111
250 3403 367 3478 praetori
400 3404 511 3459 urbano
544 3401 675 3459 decretus
705 3403 743 3458 ad
775 3403 943 3460 suburbana
974 3404 1061 3461 litora
1093 3404 1223 3460 tutanda.
1272 3399 1297 3456 C.

250 3507 388 3563 Terentio
410 3507 575 3582 proconsuli
596 3507 743 3581 negotium
766 3507 882 3578 datum,
913 3509 995 3566 utin
1017 3508 1127 3566 Piceno
1150 3525 1221 3583 agro
1242 3523 1294 3563 con·

199 3613 237 3667 20
251 3609 434 3685 quisitionem
456 3611 578 3670 militum
601 3611 723 3669 haberet
749 3611 879 3687 locisque
908 3613 953 3671 his
975 3594 1109 3689 prasidio
1132 3622 1216 3673 esset.
1266 3610 1295 3666 Et

251 3717 286 3776 Τ.
309 3715 450 3775 Otacilius
479 3715 617 3786 Crassus,
651 3724 806 3792 postquam
840 3717 931 3776 sedem
968 3719 1074 3776 Mentis
1105 3717 1135 3774 in
1168 3714 1294 3792 Capitolio

251 3821 404 3892 dedicavit,
425 3823 454 3879 in
477 3820 604 3880 Siciliam
628 3839 692 3878 cum
707 3821 839 3895 imperio,
862 3822 911 3896 qui
934 3822 1019 3879 classi
1033 3832 1179 3897 praesset,
1192 3809 1294 3879 'missus

153 3917 199 3986 8³
333 3926 369 3981 In
390 3927 465 3982 hanc
487 3925 701 3984 dimicationem
723 3927 846 3982 duorum
869 3926 1153 4000 opulentissimorum
1182 3922 1294 3982 intents
