2700 4426
428 129 506 179 Liber
522 127 624 178 xxva
662 129 708 192 (A.
722 129 770 182 oa.
785 129 859 193 alo.)
1090 135 1128 188 55

108 320 195 387 portu
232 321 424 386 expugnatas,
456 313 588 388 quadarn
627 331 692 370 cum
735 315 794 371 suis
834 314 997 383 oneribus,¹
1017 311 1172 386 frumento,

71 447 74 452 ·
109 416 213 488 armis,
247 435 305 474 aere
326 426 465 491 praeterea
486 417 624 493 ferroque
647 428 675 477 et
695 419 790 476 linteis
819 420 849 478 e't
882 428 982 493 sparto
1015 422 1044 474 et
1063 419 1172 475 'navali

108 522 167 578 alia
202 523 325 579 materia
355 523 393 580 ad
423 523 544 582 classem
567 525 779 595 aedilioandam,
820 533 852 581 ut
874 523 1020 580 minimum
1041 523 1221 583 muniunto

107 628 182 684 inter
202 637 300 685 tantas
325 647 395 704 opas
415 628 533 685 bellicas
556 628 704 704 Carthago
726 630 791 705 ipsa
811 629 907 686 fuerit.
1001 631 1004 635 ’
1056 633 1059 637 ’
1132 633 1134 638 ’

198 733 243 789 Εο
271 733 317 790 die
346 733 459 808 Scipio,
495 732 528 791 C.
558 718 649 792 Lalio
681 753 747 792 cum
778 736 864 793 sociis
889 733 1041 792 navalibus
1068 732 1167 789 urbem
1222 733 1267 801 48

107 837 253 894 custodire
284 836 381 906 iusso,
417 839 481 915 ipse
506 839 536 895 in
565 848 662 896 castra
694 839 823 914 legiones
853 840 982 910 reduxit,
1017 837 1202 910 fessosque2

107 943 213 999 milites
241 943 373 1000 omnibus
399 962 457 1001 uno
488 944 535 1001 die
561 944 629 1001 belli
660 945 815 1020 operibus,
848 945 965 1020 quippe¹
989 944 1087 1019 quiet
1109 943 1172 999 acie

108 1047 294 1104 dimicassent
334 1058 362 1107 et
409 1048 551 1123 capienda
592 1051 664 1107 urbe
696 1059 807 1108 tantum
844 1051 953 1107 laboris
994 1047 1172 1124 periculique

65 1159 68 1166 ‘
108 1153 237 1210 adissent
265 1162 294 1210 et
325 1154 412 1229 capta
442 1172 507 1211 cum
533 1154 578 1225 iia,
602 1156 702 1229 quiin
724 1175 819 1212 arcem
843 1154 1050 1230 confugerant,
1071 1153 1171 1227 iniquo

108 1260 195 1318 etiarn
228 1260 293 1316 loco
319 1270 511 1334 pugnassent,
543 1279 646 1317 curare
679 1264 805 1336 corpora
839 1261 931 1320 iussit.
950 1332 952 1335 Ι
973 1261 1097 1318 Postero
1126 1257 1202 1321 die3

108 1365 246 1422 militibus
274 1366 485 1439 navalibusque
510 1365 597 1422 sociis
626 1367 802 1438 convocatis,
832 1367 957 1442 primum
987 1366 1032 1422 dis
1053 1364 1171 1421 immor·

108 1471 215 1528 talibus
237 1469 338 1528 laudes
360 1481 516 1545 gratesque
536 1470 610 1546 egit,
632 1472 681 1545 qui
702 1490 734 1530 se
755 1491 814 1528 uon
836 1473 915 1528 urbis
937 1470 1029 1528 solum
1053 1469 1188 1544 opulen-'

107 1577 226 1634 tissimae
247 1577 374 1634 omnium
396 1577 426 1632 in
447 1577 593 1651 Hispania
614 1596 671 1634 uno
694 1579 740 1634 die
760 1578 925 1653 compotem
948 1575 1098 1640 fecissent,
1120 1575 1171 1630 sed

109 1694 177 1742 ante
198 1702 233 1740 eo
255 1683 467 1756 congessissent
486 1701 586 1739 omnes
607 1682 717 1741 Africae
739 1695 827 1756 atque
849 1681 998 1756 Hispanias
1022 1698 1107 1755 opes,
1141 1690 1170 1736 ut

108 1807 202 1863 neque
223 1787 354 1847 hostibus
386 1787 540 1860 quicquam
569 1787 778 1861 relinqueretur
807 1798 836 1843 et
858 1786 912 1844 sibi
937 1804 972 1842 ae
993 1786 1053 1842 suis
1074 1786 1173 1842 omnia

108 1902 300 1970 superessent.
357 1891 482 1948 Militum
511 1891 613 1948 deinde
639 1892 773 1949 virtutem
796 1892 986 1963 collaudavit,
1022 1892 1100 1965 quod
1123 1897 1203 1949 eosl

108 2019 167 2056 uon
194 1997 306 2072 eruptio
328 1996 472 2065 bostium,
495 2016 554 2053 non
576 1997 698 2054 altitudo
721 1998 873 2068 moenium,
909 2017 967 2054 non
989 1996 1173 2072 inexplorata

106 2105 203 2181 stagni
224 2103 318 2172 vada,
348 2120 407 2157 non
428 2100 576 2160 castellnm
601 2104 631 2160 iu
653 2105 712 2160 alto
734 2103 845 2160 tumulo
866 2103 971 2173 situm,
998 2123 1057 2159 non
1079 2103 1172 2159 muni·

107 2211 219 2268 tissima
251 2229 306 2266 arx
339 2191 542 2276 deterruisset,
586 2228 644 2283 quo
680 2210 774 2267 minus
807 2210 1043 2266 transcenderent
1074 2210 1172 2266 omnia

106 2325 390 2391 perrumperentque.
438 2313 544 2385 Itaque
571 2315 737 2388 quanquam
768 2314 902 2371 omnibus
926 2315 1023 2373 omnia
1045 2316 1201 2385 deberet‚5

106 2421 282 2496 praecipuum
306 2419 423 2475 muralis
445 2436 561 2474 coronae
582 2418 669 2474 decus
693 2418 754 2476 eius
770 2438 843 2490 esse,
865 2421 914 2494 qui
931 2419 1041 2494 primus
1056 2438 1168 2476 murum

107 2525 318 2591 adscendisset3
347 2524 537 2597 profiteretur,
557 2524 619 2596 qui
653 2542 684 2580 se
715 2525 833 2600 dignum
866 2524 906 2582 eo'
935 2525 1052 2581 duceret
1085 2525 1171 2582 dono.

107 2632 176 2686 Duo
198 2628 323 2704 professi
343 2638 427 2696 sunt,
460 2628 496 2701 Q.
520 2627 684 2698 Tiberilius,
706 2630 835 2686 centurio
857 2629 978 2705 legionis
1001 2641 1121 2704 quartae,
1144 2631 1202 2688 etti
1228 2608 1234 2614 .

107 2735 177 2794 Sex.
198 2733 336 2808 Digitius,
365 2737 460 2790 socius
486 2733 608 2792 navalis.
655 2734 720 2790 Nec
748 2734 804 2808 ipsi
830 2744 891 2790 tam
916 2734 991 2792 inter
1016 2736 1050 2791 'se
1069 2736 1173 2793 acriter

106 2841 337 2908 contendebant,
370 2857 457 2912 quam
485 2839 582 2895 studia
609 2838 806 2895 excitaverant
833 2848 954 2912 uterque
976 2838 1020 2894 sui
1041 2840 1171 2914 corporis

106 2945 264 3003 homiuum.
310 2943 403 3001 Sociis
427 2943 460 3002 C.
482 2944 597 3014 Laelius,
621 2943 775 3018 praefectus
795 2943 916 3025 classis,
939 2944 1105 3018 legionariis
1126 2945 1200 3004 Μ.7

107 3050 297 3125 Sempronius
333 3049 497 3106 Tuditanus
531 3049 641 3106 aderat
699 3049 745 3106 Ea
781 3020 926 3106 contentio
958 3069 1047 3124 quum
1079 3049 1202 3128 propoli

107 3156 277 3213 seditionem
299 3154 419 3224 veniret,
441 3155 540 3230 Scipio
560 3164 618 3212 tres
636 3165 854 3230 recuperatores
874 3173 962 3228 quum
980 3175 1012 3213 se
1034 3158 1169 3213 daturum

106 3260 335 3336 pronuntiasset,
359 3260 408 3334 qui
430 3261 546 3335 cognita
568 3277 656 3317 causa
677 3261 857 3334 testibusque
878 3261 983 3331 auditis
1002 3260 1170 3331 iudicarent,

107 3377 172 3422 uter
200 3365 282 3449 prior
312 3365 341 3421 in
364 3365 501 3440 oppidu-m
524 3365 763 3432 transcendisset,
800 3363 834 3422 O.
860 3365 950 3422 Laelio
973 3376 1001 3423 et
1022 3367 1064 3424 M.
1088 3364 1202 3424 Sem-9

107 3471 221 3544 pronio,
243 3470 393 3528 advocatis
415 3471 506 3545 partis
528 3470 686 3544 utriusque,
708 3471 742 3527 P.
756 3469 923 3528 Cornelium
946 3469 1110 3528 Caudinum
1135 3473 1171 3529 de

109 3575 206 3631 medio
228 3575 347 3646 adiecit,
382 3593 489 3649 eosque
510 3584 569 3632 tres
590 3585 810 3651 recuperatores
831 3577 981 3633 considere
1003 3587 1031 3632 et
1052 3595 1169 3633 causam
1242 3595 1244 3599 ’

107 3697 285 3754 cognoscere
305 3679 396 3736 iussit.
446 3680 542 3752 Quum
563 3699 609 3738 res
639 3700 674 3738 eo
705 3681 817 3738 maiore
847 3691 983 3756 ageretur
1004 3682 1170 3751 certamine,
1187 3679 1222 3733 10

109 3784 187 3859 quod
209 3783 300 3840 amoti
321 3792 408 3841 tanta
431 3784 580 3859 dignitatis
600 3804 658 3843 non
683 3794 743 3843 tam
768 3787 904 3843 advocati
927 3806 1014 3862 quam
1035 3788 1170 3844 modera-
