2700 4426
435 195 515 245 nasse
531 194 619 244 xxrr.
654 194 702 257 (e.
716 191 763 243 cn
779 195 850 256 21⁷.)
1093 198 1130 254 63

106 400 166 456 que
197 379 344 437 noscitans
378 381 539 450 consulem,
569 379 653 449 „En“
675 379 770 453 inquit
802 379 867 448 „hic
894 382 955 435 est“
985 378 1173 454 popularibus
1283 418 1305 457 ρ

106 491 179 558 suis,
204 489 273 564 „qui
294 486 423 560 legiones
443 495 559 543 nostras
582 485 686 543 cecidit
716 503 863 560 agrosque
883 494 913 541 et
934 486 1035 542 urbem
1054 464 1102 542 'est
1123 486 1173 542 de·

108 596 279 671 populatus3
315 592 374 649 iam
410 608 465 664 ego
500 591 576 648 banc
609 591 756 648 victimam
792 590 925 648 manibus
958 600 1172 665 peremptorum

107 702 185 759 foede
218 699 323 758 civium
354 697 461 753 dabo.“
516 695 704 771 Subditisquc
731 696 892 754 calcaribus
922 714 997 770 equo
1021 715 1074 771 per
1101 695 1204 754 con-4

108 806 296 864 fartissimum
332 803 458 861 hostium
497 803 612 859 turbam
647 802 786 875 impetum
823 801 908 871 facit,
944 803 1174 877 obtruncatoque

107 914 189 988 prius
211 912 365 986 armigero,
388 908 438 983 qui
458 926 490 964 se
510 905 616 963 infesto
639 907 764 963 venienti
786 908 903 965 obviam
927 909 1082 978 obiecerat,
1104 927 1174 966 oon-

108 1019 200 1075 sulem
236 1017 339 1073 lancea
373 1012 533 1081 transfixit,
568 1011 695 1086 spoliare
731 1014 892 1088 cupientem
928 1013 1021 1070 triarii
1055 1014 1174 1072 obiectis

106 1123 199 1180 scutis
227 1138 356 1179 arcuere.
407 1119 524 1193 Magna
555 1119 648 1192 partis
678 1117 749 1192 fuga
776 1120 843 1176 inde
869 1121 994 1196 primum
1020 1121 1119 1194 eoepit3
1146 1123 1204 1176 et5

108 1229 168 1284 iam
190 1247 243 1284 nec
264 1227 345 1283 lacus
369 1242 423 1280 nee
444 1233 556 1280 montes
579 1223 683 1299 pavori
703 1226 872 1295 obstabant3
903 1245 956 1301 per
983 1225 1081 1282 omnia
1110 1234 1175 1283 arta

108 1341 313 1406 praeruptaque
333 1331 413 1387 velut
434 1328 502 1385 caeci
523 1328 665 1399 evadunt,
688 1347 829 1404 armaque
851 1340 880 1388 et
903 1331 958 1387 viri
977 1349 1065 1405 super
1085 1330 1174 1387 alium

109 1436 158 1492 alii
185 1437 411 1512 precipitantur.
458 1435 534 1490 Pars
563 1451 686 1507 magna,
716 1433 765 1490 ubi
792 1435 873 1492 locus
901 1435 978 1510 fugae
1000 1437 1094 1507 deest,
1122 1437 1204 1512 pert

109 1543 205 1616 prima
226 1542 305 1598 vada
325 1540 440 1616 paludis
460 1540 490 1596 in
514 1557 620 1612 aquarn
643 1540 808 1613 progressi,
834 1541 930 1613 quoad
953 1541 1096 1617 capitibus
1119 1542 1173 1598 hu-

110 1648 249 1721 merisque
270 1655 386 1702 exstare
406 1655 542 1719 possunt,
565 1663 628 1701 sese
649 1645 839 1719 immergunt3
868 1645 958 1719 fuere,
981 1665 1054 1720 quos
1074 1647 1174 1703 incon·

107 1753 209 1809 sullus.
228 1770 322 1827 pavor
355 1752 452 1808 nando
486 1751 574 1807 etiam
606 1768 758 1824 capessere
786 1750 886 1826 fugam
916 1751 1076 1826 impulerit;
1110 1754 1203 1825 qual

108 1858 158 1915 ubi
179 1857 320 1913 immensa
342 1874 376 1913 ac
403 1856 465 1911 sine
486 1873 538 1929 spe
560 1864 637 1923 erat,
670 1864 720 1912 aut
748 1843 945 1913 deficientibus
974 1855 1077 1912 anirnis
1101 1857 1174 1912 hau·

108 1962 259 2019 riebantur
286 1961 449 2037 gurgitibus
479 1970 530 2016 aut
551 1960 744 2034 nequicquam
773 1959 844 2016 fessi
873 1961 952 2016 vada
976 1969 1055 2017 retro
1082 1979 1174 2034 aeger-

109 2066 182 2124 rima
202 2069 380 2143 repetebant,
403 2076 490 2140 atque
511 2065 552 2122 ibi
574 2066 612 2121 ab
634 2065 771 2137 ingressis
794 2083 900 2138 aquam
923 2065 1048 2122 bostium
1072 2064 1175 2138 equiti·

108 2171 163 2227 bus
184 2171 302 2246 passini,
324 2171 552 2229 trucidabantur.
600 2169 661 2228 Sex
688 2169 778 2227 millia
809 2169 900 2227 ferme
930 2170 1016 2245 primi
1043 2169 1204 2246 agminis,8

109 2296 162 2352 per
186 2277 327 2335 adversos
348 2279 447 2334 hostes
475 2275 626 2350 eruptione
652 2275 775 2349 impigre
802 2276 890 2346 facta,
911 2277 1007 2351 ignari
1038 2277 1175 2348 omnium,

110 2400 176 2456 qum
194 2361 263 2456 post
283 2401 315 2440 se
336 2391 500 2457 agerentur,
522 2401 560 2438 ex
581 2382 657 2438 saltu
678 2357 813 2450 evasere,
846 2391 875 2436 at
902 2399 990 2455 quum
1012 2383 1043 2438 in
1064 2382 1175 2440 tumulo
1249 2405 1269 2421 ·-

112 2488 238 2560 quodam
272 2488 483 2557 constitissent,
516 2485 673 2543 clamorem
707 2487 794 2542 modo
828 2504 862 2542 ac
892 2504 995 2544 sonum
1028 2507 1174 2545 armorum

111 2593 274 2664 audientes,
303 2611 368 2667 quaa
388 2592 507 2649 fortuna
528 2610 632 2668 pugnae
654 2601 744 2660 esset,
772 2610 866 2665 neque
893 2591 967 2648 scire
989 2611 1043 2650 nec
1063 2592 1190 2667 perspi.

110 2716 176 2754 cere
196 2715 256 2772 prae
277 2699 400 2774 caligine
427 2705 570 2773 poterant.
620 2696 763 2753 Inclinato
792 2697 917 2770 denique
936 2717 983 2766 re,
1013 2717 1102 2772 quum
1131 2695 1206 2754 iri-9

111 2802 270 2860 calescente
291 2803 352 2860 sole
376 2802 505 2878 dispulsa
531 2802 639 2859 nebula
666 2801 827 2875 aperuisset
855 2802 946 2872 diem,
973 2812 1033 2860 turn
1064 2803 1176 2877 liquida

110 2903 169 2962 iam
190 2905 254 2964 lucc
275 2919 387 2966 montes
409 2909 562 2983 campique
590 2906 719 2981 perditas
745 2924 791 2962 res
813 2916 994 2980 stratamque
1025 2906 1176 2964 ostendere

111 3009 187 3067 foede
210 2994 375 3071 Romanam
402 3013 504 3073 aciem.
529 3062 532 3068 .
555 3013 660 3086 Itaque
689 3029 726 3066 ne
754 3012 784 3067 in
806 3019 977 3087 conspectos
998 3011 1101 3086 procul
1122 3011 1176 3068 irn-
1193 3012 1228 3066 to

64 3167 66 3171 .
111 3117 271 3174 mitteretur
291 3136 389 3192 eques,
411 3091 531 3174 sublatis
556 3116 661 3193 raptim
684 3117 788 3192 signis,
820 3136 907 3190 quarn
929 3115 1101 3174 citatissimo·
1123 3135 1176 3191 po·

111 3231 206 3279 terant
227 3224 356 3298 agmine,
384 3241 448 3280 sese
470 3223 667 3296 abripuerunt.
723 3225 847 3280 Postero
880 3222 941 3294 die,
973 3242 1060 3297 quum
1089 3241 1178 3298 super
1193 3225 1224 3277 ll

111 3337 208 3384 cetera
229 3338 361 3386 extrema
383 3326 476 3384 fames
497 3327 584 3385 etiam
607 3328 743 3398 instaret,
772 3328 858 3385 fidem
882 3329 969 3386 dante
994 3329 1176 3399 Maharbale,

112 3432 161 3504 qui
182 3451 247 3490 curn
267 3432 399 3491 omnibus
421 3434 604 3506 equestribus
626 3434 717 3510 copiis
740 3444 825 3492 nocte
841 3436 1023 3494 'consecutus
1046 3441 1123 3502 erat,
1152 3432 1177 3487 si

111 3554 194 3593 arma
220 3539 420 3608 tradidissent,
449 3537 530 3594 abira
562 3556 626 3595 curn
658 3539 778 3614 singulis
807 3540 984 3596 vestimentis
1013 3556 1176 3614 passurum,

110 3659 175 3698 sesa
196 3643 382 3711 dediderunt3
407 3661 472 3717 qua
496 3643 610 3700 Punica
637 3644 776 3719 religione
801 3654 918 3702 servata
939 3646 1011 3701 fides
1034 3646 1071 3705 ab
1094 3645 1176 3701 Han·
1193 3635 1228 3691 ¹2

109 3747 206 3806 nibale
224 3757 277 3820 est,
302 3757 390 3823 atque
410 3748 441 3805 iu
461 3748 578 3807 vincula
598 3767 699 3806 ornnes
720 3749 853 3811 coniecta
1252 3811 1273 3878 ἵ
1297 3739 1327 3798 Χ

194 3853 266 3912 Hae
298 3865 342 3912 est
375 3853 480 3911 nobilis
513 3855 552 3910 ad
585 3856 817 3912 Trasumennum
852 3873 950 3929 pugna
981 3864 1068 3927 atque
1097 3853 1172 3910 inter

113 3975 224 4032 paucas
252 3961 414 4017 membrata
435 3957 535 4034 populi
567 3960 692 4017 Romani
719 3959 826 4020 clades.
885 3959 1054 4032 Quindecim
1085 3955 1207 4016 millia2
