2700 4426
396 198 399 204 '
433 212 512 262 oue
529 209 628 262 xxrv.
666 211 859 278 (aonam)
1074 218 1128 275 aot

110 407 173 453 tum
202 395 240 453 ad
264 395 427 453 libertatem
456 395 621 470 relictisque
645 395 732 471 regiis
761 396 881 454 ducibus
911 399 949 456 ad
973 399 1175 476 Syracusanos

111 519 281 558 concursum
313 504 358 560 cit.
413 502 519 574 ltaque
551 508 602 558 aut
632 500 815 560 sumendum
854 503 943 560 idda
973 503 1082 562 foedere
1112 510 1205 566 esset)

111 613 162 661 ant
182 605 274 680 legem
299 625 363 662 eam
393 605 510 663 foederis
536 625 595 663 nou
617 606 825 681 accipiendam.
879 610 979 666 Facile
1001 610 1175 668 multitudini
1191 617 1236 698 1οἺ

109 727 298 784 persuasum3
331 711 494 785 legatisque
521 711 770 786 Syracusanorum
804 722 833 771 et
865 714 901 771 de
933 715 1010 772 caede
1041 716 1174 774 stationis

109 815 252 873 Romana
276 818 463 890 querentibus
491 824 520 873 et
547 816 756 892 Hippocratem
788 827 876 894 atque
904 819 1064 895 Epicydem
1094 823 1174 878 abire

109 937 162 976 seu
184 921 295 978 Locros
322 941 373 980 seu
403 941 461 996 quo
487 922 545 980 alio
568 923 699 995 mallent,
728 924 887 982 dummodo
911 924 1011 982 Sicilia
1032 926 1174 998 cederent,

110 1026 286 1098 iubentibus,
308 1026 444 1084 ferociter
465 1045 635 1102 responsum
658 1038 715 1099 est,
737 1049 831 1104 neque
853 1029 1008 1087 mandasse
1029 1051 1094 1089 sese
1116 1032 1173 1108 Sy·
1192 1031 1223 1086 ll

108 1133 269 1202 racusanis,
288 1141 320 1188 ut
340 1150 442 1206 pacem
464 1151 518 1207 pro
540 1149 572 1187 se
593 1150 658 1189 cum
680 1133 821 1190 Romanis
843 1133 985 1205 facerent,
1017 1155 1110 1212 neque
1132 1148 1174 1194 te·

81 1237 171 1293 ·neri
196 1236 296 1294 alienis
320 1236 486 1298 foederibus.
536 1237 608 1293 Haec
633 1238 670 1294 ad
693 1239 841 1313 Romanos
865 1239 1043 1314 Syracusani
1064 1239 1224 1300 dotale-12

107 1351 185 1412 runt,
207 1344 364 1400 abnuentes
388 1342 547 1399 Leontinos
575 1342 605 1398 in
630 1361 683 1399 sua
704 1352 848 1419 potestate
870 1362 948 1401 esse:
976 1346 1075 1421 itaque
1100 1350 1172 1406 inte-

106 1464 164 1522 gro
184 1465 280 1504 secum
303 1447 413 1504 foedere
435 1445 542 1503 bellum
564 1448 714 1514 Romanos
744 1467 808 1505 cum
836 1448 871 1505 iis
899 1459 1049 1524 gesturos,
1082 1473 1175 1529 neque

106 1570 173 1609 sese
193 1552 342 1609 defuturos
364 1552 391 1608 ei
405 1551 490 1620 bello,
512 1551 554 1608 ita
575 1561 607 1608 ut
627 1552 656 1608 in
679 1562 851 1628 potestatem
870 1555 980 1613 redacti
1002 1575 1061 1614 suae
1075 1578 1174 1617 rursus
1267 1618 1270 1624 ,

106 1657 228 1715 dicionis
250 1667 354 1728 essent,
376 1657 449 1713 sicut
472 1675 532 1731 pax
554 1658 745 1718 convenisset.

192 1762 348 1820 Marcellus
384 1781 448 1820 curn
481 1763 560 1819 omni
592 1764 719 1821 exercitu
757 1763 904 1839 profectus
939 1765 968 1820 in
1006 1766 1172 1837 Leontinos,
1219 1755 1266 1825 30

107 1867 208 1942 Appio
231 1886 347 1942 quoque
367 1868 476 1938 accito,
507 1878 538 1924 ut
560 1867 652 1924 altera
680 1878 763 1943 parte
785 1869 999 1943 aggrederetur,
1020 1880 1101 1927 tanto
1124 1890 1172 1928 ar-

106 1956 185 2028 dore
200 1972 321 2040 militum
344 1981 388 2030 est
409 1992 478 2030 usus
500 1975 537 2030 ab
552 1973 596 2029 ira
617 1972 692 2029 inter
713 1972 895 2030 condiciones
918 1974 998 2046 pacis
1016 1975 1173 2035 interfectae

105 2078 250 2148 stationis,
280 2087 312 2135 ut
332 2079 426 2154 primo
457 2080 565 2154 impetu
596 2078 695 2134 urbem
725 2085 933 2151 expugnarent.
976 2078 1206 2155 Hippocrates}

107 2191 197 2270 atque
218 2183 363 2258 Epicydes
384 2192 538 2258 postquam
555 2182 621 2257 cepi
643 2200 740 2238 muros
759 2181 935 2257 refringique
950 2193 1050 2258 portas
1065 2186 1172 2257 videre,

106 2287 139 2345 in
164 2307 258 2345 arcem
281 2306 344 2344 sese
365 2307 428 2345 cum
452 2279 551 2363 paucis
582 2305 732 2362 recepere;
759 2289 826 2346 inde
847 2288 920 2346 clam
951 2300 1036 2348 nocte
1060 2293 1172 2350 Herbe·

107 2412 172 2450 sum
195 2381 369 2467 perfugiunt.
412 2392 603 2468 Syracusanis
625 2402 696 2455 octo,
715 2393 834 2450 millium
857 2403 1035 2452 armatorum
1058 2392 1203 2472 agmine3

107 2497 246 2573 profectis
279 2498 366 2554 domo
400 2497 437 2553 ad
470 2497 570 2573 Mylan
602 2499 708 2554 flumen
736 2500 858 2557 nuntius·
888 2502 1021 2571 occurrit,
1057 2511 1172 2576 captam

108 2605 210 2677 urbem
240 2621 317 2672 csse,
347 2612 444 2659 cetera
465 2602 542 2660 falsu
563 2604 655 2660 mixta
682 2605 758 2662 veris
785 2604 895 2662 ferens:
926 2606 1033 2662 caedem
1064 2603 1202 2682 promi-4

107 2727 208 2767 seuam
240 2707 362 2764 militurn
396 2718 483 2782 atque
518 2709 729 2783 oppidanorum
766 2708 891 2778 factam,
927 2729 981 2768 nec
1017 2711 1171 2784 quicquam

108 2815 249 2890 puberum
265 2812 401 2869 arbitrari
415 2812 565 2887 superesse
575 2832 593 2882 ;·
604 2813 745 2888 direptam
763 2815 873 2883 urbem,
893 2815 971 2872 bona
986 2814 1171 2890 locupletium

108 2920 227 2977 donata.
274 2918 323 2975 Ad
348 2918 478 2974 nuntium
501 2927 560 2973 tarn
577 2926 704 2974 atrocem
728 2919 856 2975 constitit
870 2937 985 2992 agmen,
1007 2919 1202 2986 concitatis-5

109 3043 167 3098 que
188 3023 321 3080 omnibus
356 3021 443 3078 duces
472 3029 570 3089 (erant
592 3032 688 3079 autem
712 3023 793 3082 Sosis
816 3043 850 3081 ac
872 3025 1075 3098 Dinomenes),
1103 3026 1172 3100 quid

108 3137 237 3204 agerent,
258 3126 470 3186 consultabant.
514 3129 648 3185 Terroris
663 3129 787 3202 speciem
803 3130 881 3186 haud
898 3149 1005 3188 vanam
1021 3132 1171 3189 mendacio
1185 3129 1202 3182 6

107 3235 292 3309 praebuerant
323 3233 468 3288 verberati
501 3252 536 3290 ac
557 3235 651 3290 securi
682 3235 811 3307 percussi
843 3236 1015 3312 transfugae,
1048 3239 1086 3294 ad
1114 3239 1171 3296 duo

108 3337 200 3396 millia
230 3336 395 3406 hominum;
431 3348 557 3394 ceterum
591 3338 798 3395 Leontinorum
835 3341 1015 3416 militumque
1049 3339 1201 3400 aliorum7

107 3462 194 3526 nemo
216 3450 283 3517 post
306 3452 422 3517 captam
449 3444 549 3500 urbem
576 3443 701 3500 violatus
722 3442 833 3515 fuerat,
862 3464 973 3531 suaque
1001 3448 1099 3505 omnia
1121 3448 1171 3518 eis,

107 3548 164 3605 nisi
187 3567 252 3622 quae
273 3547 383 3621 primus
405 3548 542 3605 tumultus
572 3558 664 3622 captae
692 3549 771 3606 urbis
794 3551 1011 3625 absumpserat,
1039 3553 1171 3610 restitue·

107 3655 223 3711 bantur.
273 3654 336 3710 Nec
367 3662 398 3708 ut
428 3654 584 3717 Leontinos
604 3655 703 3724 -irent,
731 3653 862 3728 proditos
887 3654 925 3710 ad
956 3658 1062 3714 caedem
1093 3657 1202 3717 com-8

107 3757 252 3815 militones
275 3759 437 3832 querentes,
459 3758 580 3832 perpelli
599 3768 733 3833 potuere,
763 3777 816 3815 nec
838 3767 870 3815 ut
891 3760 993 3815 eodem
1021 3760 1086 3818 loco
1109 3779 1170 3818 cer-

108 3862 211 3919 tiorem
234 3865 363 3921 nuntium
386 3874 595 3938 exspectarent.
639 3863 734 3937 Quum
754 3862 791 3920 ad
808 3862 997 3923 defectionem
1019 3865 1201 3923 inclinatos9

109 3967 223 4026 animos
243 3978 392 4026 cernerent
414 3979 567 4044 pretores,
598 3971 649 4027 sed
678 3989 744 4027 eum
765 3979 875 4031 motum
905 3972 985 4030 haud
1006 3971 1170 4030 diuturnum
