2674 4542
297 257 357 315 seo
565 254 646 304 niter
662 254 749 306 xxv.
787 254 835 318 (s.
850 268 876 305 ι.
892 270 914 306 0.
929 254 1008 318 ess.)

224 427 351 500 leerum
379 439 505 514 quidem,
536 440 587 497 sed
608 439 685 498 forte
716 437 877 496 consilium.
935 437 999 496 Sibi
1030 437 1169 494 omnium
1198 436 1210 491 l

254 546 506 623 periculorumque
538 545 615 602 circa
646 542 752 601 muenia
780 542 966 618 Syracusana
994 551 1077 600 terra
1107 543 1247 617 marique

254 654 303 710 diu
317 653 523 710 exhaustorum
539 667 724 724 nequaquam
740 657 850 706 tantum
872 647 998 706 fructum
1021 667 1099 719 esse,
1124 647 1210 722 quod
1231 665 1264 703 ca

224 757 240 811 8
256 759 418 835 Syracusas
430 757 562 832 putruerit,
580 764 720 830 quantum,
741 756 768 810 ei
780 773 891 810 emere
911 754 1065 830 potuisset.
1114 755 1196 811 Inde
1210 773 1249 828 qu

256 883 320 921 cum
343 863 477 938 praesidio
499 861 613 919 Nasum
629 860 668 917 ed
690 859 890 934 accipiendam
911 859 1066 935 pecuniam
1094 859 1217 934 regiam

256 961 450 1043 diendamque
473 968 585 1024 missus.
637 966 718 1023 Urbe
731 965 894 1040 diripienda
917 964 1001 1022 militi
1022 966 1096 1022 data
1119 974 1185 1035 est,
1209 981 1259 1020 cus

257 1078 311 1133 bns
343 1073 443 1132 divisis
457 1097 460 1104 ·
474 1091 527 1147 per
555 1073 658 1129 domos
685 1091 801 1139 eorum,
832 1070 883 1146 qui
913 1070 991 1127 intra
1019 1070 1166 1146 praesidia
1201 1071 1276 1126 Rom

226 1179 382 1239 9fuerant.
441 1178 537 1252 Quum
572 1178 663 1234 multa
693 1178 759 1247 irae,
790 1176 882 1234 multa
914 1176 1060 1238 avaritiae,
1078 1175 1167 1234 foeda
1202 1193 1282 1232 exem

258 1287 420 1355 ederentur,
445 1284 639 1341 Archimeden
654 1283 802 1340 memoriae
815 1282 962 1357 proditum
976 1291 1030 1351 est,
1046 1281 1078 1338 in
1092 1290 1186 1338 tanto
1202 1290 1281 1337 tumu

258 1402 397 1468 quantum
408 1407 501 1466 pauor
515 1398 607 1464 ceptae
618 1387 741 1445 urbisin
757 1387 888 1444 discursu
902 1387 1100 1462 diripientium
1119 1387 1251 1444 militum
1263 1268 1331 1467 ci:

257 1507 389 1574 poterat,
420 1495 562 1552 intentum
590 1493 707 1562 formis,
741 1509 814 1566 quas
844 1492 874 1548 in
900 1493 1020 1567 pulvere
1048 1470 1330 1571 descripseram*

209 1599 245 1654 lll
258 1603 362 1679 ignaro
396 1600 502 1671 milite,
541 1599 605 1674 quis
627 1608 717 1669 esset,
753 1595 951 1664 interiectum
987 1616 1066 1673 aegre
1101 1597 1136 1656 id
1160 1576 1331 1671 Marcelle*

258 1708 368 1778 tulisse,
391 1707 604 1782 sepultumque
625 1722 724 1762 curam
746 1702 892 1773 habitam,
923 1712 952 1761 et
971 1704 1154 1779 propinquis
1181 1678 1330 2098 etiam}

259 1811 372 1888 quisitis
400 1810 504 1869 honori
525 1810 718 1885 presidioque
738 1827 844 1866 nomen
872 1827 907 1866 ac
935 1809 1111 1867 memoriam
1144 1810 1212 1867 eius
1239 1808 1279 1865 im

209 1915 241 1969 ll
258 1921 325 1977 Hoc
346 1916 474 1975 maxime
496 1917 583 1973 modo
606 1917 759 1991 Syracuse
781 1925 887 1990 captae3
908 1914 938 1971 in
961 1915 1068 1989 quibus
1087 1915 1202 1989 praedae
1224 1925 1273 1970 tan

257 2023 320 2095 fuit,
344 2032 483 2098 quantum
505 2022 556 2079 vix
577 2030 665 2096 capta
688 2019 865 2096 Carthagine
887 2030 947 2078 tum
968 2019 1083 2092 inisset,
1106 2040 1203 2095 quum
1227 2019 1281 2074 vin·

257 2131 346 2205 aequis
368 2130 542 2187 certabatur.
1248 2187 1256 2203 ‚
1323 2104 1328 2115 ¹

209 2234 245 2290 12
342 2235 450 2292 Paucis
486 2239 554 2288 ante
590 2231 706 2302 dicbus,
747 2250 834 2307 quam
873 2231 1025 2308 Syracusae
1062 2204 1331 2409 caperentur&

236 2339 402 2400 ‚Otacilius
429 2357 494 2396 cum
525 2337 780 2412 qulnqueremibus
812 2336 961 2411 octoginta
981 2336 1102 2395 Uticam
1135 2339 1178 2393 ab
1206 2336 1272 2410 Lily

211 2444 420 2504 retransmisit
454 2452 497 2515 et,
531 2461 619 2518 quum
652 2451 720 2499 ente
740 2442 833 2499 lucem
856 2452 971 2517 port-um
994 2441 1152 2510 intrasset,
1185 2412 1330 2507 onerariwl

259 2551 405 2607 frumento
427 2559 546 2606 onustas
567 2547 651 2621 cepit,
673 2564 864 2622 egressusque
885 2545 915 2603 in
937 2557 1043 2604 terram
1066 2547 1271 2623 depopulatus
1290 2510 1332 2613 cdl

261 2655 439 2736 eliquentum
463 2654 528 2730 agri
549 2654 626 2709 circa
646 2651 774 2722 Uticam,
794 2653 982 2727 praedamque
1004 2653 1102 2710 omnis
1124 2654 1245 2728 generis
1259 2661 1321 2709 rem

212 2762 247 2817 14
262 2760 300 2818 ad
327 2779 419 2818 naves
451 2759 518 2836 egit.
575 2758 737 2833 Lilybaeum
767 2758 853 2814 tertio
875 2758 931 2827 die,
961 2777 1049 2832 quam
1081 2758 1154 2814 inde
1187 2757 1335 2835 profectu

261 2876 341 2938 erat,
369 2885 432 2925 cum
456 2875 569 2924 centum
597 2863 717 2939 triginta
739 2863 879 2920 onerariis
902 2863 1026 2921 navibus
1046 2863 1201 2921 frumento
1223 2863 1320 2940 preda·

262 2993 318 3048 que
340 2972 451 3030 onustis
473 2970 567 3040 rediit,
587 2970 676 3044 idque
696 2967 870 3026 frumentum
894 2968 1040 3043 extemplo
1063 2967 1236 3044 Syracusas
1251 2967 1320 3026 misit

213 3077 248 3133 15
263 3079 341 3152 quod
363 3077 393 3134 ni
414 3087 474 3134 tam
496 3075 526 3132 in
548 3085 680 3150 tempore
700 3073 891 3145 subuenisset,
912 3073 1072 3131 victoribus
1093 3073 1246 3149 victisque
1258 3069 1320 3149 pari·

263 3194 307 3241 ter
328 3181 492 3260 pamiciosa
511 3179 605 3238 fames
625 3179 762 3238 instabat.

167 3279 211 3350 32
347 3287 459 3346 Eadem
489 3295 589 3344 aestate
615 3285 645 3342 in
674 3283 834 3359 Hispania,
866 3300 954 3358 quum
985 3283 1103 3347 biennio
1137 3283 1233 3342 ferum
1266 3279 1318 3339 nihl

264 3394 421 3452 admodum
445 3391 633 3448 memorabile
661 3389 769 3446 iactum
799 3399 875 3446 esset
905 3389 1090 3464 consiliisque
1119 3390 1217 3466 magis
1247 3405 1316 3464 qum

262 3499 351 3556 armis
372 3497 480 3556 bellum
502 3505 663 3570 gereretur,
694 3496 819 3554 Romani
848 3495 1039 3570 imperatores
1072 3495 1186 3571 egressi
1205 3491 1317 3553 hibernis

231 3595 363 3679 2oopias
390 3604 610 3660 coniunxemnt
664 3599 712 3656 lbi
740 3598 891 3656 consilium
919 3593 1110 3669 advocatum,
1143 3592 1317 3673 omniumque

261 3705 292 3761 in
324 3723 412 3762 unum
447 3713 641 3780 congruerunt
673 3704 837 3774 sententiae,
869 3706 987 3778 quando
1014 3707 1052 3762 cd
1078 3705 1109 3762 id
1142 3707 1275 3764 locorum
1296 3703 1315 3759 il

264 3811 352 3868 modo
386 3820 482 3868 aetum
515 3821 605 3880 esset,
637 3821 669 3867 ut
697 3809 913 3868 Hasdrubalem
950 3810 1114 3868 tendentem
1150 3812 1181 3868 in
1215 3812 1314 3870 Italian

232 3917 435 3986 3retinerent,
469 3925 583 3989 tempus
609 3933 674 3972 esse
693 3915 723 3970 id
751 3915 810 3972 iem
841 3915 904 3989 agi,
937 3924 969 3971 ut
996 3914 1104 3972 bellum
1128 3917 1158 3973 in
1185 3915 1315 3993 Hispane

262 4021 405 4088 finiretur3
440 4028 469 4076 et
494 4020 564 4076 satis
594 4020 632 4077 ad
661 4019 691 4076 id
718 4019 823 4076 virium
851 4019 1009 4078 credebant
1039 4022 1200 4079 accessisse
1228 4021 1313 4097 viginti
