2674 4542
310 238 369 296 2¹8
575 235 654 286 Liber
670 234 771 285 xxlv.
809 235 854 299 (A.
870 251 895 290 u.
909 250 932 284 o.
947 235 1019 299 541.)

267 418 503 478 admoverentur:
532 429 639 494 parata
667 417 765 476 omnia
793 429 881 492 atque
908 419 1049 476 instructa
1070 437 1138 478 sose
1160 417 1325 497 habiturum}

126 605 128 610 Α
212 511 216 520 ’
237 527 313 589 4Ea
333 525 457 600 impigre
478 523 571 594 faota3
594 534 622 580 et
644 524 723 598 quod
743 523 980 599 impedimentum
1004 524 1161 599 agentibus
1173 522 1235 580 fore
1249 521 1325 601 viler

268 629 413 699 batuam
435 629 562 686 maxime
584 629 622 685 ad
637 628 795 686 fallendum
819 629 939 688 adiuvit.
985 631 1086 688 Imber
1108 631 1148 686 ab
1171 639 1250 684 nocte
1266 645 1325 682 rno-¹

268 736 316 792 dia
347 745 465 791 coortus
489 735 624 792 custodes
655 733 816 808 vigilesque
848 734 977 810 dilapsos
1009 754 1026 792 e
1058 734 1235 790 stationibus
1267 729 1307 791 rut·

238 839 369 915 ofugere
396 839 425 896 in
463 829 538 896 tecta
571 839 674 914 coegit,
708 839 880 913 sonitusque
907 839 1002 914 primo
1030 837 1173 914 largioris
1205 857 1279 912 pro
1308 867 1309 870 ¹

268 943 417 1018 strepitum
441 943 620 1000 molientium
642 953 758 1018 portam
783 943 915 1002 exaudiri
932 944 1088 1018 prohibuit,
1112 944 1221 1002 lentior
1234 943 1292 998 de'1·
1324 995 1325 1022 ,

268 1049 465 1123 aequaliorque
489 1048 623 1106 accidens
646 1047 764 1106 auribus
788 1066 924 1122 magnam
947 1060 1060 1124 partem
1082 1049 1236 1106 hominum
1253 1065 1310 1103 θοιἸ

237 1155 320 1212 ovit,
369 1155 531 1228 Postquam
559 1161 676 1227 portam
704 1154 855 1224 tenebant,
887 1153 1046 1212 cornicines
1075 1155 1107 1209 in
1140 1153 1192 1210 via
1220 1172 1294 1228 pauu
1324 1202 1325 1208 ,

239 1259 427 1317 lintervallis
449 1245 605 1333 dispositos
628 1276 731 1315 canem
758 1257 867 1328 iubent,
898 1269 930 1316 ut
951 1259 1099 1316 consulem
1120 1259 1256 1316 excirent
1296 1300 1298 1305 -
1324 1319 1325 1339 ἶ

268 1365 318 1421 ubi
351 1362 460 1422 factum
488 1383 525 1420 ex
552 1363 714 1438 composito
743 1373 801 1433 est,
832 1363 916 1438 sigua
946 1362 1042 1422 efferri
1068 1365 1175 1421 consul
1202 1364 1272 1420 iubet
1324 1423 1325 1438 ,

176 1462 220 1529 47
268 1471 356 1546 paulo
379 1480 445 1526 ante
466 1469 558 1526 lucem
581 1488 634 1543 per
646 1467 795 1526 effractam
811 1480 926 1543 portam
942 1471 1042 1526 urbem
1053 1469 1228 1544 ingreditur.
1258 1468 1294 1524 To
1324 1543 1325 1550 ἵ

271 1577 386 1632 demum
412 1575 512 1632 hostes
539 1573 656 1630 excitati
683 1584 764 1644 sunt,
792 1574 850 1632 iarn
881 1587 909 1630 et
935 1575 1028 1632 imbre
1055 1575 1274 1648 conquiescente
1298 1598 1299 1613 2

240 1680 435 1755 2propinqua
455 1680 528 1737 luce.
577 1678 748 1736 Praesidium
770 1679 800 1734 in
824 1681 894 1736 urbe
916 1689 979 1736 erat
1000 1679 1192 1750 Hannibalis,
1215 1679 1296 1752 quin·
1324 1730 1325 1764 3

185 1783 195 1796 ⁴
272 1786 363 1844 millia
385 1785 477 1842 ferme
506 1794 693 1854 armatorum,
722 1795 750 1841 et
777 1785 833 1859 ipsi
861 1784 968 1859 Arpini
995 1783 1052 1840 tria
1074 1784 1168 1840 millia
1190 1783 1300 1841 homin·
1324 1835 1325 1868 ἦ

269 1900 428 1949 armarant.
472 1891 532 1948 Eos
556 1889 668 1964 primos
688 1890 782 1960 Poeni,
803 1909 839 1946 ne
862 1889 931 1964 quid
952 1889 990 1944 ab
1012 1898 1095 1962 tergo
1119 1888 1236 1945 fraudis
1258 1912 1262 1922 ·
1282 1910 1300 1931 ⁴2

239 1997 345 2054 3hosti
375 2005 582 2071 opposuerunt.
633 1996 799 2070 Pugnatum
827 1996 921 2069 primo
943 1993 972 2048 in
999 1993 1126 2050 tenebris
1150 1993 1297 2068 angus':···
1324 2065 1325 2078 χ

268 2103 322 2159 viis
345 2112 396 2158 est.
450 2099 545 2172 Quum
577 2099 703 2157 Romani
730 2118 788 2156 non
818 2099 882 2156 vias
905 2108 1032 2168 tantum,
1062 2098 1114 2154 sed
1143 2109 1224 2156 tecta
1252 2099 1289 2153 eti

268 2207 404 2282 proxima
428 2216 520 2281 portae
543 2214 743 2279 occupassent,
766 2223 802 2260 ne
823 2205 883 2280 peti
905 2222 1029 2278 superne
1049 2222 1084 2260 ac
1099 2205 1250 2261 vulnerari
1273 2226 1297 2251 ι·Ἰ

239 2316 341 2379 Asent,
363 2311 471 2386 cogniti
492 2310 568 2366 inter
590 2329 619 2366 se
642 2309 759 2383 quidam
783 2307 947 2384 Arpinique
970 2318 998 2364 et
1013 2309 1151 2380 Romani,
1174 2307 1303 2390 atqueiul

188 2479 190 2484 ,
268 2417 414 2490 colloquia
436 2423 531 2491 coepta
545 2415 617 2484 fieri,
638 2416 875 2490 percontantibus
889 2413 1040 2484 Romanis,
1063 2415 1134 2488 quid
1156 2415 1214 2473 sibi

239 2521 384 2596 5Arpini,
407 2541 493 2596 quam
518 2521 555 2577 ob
580 2539 689 2576 noxam
711 2523 911 2578 Romanorum
934 2529 985 2575 aut
1005 2521 1083 2594 quod
1108 2521 1242 2576 meritum
1268 2520 1325 2604 Pe,

269 2645 371 2683 norum
394 2647 448 2702 pro
472 2625 640 2700 alienigenis
661 2643 696 2680 ae
720 2623 854 2682 barbaris
875 2623 971 2680 Italici
993 2625 1136 2682 adversus
1156 2637 1268 2682 veteres
1286 2648 1302 2671 ε’
1323 2642 1324 2645 ’

269 2732 329 2790 cios
350 2733 501 2790 Romanos
524 2731 630 2788 bellum
660 2739 794 2804 gererent
815 2739 844 2785 et
866 2728 1036 2803 vectigalem
1060 2749 1096 2786 ac
1118 2729 1304 2806 stipendiari·-

238 2837 383 2894 61taliam
404 2837 515 2894 Africae
535 2835 679 2906 funereum
701 2834 822 2910 Arpinis
845 2833 1046 2908 purgantibus,
1066 2834 1189 2908 ignaros
1211 2832 1314 2891 omniur

268 2961 299 3000 se
320 2961 425 3000 venum
449 2963 467 2999 a
492 2941 669 3017 principibus
701 2941 785 2996 datos
812 2939 920 3007 Poeno,
947 2951 1049 3014 captos
1082 2953 1315 3016 oppressosquet

239 3050 253 3102 7
267 3047 368 3121 paucis
382 3066 455 3106 esse.
492 3046 579 3104 Initio
596 3055 670 3114 orto,
693 3043 790 3118 plures
802 3061 867 3098 curn
882 3042 1013 3116 pluribus
1025 3044 1169 3118 colloqui;
1191 3055 1313 3120 postremo

268 3162 375 3226 praetor
396 3153 527 3227 Arpinus
556 3152 593 3208 ab
623 3150 683 3207 suis
706 3149 744 3204 ad
772 3147 918 3205 consulem
942 3149 1097 3219 deductus,
1127 3150 1243 3224 fideque
1266 3149 1313 3202 dau

266 3257 342 3314 inter
375 3257 458 3332 signa
492 3256 641 3329 aciesque,
663 3253 769 3328 Arpini
804 3263 923 3327 repente
944 3271 998 3327 pro
1031 3255 1176 3312 Romanis
1198 3257 1313 3312 adversat

237 3361 539 3437 SCartbaginiensem
567 3379 651 3418 arma
672 3368 828 3418 verterunt.
875 3356 1002 3432 Hispani
1022 3375 1150 3434 quoque,
1173 3360 1260 3435 paulo
1280 3357 1313 3412 ui·

267 3486 321 3524 nus
344 3467 421 3524 mille
446 3466 594 3536 homines,
626 3465 696 3522 nihil
725 3473 866 3539 praterea
892 3481 958 3519 cum
979 3458 1219 3540 consule'pacti,
1248 3479 1313 3538 quau

267 3583 300 3628 ut
320 3572 383 3630 sins
404 3571 508 3629 fraude
537 3571 680 3628 Punicum
710 3569 888 3626 emitteretur
916 3568 1091 3642 presidium,
1120 3571 1160 3626 ad
1190 3569 1313 3628 consulem

237 3677 477 3736 9transtulerunt
498 3675 590 3748 signa.
634 3673 922 3748 Carthaginiensibus
951 3684 1042 3749 portae
1062 3675 1229 3749 patefactae,
1249 3673 1313 3731 euris·

205 3803 208 3810 ’
268 3782 350 3856 sique
372 3800 437 3838 cum
460 3780 517 3838 fide
543 3780 702 3836 incolumes
731 3779 768 3836 ad
793 3779 989 3836 Hannibalem
1012 3779 1164 3855 Salapiam
1188 3789 1314 3837 venerunt

219 3886 254 3940 10
268 3887 344 3961 Arpi
371 3887 434 3943 sine
461 3886 544 3943 clade
567 3884 668 3954 ullius,
696 3893 891 3959 praeterquam
917 3885 1002 3942 unius
1029 3885 1136 3942 veteris
1168 3882 1314 3961 proditort

218 3991 250 4043 11
267 3989 496 4064 noviperiugae,
518 3989 644 4046 restituti
666 3988 703 4044 ad
725 3990 886 4047 Romanos.
922 3989 1063 4064 Hispanis
1075 3990 1205 4064 duplicia
1225 3987 1312 4047 cibaria
