2700 4426
400 153 479 204 nicer
496 153 621 203 xxvm.
658 123 854 216 (acuum.)
1062 153 1115 208 127

106 359 169 397 eam
199 360 236 398 ex
263 341 385 398 navibus
407 339 554 414 expositis.
603 338 699 411 Quum
722 338 847 394 omnium
871 336 982 394 animos
1004 333 1189 410 oculosquel

105 447 136 503 id
157 456 301 504 certamen
323 447 489 517 avertisset,
510 455 595 521 porta
616 446 766 503 maritimae
788 445 862 501 arcis
888 444 990 500 Plator
1010 443 1159 500 Romanos

107 553 231 626 accepit,
267 562 469 625 momentoque
491 571 544 610 arx
566 561 708 627 occupata
729 559 804 610 est..
830 549 976 626 Oppidani
998 549 1072 624 pulsi
1093 549 1160 606 inde

105 659 135 714 in
165 658 287 715 mediam
317 659 416 715 urbem
450 659 487 716 ad
516 659 635 715 alteram
665 657 781 714 tendere
812 676 917 714 arcem.
955 656 994 712 Et
1014 654 1054 711 ibi
1074 651 1189 730 positi5

107 773 207 834 erant,
246 765 294 837 qui
316 763 393 820 fores
415 773 505 839 portae
527 764 690 821 obiicerem.
737 763 785 819 Ita
807 763 916 820 exclusi
937 762 967 819 in
989 761 1083 818 medio
1106 780 1159 818 cae-

108 871 214 927 duntur
250 869 465 944 capiunturque.
523 869 715 927 Macedonum
756 869 920 944 praesidium
956 862 1190 942 conglobatum6

107 977 161 1032 sub
183 975 257 1031 arcis
279 992 361 1030 muro
383 973 473 1041 stetit3
513 993 566 1032 nec
587 973 658 1048 fuga
682 971 771 1031 effuse
792 976 882 1049 petita
903 991 955 1031 nec
977 973 1160 1048 pertinaciter

106 1080 238 1156 proelium
261 1079 370 1136 initum.
418 1081 479 1138 Eos
498 1080 608 1151 Plator,
630 1081 715 1137 venia
737 1082 774 1138 ab
797 1079 924 1156 Sulpicio
946 1080 1109 1153 impetrata,
1129 1076 1188 1135 int

106 1205 196 1244 naves
217 1184 368 1260 impositos
397 1185 434 1241 ad
455 1185 634 1242 Demetrium
659 1185 832 1243 Phthiotidis
857 1184 1007 1262 exposuit3
1038 1183 1100 1258 ipse
1122 1185 1160 1241 ad

106 1293 238 1352 Attalum
261 1311 292 1348 se
313 1290 428 1364 recepit.

190 1398 341 1473 Sulpicius,
363 1405 421 1452 tam
443 1395 522 1453 facili
545 1395 581 1452 ad
594 1396 700 1455 Oreum
723 1416 856 1456 successu
883 1390 1190 1469 elatus,Chalcidem8

106 1506 173 1561 inde
206 1504 335 1578 protinus
367 1503 477 1559 vict-rici
512 1501 603 1558 classe
635 1503 718 1577 petit;
769 1505 817 1562 ubi
859 1504 1084 1578 haudquaquam
1123 1504 1161 1561 ad

108 1630 187 1686 spem
211 1619 328 1666 aventus
349 1608 505 1683 respondit.
565 1610 613 1667 Ex
645 1612 755 1684 patenti
790 1611 923 1685 utrinqne
962 1618 1092 1666 coactum
1130 1602 1190 1667 int

109 1716 256 1792 angustias
285 1733 364 1771 mare
392 1714 516 1788 speciem
547 1713 667 1769 intuenti
692 1716 786 1787 primo
807 1717 915 1790 gemini
936 1725 1037 1792 portus
1058 1715 1087 1772 in
1108 1735 1161 1774 ora

108 1823 166 1880 duo
188 1821 264 1878 versi
284 1821 450 1895 praebuerit3
474 1821 525 1876 sed
546 1821 624 1877 haud
645 1818 730 1876 facile
753 1820 811 1876 alia
829 1819 960 1877 infestior
979 1819 1063 1877 classi
1074 1821 1160 1878 statio

110 1936 163 1985 est.
209 1928 287 1985 Nam
324 1936 352 1983 et
382 1927 460 1982 venti
496 1927 533 1982 ab
568 1925 716 1999 utriusque
751 1933 834 1982 terrae
869 1926 995 2001 praealtis
1017 1927 1161 1985 montibus
1176 1920 1211 1975 ¹0

111 2033 196 2091 subiti
218 2052 251 2090 ac
272 2033 424 2108 procellosi
445 2051 473 2088 se
502 2031 651 2101 deiioiunt,
687 2037 716 2086 et
744 2031 848 2088 fretum
869 2032 962 2107 ipsum
981 2033 1083 2108 Euripi
1103 2053 1161 2091 non

109 2140 213 2215 septies
235 2140 297 2210 die,
320 2139 393 2196 sicut
413 2138 492 2196 fama
516 2138 589 2207 fert,
611 2137 787 2211 temporibus
809 2139 891 2195 statis
906 2138 1079 2212 reciprocat,
1101 2141 1161 2214 sed,

109 2256 215 2303 temere
236 2247 264 2302 in
286 2245 403 2302 modum
424 2244 502 2301 venti
516 2262 592 2301 nunc
612 2245 677 2313 huc,
698 2262 773 2300 nnnc
794 2243 861 2302 illuc
875 2262 960 2301 verso
980 2245 1062 2315 mari,
1084 2245 1162 2304 velut

109 2354 206 2409 monte
227 2351 365 2428 praecipiti
387 2349 537 2408 devolutus
558 2359 670 2407 torrens
691 2350 811 2425 rapitur.
857 2351 905 2407 Ita
932 2367 984 2406 nec
1004 2360 1088 2408 nocte
1109 2370 1161 2408 nec

111 2460 157 2515 die
180 2459 260 2534 quies
281 2458 403 2514 navibus
437 2456 552 2513 datur.=
581 2454 676 2527 Quum
708 2456 829 2512 classem
859 2464 919 2512 tam
949 2454 1054 2513 infesta
1074 2458 1161 2515 statio
1177 2458 1209 2513 11

112 2562 238 2636 accepit,
270 2571 330 2617 tum
353 2570 381 2617 et
410 2561 557 2635 oppidum,
586 2561 644 2615 alia
665 2568 747 2633 parte
769 2560 897 2617 clausum
920 2561 1009 2631 mari,
1045 2561 1103 2619 alia
1124 2564 1161 2620 ab

111 2677 190 2724 terra
211 2667 325 2741 egregie
350 2665 488 2721 munitum
513 2664 705 2738 praesidioque
725 2663 823 2720 valido
845 2666 1005 2737 firmatum,
1042 2678 1070 2724 et
1090 2648 1161 2743 prae-

115 2774 197 2848 cipne
218 2773 274 2829 fide
294 2769 494 2847 praefectorum
513 2770 740 2845 principumque,
766 2787 829 2842 quae
850 2771 931 2826 fluxa
952 2780 980 2828 et
994 2791 1071 2828 vana
1085 2773 1162 2847 apud

111 2879 219 2938 Oreum
240 2878 344 2947 fuerat,
366 2876 468 2932 stabile
490 2885 577 2949 atque
598 2875 819 2949 inexpugnabile
841 2874 903 2932 fuit.
949 2877 985 2934 Id
999 2878 1162 2952 prudenter,
1178 2880 1212 2935 12

110 2996 142 3041 nt
162 2985 192 3041 in
212 2993 319 3040 temere
333 2991 466 3056 suscepta
486 3002 532 3052 re,
560 2982 710 3038 Romanus
730 2980 813 3051 fecit,
839 2983 926 3061 quod,
950 2981 1162 3058 circumspectis

111 3089 344 3157 difficultatibus,
379 3108 415 3145 ne
450 3087 557 3145 frustra
590 3095 701 3161 tempus
733 3096 854 3158 tereret,
892 3088 1020 3146 celeriter
1054 3089 1163 3146 abstitit

110 3197 223 3270 incepto
276 3196 453 3269 classemque
500 3195 566 3251 inde
600 3193 638 3250 ad
671 3191 782 3269 Cynum
818 3194 949 3251 Locridis
989 3195 1161 3269 (emporium

112 3299 141 3354 id
164 3309 207 3356 est
233 3301 312 3357 urbis
334 3298 526 3374 Opuntiorum
548 3299 625 3356 mille
646 3317 783 3373 passuum
809 3320 827 3356 a
850 3301 923 3357 mari
945 3300 1021 3370 sitae')
1043 3299 1162 3356 traiecit

193 3404 359 3480 Philippum
382 3415 410 3462 et
429 3406 509 3481 ignes
532 3405 569 3461 ab
591 3404 669 3463 Oreo
692 3405 760 3462 editi
781 3417 967 3476 monuerant,
1001 3406 1052 3462 sed
1073 3406 1163 3464 serius
1215 3410 1235 3476 Ἰ

113 3510 239 3566 Platoris
267 3510 370 3568 fraude
397 3531 433 3568 ex
454 3511 572 3586 specula
593 3510 675 3580 elati3
708 3520 736 3568 et
756 3512 860 3587 impari
883 3512 1034 3569 maritimis
1055 3513 1163 3570 viribus

112 3615 190 3671 haud
212 3615 304 3674 facilis
326 3626 388 3673 erat
407 3618 437 3673 in
460 3616 583 3674 insulam
606 3616 691 3673 classi
719 3635 866 3686 accessus;
900 3618 941 3674 ita
970 3638 1022 3693 per
1048 3628 1191 3683 cuncta-2

112 3721 220 3777 tionem
235 3740 279 3777 res
294 3722 414 3791 omissa;
436 3723 474 3778 ad
496 3720 640 3780 Chalcidis
662 3723 815 3793 auxilium,
841 3723 890 3779 ubi
911 3724 1023 3799 signum
1045 3725 1163 3800 accepit,

112 3826 232 3901 impigre
254 3835 297 3883 est
317 3837 421 3889 motus.
458 3830 535 3886 Nam
560 3840 589 3885 et
611 3829 675 3904 ipsa
698 3826 830 3899 Chalcis,
852 3847 1017 3903 quanquam
1037 3829 1162 3886 eiusdem

113 3933 211 3989 insulae
234 3933 302 3990 urbs
325 3944 376 4004 est,
401 3943 496 3992 tamen
519 3935 592 3992 adeo
614 3944 677 3992 arto
698 3935 911 3992 interscinditur
924 3933 1008 4005 freto,
1031 3945 1063 3991 ut
1076 3943 1163 4009 ponte

1196 4108 1297 4127 ,Α
