2700 4426
422 186 500 236 Liber
518 185 619 241 xxvl.
657 187 702 251 (a.
718 185 766 235 ch.
782 187 856 250 aro.)
1084 190 1122 246 53

190 368 252 427 Vix
272 369 353 444 prior
374 370 512 428 tumultus
534 370 726 442 conticuerat,
754 390 842 445 quum
866 369 963 446 Scipio
986 372 1024 428 ab
1046 370 1196 430 defessisd

106 477 164 533 iam
192 476 407 550 vulneratisque
432 485 561 532 recentes
595 476 781 551 integrosque
808 475 881 532 alios
910 475 1040 551 accipere
1070 476 1164 533 scalas

106 581 186 639 iubet
207 590 233 638 et
254 582 283 638 vi
305 580 415 638 maiore
439 581 558 656 aggredi
580 582 689 638 urbem.
734 581 818 655 lpse,
840 589 872 636 ut
894 580 919 636 ci
941 579 1102 636 nuntiatum
1125 585 1197 639 estl

106 696 207 744 aestum
242 687 396 757 decedere,
429 688 506 761 quod
540 706 593 762 per
621 686 780 761 piscatores
810 685 1061 752 Tarraconenses,
1093 704 1169 742 nunc

105 792 217 849 levibus
233 792 353 860 cumbis,
370 810 455 863 nunc,
472 791 521 848 ubi
536 810 577 848 cae
588 790 721 861 siderent,
736 790 819 847 vadis
834 797 1010 865 pervagatos
1025 798 1169 864 stagnum,
1208 776 1227 783 Ὤ

106 907 284 973 compertum
319 897 464 968 habebat,
501 896 614 953 facilem
652 896 772 971 pedibus
805 896 842 952 ad
876 913 989 951 murum
1018 895 1168 952 transitum

106 1002 179 1072 dari,
202 1021 238 1059 eo
259 1021 356 1058 secum
380 1011 508 1059 armatos
531 1005 690 1082 quingentos
712 1001 803 1058 duxit.
848 999 977 1056 Medium
999 997 1091 1056 ferme
1113 1000 1200 1065 diei8

107 1117 185 1177 erat,
222 1116 250 1164 et
279 1107 316 1164 ad
347 1105 391 1176 id,
424 1107 503 1181 quod
524 1125 578 1164 sua
599 1118 702 1183 sponte
723 1106 842 1164 cedente
863 1106 892 1161 in
915 1123 995 1161 mare
1018 1112 1089 1160 aestu
1111 1112 1170 1161 tra·

106 1213 230 1269 bebatur
252 1231 339 1286 aqua,
362 1230 429 1268 acer
451 1211 536 1268 etiam
561 1213 718 1288 septentrio
741 1221 820 1268 ortus
842 1209 1009 1280 inclinatum
1035 1219 1170 1284 stagnum

107 1317 225 1387 eodem,
253 1335 310 1389 quo
339 1325 440 1387 aestus,
461 1316 574 1374 ferebat
595 1326 623 1374 ct
645 1318 718 1373 adeo
740 1316 902 1372 nudaverat
925 1315 1016 1386 vada,
1047 1325 1079 1372 ut
1102 1314 1172 1371 alibi

107 1420 242 1476 umbilico
271 1430 353 1478 tenus
386 1441 464 1496 aqua
493 1432 584 1492 esset,
617 1422 686 1479 alibi
713 1438 808 1495 genua
828 1419 879 1476 vix
901 1430 1060 1495 superaret.
1104 1421 1201 1479 Hoctl

107 1543 177 1582 cura
213 1544 248 1582 ac
277 1527 389 1584 ratione
422 1539 599 1604 compertum
632 1527 661 1582 in
697 1524 860 1601 prodigium
894 1542 930 1580 ac
959 1525 1030 1582 deos
1056 1533 1171 1581 vertens

107 1631 227 1706 Scipio,
261 1632 310 1706 qui
341 1634 379 1690 ad
405 1634 557 1691 transitum
588 1632 727 1690 Romanis
749 1650 831 1688 mare
850 1639 995 1687 verterent
1017 1640 1045 1687 et
1067 1640 1171 1704 stagna

108 1736 254 1794 auferrent
298 1736 420 1814 viasque
467 1750 534 1796 ante
571 1756 718 1811 nunquam
756 1736 842 1792 initas
884 1735 1013 1791 humano
1049 1734 1171 1810 vestigio

108 1841 269 1916 aperirent,
301 1843 472 1918 Neptunum
500 1843 619 1900 iubebat
647 1844 749 1899 ducem
778 1841 887 1898 itineris
915 1839 997 1912 sequi
1019 1859 1053 1898 ac
1075 1840 1170 1896 medio

107 1956 211 2021 stagno
243 1948 368 2005 evadere
396 1949 435 2005 ad
460 1948 575 2008 moenia.
618 1950 667 2006 Ab
690 1958 767 2004 terra
790 1947 889 2021 ingens
911 1946 996 2002 labor
1016 1946 1170 2002 succeden·
1223 1936 1266 2003 46

107 2049 183 2106 tibus
206 2062 282 2122 erat3
316 2071 369 2109 nec
390 2053 540 2109 altitudine
558 2062 669 2110 tantum
693 2052 828 2110 moenium
852 2050 1096 2125 impediebantur,
1120 2051 1172 2107 sed

111 2156 188 2228 quod
216 2164 327 2214 tuentes
363 2159 400 2215 ad
428 2158 567 2233 ancipites
594 2158 727 2231 utrinque
753 2158 825 2214 ictus
851 2156 996 2213 subiectos
1024 2156 1173 2238 habebant

108 2263 275 2331 Romanos,
315 2271 347 2319 ut
385 2263 478 2320 latera
514 2262 665 2320 infestiora
703 2263 890 2319 subeuntibus
925 2279 1013 2335 quarn
1048 2260 1173 2316 adversa

109 2384 233 2441 corpora
262 2377 364 2425 essent.
417 2371 460 2426 At
486 2378 569 2444 parte
596 2369 624 2424 in
647 2368 705 2425 alia
728 2367 890 2442 quingentis
915 2376 943 2423 ct
964 2385 1016 2441 per
1037 2371 1202 2440 stagnum2

108 2469 202 2527 facilis
223 2472 362 2528 transitus
392 2484 420 2529 et
440 2473 470 2529 in
491 2492 603 2530 murum
625 2473 780 2530 adscensus
801 2474 868 2530 inde
889 2471 959 2542 fuit;
991 2489 1058 2527 nam
1077 2489 1172 2544 neque

109 2594 198 2651 opere
229 2576 370 2632 emunitus
402 2585 480 2648 erat,
517 2587 548 2634 ut
576 2577 627 2634 ubi
656 2578 746 2653 ipsius
774 2578 831 2635 loci
858 2597 892 2634 ac
920 2577 1016 2651 stagni
1037 2575 1171 2652 praesidio

108 2681 180 2738 satis
204 2680 342 2736 creditum
365 2679 456 2749 foret,
493 2699 545 2738 nec
573 2683 633 2739 ulla
656 2693 834 2739 armatorum
856 2681 944 2738 statio
968 2689 1018 2735 aut
1040 2678 1172 2736 custodia

108 2785 259 2862 opposita,
287 2784 403 2842 intentis
425 2787 558 2844 omnibus
583 2788 621 2844 ad
642 2805 726 2862 opem
749 2805 783 2844 eo
804 2785 969 2854 ferendam,
1002 2783 1077 2840 unde
1098 2784 1173 2858 peri·

108 2893 202 2950 culum
237 2892 451 2954 ostendebatur.
501 2892 562 2953 Ubi
601 2893 700 2949 urbem
736 2891 798 2947 sine
830 2889 985 2947 certamine
1019 2888 1203 2959 intravere,3

108 3008 232 3074 pergunt
253 2998 329 3067 inde,
352 3005 461 3069 quanto
485 2997 614 3054 maximo
636 3015 720 3054 cursu
743 3005 888 3070 poterant,
910 2995 947 3050 ad
969 3013 1031 3051 eam
1047 3004 1173 3069 portam,

108 3102 184 3159 circa
213 3121 299 3176 quam
334 3120 419 3158 omne
449 3112 628 3159 contractum
659 3110 804 3158 certarnen
833 3109 911 3169 erat;
947 3100 977 3156 in
1000 3100 1077 3174 quod
1099 3099 1203 3157 adeol

107 3206 208 3263 intenti
249 3206 376 3263 omnium
410 3225 468 3262 non
503 3207 591 3264 animi
627 3207 720 3264 solum
755 3204 851 3276 fuere,
888 3205 940 3262 sed
977 3206 1062 3262 etiam
1097 3203 1174 3260 oculi

110 3330 251 3385 auresque
262 3312 450 3386 pugnantium
464 3311 712 3388 spectantiumque
727 3321 753 3368 ct
767 3311 981 3368 adhortantium
1001 3319 1172 3384 pugnantes,

108 3426 139 3472 ut
160 3436 245 3473 nemo
268 3417 305 3474 ab
329 3426 411 3492 tergo
433 3426 500 3474 ante
523 3417 641 3474 sentiret
662 3427 776 3492 captam
808 3417 924 3486 urbem,
954 3434 1041 3489 quam
1064 3414 1122 3469 tela
1143 3413 1202 3470 in5

109 3540 227 3578 aversos
263 3522 424 3580 inciderunt
459 3532 485 3579 ct
520 3523 654 3596 utrinque
688 3521 842 3597 ancipitem
871 3524 984 3579 hostem
1017 3520 1172 3576 habebant.

107 3628 193 3683 Tunc
221 3626 343 3683 turbatis
374 3626 572 3684 defensoribus
604 3635 698 3697 metu,
727 3636 756 3683 et
783 3624 888 3683 moenia
917 3634 1004 3701 capta
1038 3633 1066 3681 et
1086 3627 1203 3699 portati

106 3731 183 3786 intus
211 3730 339 3805 forisque
366 3733 476 3807 pariter
496 3731 615 3806 refringi
637 3743 745 3808 coepta3
780 3741 808 3787 ct
828 3749 912 3801 mox,
943 3730 1078 3788 caedendo
1103 3747 1171 3787 con·

106 3834 190 3892 fectis
205 3854 240 3893 ac
254 3836 408 3908 distractis,
429 3857 465 3894 nc
479 3836 534 3893 iter
548 3836 743 3911 impediretur,
766 3836 886 3901 foribus,
911 3837 1015 3893 armati
1031 3836 1170 3910 impetum

106 3941 245 3998 fecerunt.
296 3942 406 4018 Magna
433 3942 585 4000 multitudo
617 3951 645 3999 et
674 3961 772 4002 muros
799 3943 1036 4013 transcendebat;
1067 3942 1119 3998 sed
1139 3940 1200 3997 hit
