<?xml version="1.0" encoding="UTF-8"?>
<!DOCTYPE html PUBLIC "-//W3C//DTD XHTML 1.0 Transitional//EN"
    "http://www.w3.org/TR/xhtml1/DTD/xhtml1-transitional.dtd">
<html xmlns="http://www.w3.org/1999/xhtml" xml:lang="en" lang="en">
 <head>
  <title>
</title>
<meta http-equiv="Content-Type" content="text/html;charset=utf-8" />
  <meta name='ocr-system' content='tesseract 3.04.00' />
  <meta name='ocr-capabilities' content='ocr_page ocr_carea ocr_par ocr_line ocrx_word'/>
</head>
<body>
  <div class='ocr_page' id='page_1' title='image "./titiliviihistor01ussigoog/titiliviihistor01ussigoog_0437.png"; bbox 0 0 2678 4560; ppageno 0'>
   <div class='ocr_carea' id='block_1_1' title="bbox 299 261 1025 324">
    <p class='ocr_par' dir='ltr' id='par_1_1' title="bbox 299 261 1025 324">
     <span class='ocr_line' id='line_1_1' title="bbox 299 261 1025 324; baseline 0.004 -15"><span class='ocrx_word' id='word_1_1' title='bbox 299 268 337 322; x_wconf 82' lang='grc'><strong>96</strong></span> <span class='ocrx_word' id='word_1_2' title='bbox 559 262 637 311; x_wconf 83' lang='lat' dir='ltr'><strong>Liber</strong></span> <span class='ocrx_word' id='word_1_3' title='bbox 654 261 770 314; x_wconf 84' lang='lat' dir='ltr'>XXVII.</span> <span class='ocrx_word' id='word_1_4' title='bbox 809 261 857 324; x_wconf 81' lang='lat' dir='ltr'><strong>(A.</strong></span> <span class='ocrx_word' id='word_1_5' title='bbox 870 277 896 314; x_wconf 91' lang='lat' dir='ltr'><strong>u.</strong></span> <span class='ocrx_word' id='word_1_6' title='bbox 910 278 932 317; x_wconf 83' lang='lat' dir='ltr'><strong>o.</strong></span> <span class='ocrx_word' id='word_1_7' title='bbox 947 265 1025 324; x_wconf 76' lang='lat'><strong>545.)</strong></span> 
     </span>
    </p>
   </div>
   <div class='ocr_carea' id='block_1_2' title="bbox 227 444 1334 1883">
    <p class='ocr_par' dir='ltr' id='par_1_2' title="bbox 227 444 1334 1883">
     <span class='ocr_line' id='line_1_2' title="bbox 257 444 1334 520; baseline -0.004 -15"><span class='ocrx_word' id='word_1_8' title='bbox 257 447 355 516; x_wconf 84' lang='lat' dir='ltr'><strong>sensit,</strong></span> <span class='ocrx_word' id='word_1_9' title='bbox 377 445 544 516; x_wconf 85' lang='lat' dir='ltr'><strong>exercitum,</strong></span> <span class='ocrx_word' id='word_1_10' title='bbox 566 445 611 502; x_wconf 91' lang='lat' dir='ltr'><strong>cui</strong></span> <span class='ocrx_word' id='word_1_11' title='bbox 628 445 740 520; x_wconf 80' lang='lat' dir='ltr'>collega</span> <span class='ocrx_word' id='word_1_12' title='bbox 757 444 921 519; x_wconf 73' lang='lat' dir='ltr'><strong>prefuerat,</strong></span> <span class='ocrx_word' id='word_1_13' title='bbox 943 448 985 503; x_wconf 87' lang='lat' dir='ltr'><strong>M.</strong></span> <span class='ocrx_word' id='word_1_14' title='bbox 996 447 1174 505; x_wconf 87' lang='lat' dir='ltr'><strong>Marcellum</strong></span> <span class='ocrx_word' id='word_1_15' title='bbox 1185 449 1310 506; x_wconf 78' lang='lat' dir='ltr'><strong>tribunum</strong></span> <span class='ocrx_word' id='word_1_16' title='bbox 1333 449 1334 501; x_wconf 75' lang='grc' dir='ltr'>ζ</span> 
     </span>
     <span class='ocr_line' id='line_1_3' title="bbox 227 547 1334 626; baseline -0.005 -15"><span class='ocrx_word' id='word_1_17' title='bbox 227 553 377 617; x_wconf 81' lang='lat' dir='ltr'><strong>2militum</strong></span> <span class='ocrx_word' id='word_1_18' title='bbox 400 547 560 608; x_wconf 77' lang='lat' dir='ltr'>Venusiam</span> <span class='ocrx_word' id='word_1_19' title='bbox 590 549 733 606; x_wconf 89' lang='lat' dir='ltr'><strong>abducere</strong></span> <span class='ocrx_word' id='word_1_20' title='bbox 764 549 863 620; x_wconf 76' lang='lat' dir='ltr'><strong>iussit3</strong></span> <span class='ocrx_word' id='word_1_21' title='bbox 898 551 961 626; x_wconf 88' lang='lat' dir='ltr'><strong>ipse</strong></span> <span class='ocrx_word' id='word_1_22' title='bbox 992 569 1061 608; x_wconf 91' lang='lat' dir='ltr'><strong>cum</strong></span> <span class='ocrx_word' id='word_1_23' title='bbox 1083 550 1246 624; x_wconf 74' lang='lat' dir='ltr'>legionibus</span> <span class='ocrx_word' id='word_1_24' title='bbox 1264 549 1309 606; x_wconf 82' lang='lat' dir='ltr'><strong>suia</strong></span> <span class='ocrx_word' id='word_1_25' title='bbox 1333 572 1334 607; x_wconf 79' lang='lat' dir='ltr'><strong>t</strong></span> 
     </span>
     <span class='ocr_line' id='line_1_4' title="bbox 258 653 1334 733; baseline -0.006 -17"><span class='ocrx_word' id='word_1_26' title='bbox 258 657 390 733; x_wconf 79' lang='lat' dir='ltr'><strong>Capuam</strong></span> <span class='ocrx_word' id='word_1_27' title='bbox 412 653 575 731; x_wconf 85' lang='lat' dir='ltr'><strong>profectus,</strong></span> <span class='ocrx_word' id='word_1_28' title='bbox 605 654 656 710; x_wconf 86' lang='lat' dir='ltr'><strong>vix</strong></span> <span class='ocrx_word' id='word_1_29' title='bbox 677 655 785 712; x_wconf 74' lang='lat' dir='ltr'><strong>lecticae</strong></span> <span class='ocrx_word' id='word_1_30' title='bbox 804 655 991 730; x_wconf 69' lang='lat' dir='ltr'><strong>agitationem</strong></span> <span class='ocrx_word' id='word_1_31' title='bbox 1015 674 1078 730; x_wconf 75' lang='lat' dir='ltr'><strong>prae</strong></span> <span class='ocrx_word' id='word_1_32' title='bbox 1098 655 1245 730; x_wconf 85' lang='lat' dir='ltr'><strong>gravitate</strong></span> <span class='ocrx_word' id='word_1_33' title='bbox 1261 653 1311 710; x_wconf 79' lang='lat' dir='ltr'><strong>vul·</strong></span> <span class='ocrx_word' id='word_1_34' title='bbox 1333 705 1334 710; x_wconf 73' lang='grc'>,</span> 
     </span>
     <span class='ocr_line' id='line_1_5' title="bbox 258 757 1334 836; baseline -0.004 -16"><span class='ocrx_word' id='word_1_35' title='bbox 258 781 358 820; x_wconf 88' lang='lat' dir='ltr'><strong>uerum</strong></span> <span class='ocrx_word' id='word_1_36' title='bbox 393 761 520 836; x_wconf 87' lang='lat' dir='ltr'><strong>patiens,</strong></span> <span class='ocrx_word' id='word_1_37' title='bbox 557 761 682 816; x_wconf 80' lang='lat' dir='ltr'><strong>Romam</strong></span> <span class='ocrx_word' id='word_1_38' title='bbox 715 759 826 816; x_wconf 87' lang='lat' dir='ltr'><strong>litterae</strong></span> <span class='ocrx_word' id='word_1_39' title='bbox 857 761 893 818; x_wconf 91' lang='lat' dir='ltr'><strong>de</strong></span> <span class='ocrx_word' id='word_1_40' title='bbox 929 769 1022 816; x_wconf 87' lang='lat' dir='ltr'><strong>morte</strong></span> <span class='ocrx_word' id='word_1_41' title='bbox 1056 760 1184 835; x_wconf 76' lang='lat' dir='ltr'><strong>collegae</strong></span> <span class='ocrx_word' id='word_1_42' title='bbox 1209 757 1334 833; x_wconf 66' lang='lat' dir='ltr'><strong>scripsit-1</strong></span> 
     </span>
     <span class='ocr_line' id='line_1_6' title="bbox 227 863 1334 941; baseline -0.003 -16"><span class='ocrx_word' id='word_1_43' title='bbox 227 875 426 941; x_wconf 71' lang='lat' dir='ltr'><strong>aquantoque</strong></span> <span class='ocrx_word' id='word_1_44' title='bbox 448 863 561 938; x_wconf 88' lang='lat' dir='ltr'><strong>ipsein</strong></span> <span class='ocrx_word' id='word_1_45' title='bbox 584 863 747 922; x_wconf 83' lang='lat' dir='ltr'><strong>discrimine</strong></span> <span class='ocrx_word' id='word_1_46' title='bbox 769 873 857 934; x_wconf 83' lang='lat' dir='ltr'><strong>esset3</strong></span> <span class='ocrx_word' id='word_1_47' title='bbox 893 882 926 920; x_wconf 87' lang='lat' dir='ltr'><strong>se</strong></span> <span class='ocrx_word' id='word_1_48' title='bbox 950 863 1140 922; x_wconf 85' lang='lat' dir='ltr'><strong>comitiorum</strong></span> <span class='ocrx_word' id='word_1_49' title='bbox 1164 883 1250 922; x_wconf 83' lang='lat' dir='ltr'><strong>cauae</strong></span> <span class='ocrx_word' id='word_1_50' title='bbox 1266 881 1334 922; x_wconf 46' lang='lat' dir='ltr'><strong>non,</strong></span> 
     </span>
     <span class='ocr_line' id='line_1_7' title="bbox 259 968 1334 1046; baseline -0.001 -18"><span class='ocrx_word' id='word_1_51' title='bbox 259 989 346 1046; x_wconf 88' lang='lat' dir='ltr'><strong>possa</strong></span> <span class='ocrx_word' id='word_1_52' title='bbox 380 972 504 1028; x_wconf 81' lang='lat' dir='ltr'><strong>Romam</strong></span> <span class='ocrx_word' id='word_1_53' title='bbox 532 968 646 1034; x_wconf 87' lang='lat' dir='ltr'><strong>venire,</strong></span> <span class='ocrx_word' id='word_1_54' title='bbox 679 969 747 1042; x_wconf 87' lang='lat' dir='ltr'><strong>quia</strong></span> <span class='ocrx_word' id='word_1_55' title='bbox 774 987 828 1025; x_wconf 89' lang='lat' dir='ltr'><strong>nec</strong></span> <span class='ocrx_word' id='word_1_56' title='bbox 850 970 904 1026; x_wconf 87' lang='lat' dir='ltr'><strong>viae</strong></span> <span class='ocrx_word' id='word_1_57' title='bbox 925 969 1058 1026; x_wconf 89' lang='lat' dir='ltr'><strong>laborem</strong></span> <span class='ocrx_word' id='word_1_58' title='bbox 1082 988 1227 1044; x_wconf 86' lang='lat' dir='ltr'><strong>passurus</strong></span> <span class='ocrx_word' id='word_1_59' title='bbox 1248 971 1334 1027; x_wconf 71' lang='lat' dir='ltr'><strong>vida-1</strong></span> 
     </span>
     <span class='ocr_line' id='line_1_8' title="bbox 258 1073 1334 1144; baseline 0.001 -13"><span class='ocrx_word' id='word_1_60' title='bbox 258 1085 337 1132; x_wconf 87' lang='lat' dir='ltr'><strong>retur</strong></span> <span class='ocrx_word' id='word_1_61' title='bbox 363 1081 393 1131; x_wconf 89' lang='lat' dir='ltr'><strong>et</strong></span> <span class='ocrx_word' id='word_1_62' title='bbox 421 1075 457 1130; x_wconf 89' lang='lat' dir='ltr'><strong>de</strong></span> <span class='ocrx_word' id='word_1_63' title='bbox 479 1074 610 1130; x_wconf 86' lang='lat' dir='ltr'><strong>Tarento</strong></span> <span class='ocrx_word' id='word_1_64' title='bbox 629 1073 770 1130; x_wconf 87' lang='lat' dir='ltr'><strong>sollicitus</strong></span> <span class='ocrx_word' id='word_1_65' title='bbox 794 1083 887 1144; x_wconf 89' lang='lat' dir='ltr'><strong>esset,</strong></span> <span class='ocrx_word' id='word_1_66' title='bbox 909 1093 946 1130; x_wconf 91' lang='lat' dir='ltr'><strong>ne</strong></span> <span class='ocrx_word' id='word_1_67' title='bbox 969 1091 1007 1130; x_wconf 84' lang='lat' dir='ltr'><strong>ex</strong></span> <span class='ocrx_word' id='word_1_68' title='bbox 1030 1073 1161 1132; x_wconf 88' lang='lat' dir='ltr'><strong>Bruttiis</strong></span> <span class='ocrx_word' id='word_1_69' title='bbox 1184 1075 1313 1132; x_wconf 83' lang='lat' dir='ltr'><strong>Hannibal</strong></span> <span class='ocrx_word' id='word_1_70' title='bbox 1333 1099 1334 1131; x_wconf 68' lang='lat' dir='ltr'><strong>t</strong></span> 
     </span>
     <span class='ocr_line' id='line_1_9' title="bbox 259 1177 1334 1254; baseline -0.002 -16"><span class='ocrx_word' id='word_1_71' title='bbox 259 1199 293 1238; x_wconf 90' lang='lat' dir='ltr'><strong>eo</strong></span> <span class='ocrx_word' id='word_1_72' title='bbox 321 1187 503 1236; x_wconf 85' lang='lat' dir='ltr'><strong>converteret</strong></span> <span class='ocrx_word' id='word_1_73' title='bbox 531 1197 653 1254; x_wconf 89' lang='lat' dir='ltr'><strong>agmen;</strong></span> <span class='ocrx_word' id='word_1_74' title='bbox 686 1178 798 1252; x_wconf 88' lang='lat' dir='ltr'><strong>legatos</strong></span> <span class='ocrx_word' id='word_1_75' title='bbox 826 1196 899 1252; x_wconf 89' lang='lat' dir='ltr'><strong>opus</strong></span> <span class='ocrx_word' id='word_1_76' title='bbox 929 1195 993 1234; x_wconf 88' lang='lat' dir='ltr'><strong>esse</strong></span> <span class='ocrx_word' id='word_1_77' title='bbox 1022 1177 1062 1232; x_wconf 90' lang='lat' dir='ltr'><strong>ad</strong></span> <span class='ocrx_word' id='word_1_78' title='bbox 1085 1195 1119 1236; x_wconf 88' lang='lat' dir='ltr'><strong>se</strong></span> <span class='ocrx_word' id='word_1_79' title='bbox 1151 1182 1226 1238; x_wconf 89' lang='lat' dir='ltr'><strong>mitti</strong></span> <span class='ocrx_word' id='word_1_80' title='bbox 1251 1182 1334 1254; x_wconf 58' lang='lat' dir='ltr'><strong>vuaso</strong></span> 
     </span>
     <span class='ocr_line' id='line_1_10' title="bbox 261 1281 1334 1360; baseline -0.001 -18"><span class='ocrx_word' id='word_1_81' title='bbox 261 1285 433 1360; x_wconf 79' lang='lat' dir='ltr'><strong>prudentes,</strong></span> <span class='ocrx_word' id='word_1_82' title='bbox 465 1301 529 1340; x_wconf 89' lang='lat' dir='ltr'><strong>cum</strong></span> <span class='ocrx_word' id='word_1_83' title='bbox 553 1284 668 1357; x_wconf 90' lang='lat' dir='ltr'><strong>quibus,</strong></span> <span class='ocrx_word' id='word_1_84' title='bbox 693 1301 757 1356; x_wconf 80' lang='lat' dir='ltr'><strong>quae</strong></span> <span class='ocrx_word' id='word_1_85' title='bbox 779 1283 874 1354; x_wconf 91' lang='lat' dir='ltr'><strong>vellet,</strong></span> <span class='ocrx_word' id='word_1_86' title='bbox 897 1282 932 1338; x_wconf 90' lang='lat' dir='ltr'><strong>de</strong></span> <span class='ocrx_word' id='word_1_87' title='bbox 952 1301 985 1337; x_wconf 92' lang='lat' dir='ltr'><strong>re</strong></span> <span class='ocrx_word' id='word_1_88' title='bbox 1007 1281 1130 1356; x_wconf 89' lang='lat' dir='ltr'><strong>publica</strong></span> <span class='ocrx_word' id='word_1_89' title='bbox 1154 1285 1334 1360; x_wconf 39' lang='lat' dir='ltr'><strong>loqueretur*</strong></span> 
     </span>
     <span class='ocr_line' id='line_1_11' title="bbox 229 1372 1328 1462; baseline -0.002 -14"><span class='ocrx_word' id='word_1_90' title='bbox 229 1392 315 1448; x_wconf 79' lang='lat' dir='ltr'><strong>cHae</strong></span> <span class='ocrx_word' id='word_1_91' title='bbox 336 1389 437 1446; x_wconf 76' lang='lat' dir='ltr'><strong>littera</strong></span> <span class='ocrx_word' id='word_1_92' title='bbox 458 1388 585 1446; x_wconf 72' lang='lat' dir='ltr'>recitatae</span> <span class='ocrx_word' id='word_1_93' title='bbox 611 1406 748 1462; x_wconf 89' lang='lat' dir='ltr'><strong>magnum</strong></span> <span class='ocrx_word' id='word_1_94' title='bbox 772 1397 800 1446; x_wconf 88' lang='lat' dir='ltr'><strong>et</strong></span> <span class='ocrx_word' id='word_1_95' title='bbox 820 1389 927 1446; x_wconf 89' lang='lat' dir='ltr'><strong>luctum</strong></span> <span class='ocrx_word' id='word_1_96' title='bbox 949 1398 1043 1443; x_wconf 88' lang='lat' dir='ltr'><strong>morte</strong></span> <span class='ocrx_word' id='word_1_97' title='bbox 1066 1388 1194 1448; x_wconf 87' lang='lat' dir='ltr'><strong>alterius</strong></span> <span class='ocrx_word' id='word_1_98' title='bbox 1209 1372 1328 1455; x_wconf 68' lang='lat' dir='ltr'><strong>consulit}</strong></span> 
     </span>
     <span class='ocr_line' id='line_1_12' title="bbox 260 1493 1329 1577; baseline -0.002 -25"><span class='ocrx_word' id='word_1_99' title='bbox 260 1505 287 1552; x_wconf 89' lang='lat' dir='ltr'><strong>et</strong></span> <span class='ocrx_word' id='word_1_100' title='bbox 323 1504 429 1552; x_wconf 91' lang='lat' dir='ltr'><strong>metum</strong></span> <span class='ocrx_word' id='word_1_101' title='bbox 459 1493 495 1550; x_wconf 88' lang='lat' dir='ltr'><strong>da</strong></span> <span class='ocrx_word' id='word_1_102' title='bbox 524 1493 616 1550; x_wconf 89' lang='lat' dir='ltr'><strong>altero</strong></span> <span class='ocrx_word' id='word_1_103' title='bbox 645 1493 784 1551; x_wconf 82' lang='lat' dir='ltr'><strong>fecenmt.</strong></span> <span class='ocrx_word' id='word_1_104' title='bbox 834 1495 938 1566; x_wconf 85' lang='lat' dir='ltr'><strong>ltaque</strong></span> <span class='ocrx_word' id='word_1_105' title='bbox 969 1503 997 1550; x_wconf 89' lang='lat' dir='ltr'><strong>et</strong></span> <span class='ocrx_word' id='word_1_106' title='bbox 1025 1493 1063 1566; x_wconf 77' lang='lat' dir='ltr'><strong>Q,</strong></span> <span class='ocrx_word' id='word_1_107' title='bbox 1087 1495 1221 1552; x_wconf 81' lang='lat' dir='ltr'><strong>Fabium</strong></span> <span class='ocrx_word' id='word_1_108' title='bbox 1242 1480 1329 1577; x_wconf 61' lang='lat' dir='ltr'><strong>filiuni</strong></span> 
     </span>
     <span class='ocr_line' id='line_1_13' title="bbox 260 1597 1314 1673; baseline -0.002 -17"><span class='ocrx_word' id='word_1_109' title='bbox 260 1600 297 1656; x_wconf 95' lang='lat' dir='ltr'><strong>ad</strong></span> <span class='ocrx_word' id='word_1_110' title='bbox 319 1601 476 1656; x_wconf 85' lang='lat' dir='ltr'><strong>exercitum</strong></span> <span class='ocrx_word' id='word_1_111' title='bbox 501 1599 659 1656; x_wconf 83' lang='lat' dir='ltr'><strong>Venusiam</strong></span> <span class='ocrx_word' id='word_1_112' title='bbox 682 1599 837 1667; x_wconf 86' lang='lat' dir='ltr'><strong>miserunt,</strong></span> <span class='ocrx_word' id='word_1_113' title='bbox 875 1599 958 1654; x_wconf 86' lang='lat' dir='ltr'><strong>etad</strong></span> <span class='ocrx_word' id='word_1_114' title='bbox 982 1599 1137 1656; x_wconf 86' lang='lat' dir='ltr'><strong>&#39;consulem</strong></span> <span class='ocrx_word' id='word_1_115' title='bbox 1162 1611 1222 1657; x_wconf 89' lang='lat' dir='ltr'><strong>tres</strong></span> <span class='ocrx_word' id='word_1_116' title='bbox 1243 1597 1314 1673; x_wconf 85' lang='lat' dir='ltr'><strong>legati</strong></span> 
     </span>
     <span class='ocr_line' id='line_1_14' title="bbox 260 1703 1334 1776; baseline 0.002 -14"><span class='ocrx_word' id='word_1_117' title='bbox 260 1705 353 1775; x_wconf 87' lang='lat' dir='ltr'><strong>missi,</strong></span> <span class='ocrx_word' id='word_1_118' title='bbox 386 1704 455 1766; x_wconf 86' lang='lat' dir='ltr'><strong>Sex.</strong></span> <span class='ocrx_word' id='word_1_119' title='bbox 488 1703 578 1760; x_wconf 92' lang='lat' dir='ltr'><strong>lulius</strong></span> <span class='ocrx_word' id='word_1_120' title='bbox 618 1703 731 1774; x_wconf 79' lang='lat' dir='ltr'><strong>Caesar,</strong></span> <span class='ocrx_word' id='word_1_121' title='bbox 771 1705 802 1763; x_wconf 87' lang='lat' dir='ltr'><strong>L.</strong></span> <span class='ocrx_word' id='word_1_122' title='bbox 832 1703 958 1761; x_wconf 87' lang='lat' dir='ltr'><strong>Licinius</strong></span> <span class='ocrx_word' id='word_1_123' title='bbox 990 1703 1106 1776; x_wconf 89' lang='lat' dir='ltr'><strong>Pollio,</strong></span> <span class='ocrx_word' id='word_1_124' title='bbox 1148 1707 1183 1762; x_wconf 86' lang='lat' dir='ltr'><strong>L.</strong></span> <span class='ocrx_word' id='word_1_125' title='bbox 1216 1704 1334 1764; x_wconf 51' lang='lat' dir='ltr'><strong>Cincius:</strong></span> 
     </span>
     <span class='ocr_line' id='line_1_15' title="bbox 229 1806 1312 1883; baseline 0.003 -22"><span class='ocrx_word' id='word_1_126' title='bbox 229 1806 438 1874; x_wconf 86' lang='lat' dir='ltr'><strong>5Alimantus,</strong></span> <span class='ocrx_word' id='word_1_127' title='bbox 467 1824 554 1880; x_wconf 89' lang='lat' dir='ltr'><strong>quum</strong></span> <span class='ocrx_word' id='word_1_128' title='bbox 583 1809 684 1883; x_wconf 90' lang='lat' dir='ltr'><strong>paucis</strong></span> <span class='ocrx_word' id='word_1_129' title='bbox 707 1818 774 1866; x_wconf 89' lang='lat' dir='ltr'><strong>ante</strong></span> <span class='ocrx_word' id='word_1_130' title='bbox 798 1808 899 1865; x_wconf 90' lang='lat' dir='ltr'><strong>diebus</strong></span> <span class='ocrx_word' id='word_1_131' title='bbox 921 1827 958 1864; x_wconf 85' lang='lat' dir='ltr'><strong>ex</strong></span> <span class='ocrx_word' id='word_1_132' title='bbox 980 1806 1083 1866; x_wconf 84' lang='lat' dir='ltr'><strong>Sicilia</strong></span> <span class='ocrx_word' id='word_1_133' title='bbox 1104 1809 1243 1868; x_wconf 87' lang='lat' dir='ltr'><strong>redisset.</strong></span> <span class='ocrx_word' id='word_1_134' title='bbox 1283 1807 1312 1864; x_wconf 82' lang='lat' dir='ltr'><strong>lii</strong></span> 
     </span>
    </p>
   </div>
   <div class='ocr_carea' id='block_1_3' title="bbox 260 1899 1330 2021">
    <p class='ocr_par' dir='ltr' id='par_1_3' title="bbox 260 1899 1334 2021">
     <span class='ocr_line' id='line_1_16' title="bbox 260 1899 1330 2021; baseline 0.002 -53"><span class='ocrx_word' id='word_1_135' title='bbox 260 1913 392 1968; x_wconf 89' lang='lat' dir='ltr'><strong>nuntiare</strong></span> <span class='ocrx_word' id='word_1_136' title='bbox 425 1912 536 1968; x_wconf 89' lang='lat' dir='ltr'><strong>consuli</strong></span> <span class='ocrx_word' id='word_1_137' title='bbox 568 1914 652 1983; x_wconf 85' lang='lat' dir='ltr'><strong>iussi,</strong></span> <span class='ocrx_word' id='word_1_138' title='bbox 683 1899 745 1984; x_wconf 79' lang='lat' dir='ltr'><strong>ut,</strong></span> <span class='ocrx_word' id='word_1_139' title='bbox 785 1915 809 1970; x_wconf 91' lang='lat' dir='ltr'><strong>si</strong></span> <span class='ocrx_word' id='word_1_140' title='bbox 845 1913 882 1970; x_wconf 89' lang='lat' dir='ltr'><strong>ad</strong></span> <span class='ocrx_word' id='word_1_141' title='bbox 915 1911 1033 1970; x_wconf 88' lang='lat' dir='ltr'><strong>comitia</strong></span> <span class='ocrx_word' id='word_1_142' title='bbox 1067 1915 1174 1972; x_wconf 89' lang='lat' dir='ltr'><strong>venire</strong></span> <span class='ocrx_word' id='word_1_143' title='bbox 1206 1904 1330 2021; x_wconf 50' lang='lat' dir='ltr'><strong>Romami</strong></span> 
     </span>
    </p>
   </div>
   <div class='ocr_carea' id='block_1_4' title="bbox 259 2017 1334 2093">
    <p class='ocr_par' dir='ltr' id='par_1_4' title="bbox 259 2017 1334 2093">
     <span class='ocr_line' id='line_1_17' title="bbox 259 2017 1334 2093; baseline 0.005 -19"><span class='ocrx_word' id='word_1_144' title='bbox 259 2037 317 2074; x_wconf 90' lang='lat' dir='ltr'><strong>non</strong></span> <span class='ocrx_word' id='word_1_145' title='bbox 346 2027 459 2093; x_wconf 89' lang='lat' dir='ltr'><strong>posset,</strong></span> <span class='ocrx_word' id='word_1_146' title='bbox 492 2017 662 2075; x_wconf 88' lang='lat' dir='ltr'><strong>dictatorem</strong></span> <span class='ocrx_word' id='word_1_147' title='bbox 690 2019 720 2076; x_wconf 93' lang='lat' dir='ltr'><strong>in</strong></span> <span class='ocrx_word' id='word_1_148' title='bbox 750 2036 822 2092; x_wconf 86' lang='lat' dir='ltr'><strong>agro</strong></span> <span class='ocrx_word' id='word_1_149' title='bbox 844 2020 978 2076; x_wconf 73' lang='lat' dir='ltr'><strong>Romam</strong></span> <span class='ocrx_word' id='word_1_150' title='bbox 1009 2018 1122 2076; x_wconf 87' lang='lat' dir='ltr'><strong>diceret</strong></span> <span class='ocrx_word' id='word_1_151' title='bbox 1146 2022 1311 2078; x_wconf 81' lang='lat' dir='ltr'><strong>comitiorum</strong></span> <span class='ocrx_word' id='word_1_152' title='bbox 1324 2024 1334 2079; x_wconf 80' lang='lat' dir='ltr'><strong>l</strong></span> 
     </span>
    </p>
   </div>
   <div class='ocr_carea' id='block_1_5' title="bbox 163 2122 1331 3980">
    <p class='ocr_par' dir='ltr' id='par_1_5' title="bbox 228 2122 1331 2407">
     <span class='ocr_line' id='line_1_18' title="bbox 228 2122 1309 2202; baseline 0.007 -28"><span class='ocrx_word' id='word_1_153' title='bbox 228 2123 362 2192; x_wconf 83' lang='lat' dir='ltr'><strong>6causa3</strong></span> <span class='ocrx_word' id='word_1_154' title='bbox 384 2123 409 2180; x_wconf 88' lang='lat' dir='ltr'><strong>si</strong></span> <span class='ocrx_word' id='word_1_155' title='bbox 431 2123 531 2180; x_wconf 89' lang='lat' dir='ltr'><strong>consul</strong></span> <span class='ocrx_word' id='word_1_156' title='bbox 552 2125 712 2181; x_wconf 83' lang='lat' dir='ltr'><strong>Tarentum</strong></span> <span class='ocrx_word' id='word_1_157' title='bbox 735 2122 882 2198; x_wconf 86' lang='lat' dir='ltr'><strong>profectus</strong></span> <span class='ocrx_word' id='word_1_158' title='bbox 905 2132 989 2195; x_wconf 83' lang='lat' dir='ltr'><strong>esset,</strong></span> <span class='ocrx_word' id='word_1_159' title='bbox 1009 2123 1046 2196; x_wconf 79' lang='lat' dir='ltr'><strong>Q.</strong></span> <span class='ocrx_word' id='word_1_160' title='bbox 1073 2123 1235 2185; x_wconf 87' lang='lat' dir='ltr'><strong>Claudium</strong></span> <span class='ocrx_word' id='word_1_161' title='bbox 1256 2145 1309 2202; x_wconf 81' lang='lat' dir='ltr'><strong>pre·</strong></span> 
     </span>
     <span class='ocr_line' id='line_1_19' title="bbox 259 2228 1310 2306; baseline 0.003 -22"><span class='ocrx_word' id='word_1_162' title='bbox 259 2240 351 2284; x_wconf 85' lang='lat' dir='ltr'><strong>torem</strong></span> <span class='ocrx_word' id='word_1_163' title='bbox 378 2228 493 2302; x_wconf 86' lang='lat' dir='ltr'><strong>placere</strong></span> <span class='ocrx_word' id='word_1_164' title='bbox 520 2228 550 2284; x_wconf 88' lang='lat' dir='ltr'><strong>iu</strong></span> <span class='ocrx_word' id='word_1_165' title='bbox 583 2247 646 2284; x_wconf 83' lang='lat' dir='ltr'><strong>earn</strong></span> <span class='ocrx_word' id='word_1_166' title='bbox 676 2229 825 2304; x_wconf 81' lang='lat' dir='ltr'><strong>regionam</strong></span> <span class='ocrx_word' id='word_1_167' title='bbox 850 2228 916 2286; x_wconf 89' lang='lat' dir='ltr'><strong>inde</strong></span> <span class='ocrx_word' id='word_1_168' title='bbox 946 2229 1093 2287; x_wconf 85' lang='lat' dir='ltr'><strong>abducere</strong></span> <span class='ocrx_word' id='word_1_169' title='bbox 1123 2230 1268 2306; x_wconf 81' lang='lat' dir='ltr'><strong>legiones,</strong></span> <span class='ocrx_word' id='word_1_170' title='bbox 1291 2233 1310 2287; x_wconf 89' lang='lat' dir='ltr'><strong>in</strong></span> 
     </span>
     <span class='ocr_line' id='line_1_20' title="bbox 260 2316 1331 2407; baseline 0.004 -20"><span class='ocrx_word' id='word_1_171' title='bbox 260 2349 319 2404; x_wconf 89' lang='lat' dir='ltr'><strong>qua</strong></span> <span class='ocrx_word' id='word_1_172' title='bbox 339 2332 478 2406; x_wconf 89' lang='lat' dir='ltr'><strong>plurimas</strong></span> <span class='ocrx_word' id='word_1_173' title='bbox 500 2333 644 2390; x_wconf 84' lang='lat' dir='ltr'><strong>sociorum</strong></span> <span class='ocrx_word' id='word_1_174' title='bbox 669 2334 754 2390; x_wconf 88' lang='lat' dir='ltr'><strong>urbes</strong></span> <span class='ocrx_word' id='word_1_175' title='bbox 778 2334 852 2390; x_wconf 88' lang='lat' dir='ltr'><strong>tueri</strong></span> <span class='ocrx_word' id='word_1_176' title='bbox 873 2342 980 2407; x_wconf 80' lang='lat' dir='ltr'><strong>posset.</strong></span> <span class='ocrx_word' id='word_1_177' title='bbox 1327 2316 1331 2327; x_wconf 44' lang='grc' dir='ltr'>Ι</span> 
     </span>
    </p>

    <p class='ocr_par' dir='ltr' id='par_1_6' title="bbox 230 2437 1310 2829">
     <span class='ocr_line' id='line_1_21' title="bbox 230 2437 1309 2496; baseline 0.007 -8"><span class='ocrx_word' id='word_1_178' title='bbox 230 2437 245 2488; x_wconf 81' lang='grc'><strong>7</strong></span> <span class='ocrx_word' id='word_1_179' title='bbox 343 2437 454 2494; x_wconf 85' lang='lat' dir='ltr'><strong>Eadem</strong></span> <span class='ocrx_word' id='word_1_180' title='bbox 482 2447 582 2496; x_wconf 81' lang='lat' dir='ltr'><strong>aestata</strong></span> <span class='ocrx_word' id='word_1_181' title='bbox 612 2441 653 2496; x_wconf 90' lang='lat' dir='ltr'><strong>M.</strong></span> <span class='ocrx_word' id='word_1_182' title='bbox 685 2439 821 2495; x_wconf 85' lang='lat' dir='ltr'><strong>Valerius</strong></span> <span class='ocrx_word' id='word_1_183' title='bbox 851 2455 915 2494; x_wconf 91' lang='lat' dir='ltr'><strong>cum</strong></span> <span class='ocrx_word' id='word_1_184' title='bbox 944 2438 1038 2495; x_wconf 88' lang='lat' dir='ltr'><strong>classe</strong></span> <span class='ocrx_word' id='word_1_185' title='bbox 1063 2449 1184 2496; x_wconf 88' lang='lat' dir='ltr'><strong>centum</strong></span> <span class='ocrx_word' id='word_1_186' title='bbox 1213 2439 1309 2496; x_wconf 78' lang='lat' dir='ltr'><strong>navium</strong></span> 
     </span>
     <span class='ocr_line' id='line_1_22' title="bbox 261 2539 1310 2617; baseline 0.003 -22"><span class='ocrx_word' id='word_1_187' title='bbox 261 2560 298 2596; x_wconf 85' lang='lat' dir='ltr'><strong>ex</strong></span> <span class='ocrx_word' id='word_1_188' title='bbox 313 2539 413 2600; x_wconf 86' lang='lat' dir='ltr'><strong>Sicilia</strong></span> <span class='ocrx_word' id='word_1_189' title='bbox 423 2542 453 2598; x_wconf 94' lang='lat' dir='ltr'><strong>in</strong></span> <span class='ocrx_word' id='word_1_190' title='bbox 471 2541 603 2599; x_wconf 83' lang='lat' dir='ltr'><strong>Africam</strong></span> <span class='ocrx_word' id='word_1_191' title='bbox 620 2543 787 2614; x_wconf 76' lang='lat' dir='ltr'><strong>transmisit,</strong></span> <span class='ocrx_word' id='word_1_192' title='bbox 799 2550 828 2598; x_wconf 90' lang='lat' dir='ltr'><strong>at</strong></span> <span class='ocrx_word' id='word_1_193' title='bbox 839 2543 877 2599; x_wconf 91' lang='lat' dir='ltr'><strong>ad</strong></span> <span class='ocrx_word' id='word_1_194' title='bbox 892 2541 1032 2617; x_wconf 88' lang='lat' dir='ltr'><strong>Clupeam</strong></span> <span class='ocrx_word' id='word_1_195' title='bbox 1045 2543 1153 2600; x_wconf 88' lang='lat' dir='ltr'><strong>urbem</strong></span> <span class='ocrx_word' id='word_1_196' title='bbox 1165 2545 1310 2602; x_wconf 85' lang='lat' dir='ltr'><strong>escensione</strong></span> 
     </span>
     <span class='ocr_line' id='line_1_23' title="bbox 259 2644 1309 2722; baseline 0.001 -21"><span class='ocrx_word' id='word_1_197' title='bbox 259 2644 346 2717; x_wconf 86' lang='lat' dir='ltr'><strong>facta,</strong></span> <span class='ocrx_word' id='word_1_198' title='bbox 370 2665 472 2722; x_wconf 85' lang='lat' dir='ltr'><strong>agrum</strong></span> <span class='ocrx_word' id='word_1_199' title='bbox 494 2647 567 2718; x_wconf 89' lang='lat' dir='ltr'><strong>lata,</strong></span> <span class='ocrx_word' id='word_1_200' title='bbox 590 2648 668 2705; x_wconf 92' lang='lat' dir='ltr'><strong>nullo</strong></span> <span class='ocrx_word' id='word_1_201' title='bbox 690 2648 782 2706; x_wconf 83' lang='lat' dir='ltr'><strong>ferme</strong></span> <span class='ocrx_word' id='word_1_202' title='bbox 803 2649 891 2706; x_wconf 88' lang='lat' dir='ltr'><strong>obvio</strong></span> <span class='ocrx_word' id='word_1_203' title='bbox 911 2657 1042 2718; x_wconf 89' lang='lat' dir='ltr'><strong>armato,</strong></span> <span class='ocrx_word' id='word_1_204' title='bbox 1066 2650 1209 2706; x_wconf 86' lang='lat' dir='ltr'><strong>vastavit.</strong></span> <span class='ocrx_word' id='word_1_205' title='bbox 1256 2647 1309 2705; x_wconf 82' lang='lat' dir='ltr'><strong>lude</strong></span> 
     </span>
     <span class='ocr_line' id='line_1_24' title="bbox 260 2749 1309 2829; baseline 0.001 -23"><span class='ocrx_word' id='word_1_206' title='bbox 260 2749 298 2806; x_wconf 88' lang='lat' dir='ltr'><strong>ad</strong></span> <span class='ocrx_word' id='word_1_207' title='bbox 335 2770 424 2810; x_wconf 85' lang='lat' dir='ltr'><strong>naves</strong></span> <span class='ocrx_word' id='word_1_208' title='bbox 461 2753 566 2827; x_wconf 89' lang='lat' dir='ltr'><strong>raptim</strong></span> <span class='ocrx_word' id='word_1_209' title='bbox 607 2753 784 2828; x_wconf 71' lang='lat' dir='ltr'><strong>praedatores</strong></span> <span class='ocrx_word' id='word_1_210' title='bbox 820 2753 944 2827; x_wconf 80' lang='lat' dir='ltr'><strong>recepti,</strong></span> <span class='ocrx_word' id='word_1_211' title='bbox 986 2752 1056 2826; x_wconf 91' lang='lat' dir='ltr'><strong>quia</strong></span> <span class='ocrx_word' id='word_1_212' title='bbox 1092 2763 1214 2829; x_wconf 87' lang='lat' dir='ltr'><strong>repente</strong></span> <span class='ocrx_word' id='word_1_213' title='bbox 1249 2752 1309 2810; x_wconf 80' lang='lat' dir='ltr'><strong>fama</strong></span> 
     </span>
    </p>

    <p class='ocr_par' dir='ltr' id='par_1_7' title="bbox 229 2854 1309 3246">
     <span class='ocr_line' id='line_1_25' title="bbox 229 2854 1309 2932; baseline 0.004 -22"><span class='ocrx_word' id='word_1_214' title='bbox 229 2854 377 2926; x_wconf 84' lang='lat' dir='ltr'><strong>8accidit,</strong></span> <span class='ocrx_word' id='word_1_215' title='bbox 407 2856 529 2914; x_wconf 87' lang='lat' dir='ltr'><strong>classem</strong></span> <span class='ocrx_word' id='word_1_216' title='bbox 551 2859 693 2915; x_wconf 85' lang='lat' dir='ltr'><strong>Punicam</strong></span> <span class='ocrx_word' id='word_1_217' title='bbox 717 2859 883 2915; x_wconf 88' lang='lat' dir='ltr'><strong>adventare.</strong></span> <span class='ocrx_word' id='word_1_218' title='bbox 932 2856 1093 2932; x_wconf 86' lang='lat' dir='ltr'><strong>Octoginta</strong></span> <span class='ocrx_word' id='word_1_219' title='bbox 1116 2869 1201 2916; x_wconf 87' lang='lat' dir='ltr'><strong>erant</strong></span> <span class='ocrx_word' id='word_1_220' title='bbox 1222 2869 1250 2916; x_wconf 88' lang='lat' dir='ltr'><strong>et</strong></span> <span class='ocrx_word' id='word_1_221' title='bbox 1268 2868 1309 2914; x_wconf 80' lang='lat' dir='ltr'><strong>ua</strong></span> 
     </span>
     <span class='ocr_line' id='line_1_26' title="bbox 259 2959 1308 3038; baseline 0.002 -23"><span class='ocrx_word' id='word_1_222' title='bbox 259 2978 357 3020; x_wconf 89' lang='lat' dir='ltr'><strong>naves.</strong></span> <span class='ocrx_word' id='word_1_223' title='bbox 407 2959 481 3018; x_wconf 86' lang='lat' dir='ltr'><strong>Cum</strong></span> <span class='ocrx_word' id='word_1_224' title='bbox 503 2963 547 3020; x_wconf 90' lang='lat' dir='ltr'><strong>his</strong></span> <span class='ocrx_word' id='word_1_225' title='bbox 567 2964 646 3020; x_wconf 91' lang='lat' dir='ltr'><strong>haud</strong></span> <span class='ocrx_word' id='word_1_226' title='bbox 668 2963 769 3038; x_wconf 86' lang='lat' dir='ltr'><strong>procul</strong></span> <span class='ocrx_word' id='word_1_227' title='bbox 788 2962 900 3037; x_wconf 89' lang='lat' dir='ltr'><strong>Clupea</strong></span> <span class='ocrx_word' id='word_1_228' title='bbox 920 2979 1061 3036; x_wconf 84' lang='lat' dir='ltr'><strong>prospere</strong></span> <span class='ocrx_word' id='word_1_229' title='bbox 1084 2972 1201 3038; x_wconf 83' lang='lat' dir='ltr'><strong>pugnat</strong></span> <span class='ocrx_word' id='word_1_230' title='bbox 1220 2967 1308 3022; x_wconf 86' lang='lat' dir='ltr'><strong>Roma·</strong></span> 
     </span>
     <span class='ocr_line' id='line_1_27' title="bbox 260 3067 1308 3142; baseline -0.003 -19"><span class='ocrx_word' id='word_1_231' title='bbox 260 3085 321 3125; x_wconf 91' lang='lat' dir='ltr'><strong>nus.</strong></span> <span class='ocrx_word' id='word_1_232' title='bbox 369 3067 479 3124; x_wconf 86' lang='lat' dir='ltr'><strong>Decem</strong></span> <span class='ocrx_word' id='word_1_233' title='bbox 504 3076 533 3124; x_wconf 91' lang='lat' dir='ltr'><strong>et</strong></span> <span class='ocrx_word' id='word_1_234' title='bbox 556 3076 622 3124; x_wconf 86' lang='lat' dir='ltr'><strong>octo</strong></span> <span class='ocrx_word' id='word_1_235' title='bbox 644 3068 767 3124; x_wconf 87' lang='lat' dir='ltr'><strong>navibus</strong></span> <span class='ocrx_word' id='word_1_236' title='bbox 790 3068 892 3142; x_wconf 85' lang='lat' dir='ltr'><strong>captis,</strong></span> <span class='ocrx_word' id='word_1_237' title='bbox 914 3067 1022 3142; x_wconf 86' lang='lat' dir='ltr'><strong>fugatis</strong></span> <span class='ocrx_word' id='word_1_238' title='bbox 1043 3067 1121 3138; x_wconf 86' lang='lat' dir='ltr'><strong>aliia,</strong></span> <span class='ocrx_word' id='word_1_239' title='bbox 1145 3087 1209 3126; x_wconf 90' lang='lat' dir='ltr'><strong>cum</strong></span> <span class='ocrx_word' id='word_1_240' title='bbox 1222 3085 1308 3142; x_wconf 83' lang='lat' dir='ltr'><strong>magua</strong></span> 
     </span>
     <span class='ocr_line' id='line_1_28' title="bbox 260 3171 984 3246; baseline 0.007 -21"><span class='ocrx_word' id='word_1_241' title='bbox 260 3171 387 3228; x_wconf 87' lang='lat' dir='ltr'><strong>terrestri</strong></span> <span class='ocrx_word' id='word_1_242' title='bbox 408 3171 565 3245; x_wconf 86' lang='lat' dir='ltr'><strong>navalique</strong></span> <span class='ocrx_word' id='word_1_243' title='bbox 586 3173 687 3246; x_wconf 80' lang='lat' dir='ltr'><strong>praeda</strong></span> <span class='ocrx_word' id='word_1_244' title='bbox 708 3172 867 3246; x_wconf 85' lang='lat' dir='ltr'><strong>Lilybaeum</strong></span> <span class='ocrx_word' id='word_1_245' title='bbox 891 3171 984 3230; x_wconf 87' lang='lat' dir='ltr'><strong>rediit.</strong></span> 
     </span>
    </p>

    <p class='ocr_par' dir='ltr' id='par_1_8' title="bbox 229 3272 1306 3665">
     <span class='ocr_line' id='line_1_29' title="bbox 229 3272 1306 3352; baseline 0.003 -25"><span class='ocrx_word' id='word_1_246' title='bbox 229 3272 246 3327; x_wconf 89' lang='grc'>9</span> <span class='ocrx_word' id='word_1_247' title='bbox 343 3275 455 3332; x_wconf 87' lang='lat' dir='ltr'><strong>Eadem</strong></span> <span class='ocrx_word' id='word_1_248' title='bbox 477 3284 577 3332; x_wconf 78' lang='lat' dir='ltr'><strong>astate</strong></span> <span class='ocrx_word' id='word_1_249' title='bbox 596 3284 625 3332; x_wconf 91' lang='lat' dir='ltr'><strong>et</strong></span> <span class='ocrx_word' id='word_1_250' title='bbox 643 3277 797 3352; x_wconf 90' lang='lat' dir='ltr'><strong>Philippus</strong></span> <span class='ocrx_word' id='word_1_251' title='bbox 812 3276 1034 3351; x_wconf 87' lang='lat' dir='ltr'><strong>implorantibus</strong></span> <span class='ocrx_word' id='word_1_252' title='bbox 1049 3279 1172 3336; x_wconf 84' lang='lat' dir='ltr'><strong>Achaeis</strong></span> <span class='ocrx_word' id='word_1_253' title='bbox 1190 3278 1306 3336; x_wconf 81' lang='lat' dir='ltr'><strong>auxilium</strong></span> 
     </span>
     <span class='ocr_line' id='line_1_30' title="bbox 260 3380 1306 3456; baseline -0.004 -18"><span class='ocrx_word' id='word_1_254' title='bbox 260 3381 333 3452; x_wconf 90' lang='lat' dir='ltr'><strong>tulit,</strong></span> <span class='ocrx_word' id='word_1_255' title='bbox 356 3399 429 3454; x_wconf 92' lang='lat' dir='ltr'><strong>quos</strong></span> <span class='ocrx_word' id='word_1_256' title='bbox 451 3391 480 3438; x_wconf 88' lang='lat' dir='ltr'><strong>et</strong></span> <span class='ocrx_word' id='word_1_257' title='bbox 493 3380 695 3450; x_wconf 85' lang='lat' dir='ltr'><strong>Machanidas,</strong></span> <span class='ocrx_word' id='word_1_258' title='bbox 717 3391 858 3456; x_wconf 85' lang='lat' dir='ltr'><strong>tyrannus</strong></span> <span class='ocrx_word' id='word_1_259' title='bbox 882 3383 1186 3455; x_wconf 78' lang='lat' dir='ltr'><strong>Lacedaemoniorum,</strong></span> <span class='ocrx_word' id='word_1_260' title='bbox 1206 3384 1306 3441; x_wconf 83' lang='lat' dir='ltr'><strong>finitimo</strong></span> 
     </span>
     <span class='ocr_line' id='line_1_31' title="bbox 260 3485 1304 3564; baseline 0 -24"><span class='ocrx_word' id='word_1_261' title='bbox 260 3485 335 3542; x_wconf 90' lang='lat' dir='ltr'><strong>bello</strong></span> <span class='ocrx_word' id='word_1_262' title='bbox 357 3486 461 3542; x_wconf 89' lang='lat' dir='ltr'><strong>urebat</strong></span> <span class='ocrx_word' id='word_1_263' title='bbox 487 3493 516 3540; x_wconf 90' lang='lat' dir='ltr'><strong>et</strong></span> <span class='ocrx_word' id='word_1_264' title='bbox 536 3486 647 3556; x_wconf 87' lang='lat' dir='ltr'><strong>AEtoli,</strong></span> <span class='ocrx_word' id='word_1_265' title='bbox 670 3487 794 3544; x_wconf 88' lang='lat' dir='ltr'><strong>navibus</strong></span> <span class='ocrx_word' id='word_1_266' title='bbox 816 3505 868 3560; x_wconf 87' lang='lat' dir='ltr'><strong>per</strong></span> <span class='ocrx_word' id='word_1_267' title='bbox 889 3486 1012 3557; x_wconf 84' lang='lat' dir='ltr'><strong>fretum,</strong></span> <span class='ocrx_word' id='word_1_268' title='bbox 1038 3487 1119 3560; x_wconf 90' lang='lat' dir='ltr'><strong>quod</strong></span> <span class='ocrx_word' id='word_1_269' title='bbox 1140 3491 1304 3564; x_wconf 81' lang='lat' dir='ltr'><strong>Naupactum</strong></span> 
     </span>
     <span class='ocr_line' id='line_1_32' title="bbox 260 3589 1303 3665; baseline 0.006 -20"><span class='ocrx_word' id='word_1_270' title='bbox 260 3599 288 3645; x_wconf 90' lang='lat' dir='ltr'><strong>et</strong></span> <span class='ocrx_word' id='word_1_271' title='bbox 317 3591 423 3646; x_wconf 88' lang='lat' dir='ltr'><strong>Patras</strong></span> <span class='ocrx_word' id='word_1_272' title='bbox 453 3589 591 3648; x_wconf 87' lang='lat' dir='ltr'><strong>interfluit</strong></span> <span class='ocrx_word' id='word_1_273' title='bbox 623 3591 730 3663; x_wconf 85' lang='lat' dir='ltr'><strong>(Rhion</strong></span> <span class='ocrx_word' id='word_1_274' title='bbox 757 3592 859 3648; x_wconf 84' lang='lat' dir='ltr'><strong>incolae</strong></span> <span class='ocrx_word' id='word_1_275' title='bbox 885 3593 1020 3665; x_wconf 88' lang='lat' dir='ltr'><strong>vocant),</strong></span> <span class='ocrx_word' id='word_1_276' title='bbox 1044 3595 1175 3650; x_wconf 89' lang='lat' dir='ltr'><strong>exercitu</strong></span> <span class='ocrx_word' id='word_1_277' title='bbox 1197 3593 1303 3651; x_wconf 84' lang='lat' dir='ltr'><strong>traiecto.</strong></span> 
     </span>
    </p>

    <p class='ocr_par' dir='ltr' id='par_1_9' title="bbox 210 3693 1304 3878">
     <span class='ocr_line' id='line_1_33' title="bbox 210 3693 1304 3772; baseline 0 -22"><span class='ocrx_word' id='word_1_278' title='bbox 210 3695 245 3750; x_wconf 88' lang='lat' dir='ltr'><strong>to</strong></span> <span class='ocrx_word' id='word_1_279' title='bbox 259 3694 427 3767; x_wconf 88' lang='lat' dir='ltr'><strong>depopulati</strong></span> <span class='ocrx_word' id='word_1_280' title='bbox 448 3703 541 3753; x_wconf 87' lang='lat' dir='ltr'><strong>erant.</strong></span> <span class='ocrx_word' id='word_1_281' title='bbox 589 3696 721 3752; x_wconf 85' lang='lat' dir='ltr'><strong>Attalum</strong></span> <span class='ocrx_word' id='word_1_282' title='bbox 753 3715 879 3770; x_wconf 87' lang='lat' dir='ltr'><strong>quoque,</strong></span> <span class='ocrx_word' id='word_1_283' title='bbox 898 3715 997 3772; x_wconf 87' lang='lat' dir='ltr'><strong>regem</strong></span> <span class='ocrx_word' id='word_1_284' title='bbox 1020 3697 1119 3768; x_wconf 72' lang='lat' dir='ltr'><strong>Asia,</strong></span> <span class='ocrx_word' id='word_1_285' title='bbox 1143 3699 1211 3772; x_wconf 90' lang='lat' dir='ltr'><strong>quia</strong></span> <span class='ocrx_word' id='word_1_286' title='bbox 1230 3693 1304 3754; x_wconf 87' lang='lat' dir='ltr'><strong>AEtoli</strong></span> 
     </span>
     <span class='ocr_line' id='line_1_34' title="bbox 264 3799 1302 3878; baseline 0.002 -24"><span class='ocrx_word' id='word_1_287' title='bbox 264 3817 406 3855; x_wconf 88' lang='lat' dir='ltr'><strong>summum</strong></span> <span class='ocrx_word' id='word_1_288' title='bbox 421 3799 514 3874; x_wconf 85' lang='lat' dir='ltr'><strong>gantis</strong></span> <span class='ocrx_word' id='word_1_289' title='bbox 527 3816 587 3854; x_wconf 79' lang='lat' dir='ltr'><strong>suae</strong></span> <span class='ocrx_word' id='word_1_290' title='bbox 602 3800 804 3873; x_wconf 83' lang='lat' dir='ltr'><strong>magistratum</strong></span> <span class='ocrx_word' id='word_1_291' title='bbox 821 3801 857 3858; x_wconf 91' lang='lat' dir='ltr'><strong>ad</strong></span> <span class='ocrx_word' id='word_1_292' title='bbox 870 3820 933 3858; x_wconf 88' lang='lat' dir='ltr'><strong>eum</strong></span> <span class='ocrx_word' id='word_1_293' title='bbox 946 3802 1083 3878; x_wconf 84' lang='lat' dir='ltr'><strong>proximo</strong></span> <span class='ocrx_word' id='word_1_294' title='bbox 1096 3821 1193 3860; x_wconf 88' lang='lat' dir='ltr'><strong>annuo</strong></span> <span class='ocrx_word' id='word_1_295' title='bbox 1205 3799 1302 3860; x_wconf 76' lang='lat' dir='ltr'><strong>coucilia</strong></span> 
     </span>
    </p>

    <p class='ocr_par' dir='ltr' id='par_1_10' title="bbox 163 3899 1303 3980">
     <span class='ocr_line' id='line_1_35' title="bbox 163 3899 1303 3980; baseline 0.004 -24"><span class='ocrx_word' id='word_1_296' title='bbox 163 3899 209 3968; x_wconf 77' lang='grc'><strong>30</strong></span> <span class='ocrx_word' id='word_1_297' title='bbox 263 3902 442 3972; x_wconf 87' lang='lat' dir='ltr'><strong>detulerant,</strong></span> <span class='ocrx_word' id='word_1_298' title='bbox 477 3901 557 3959; x_wconf 81' lang='lat' dir='ltr'><strong>fama</strong></span> <span class='ocrx_word' id='word_1_299' title='bbox 588 3913 650 3960; x_wconf 90' lang='lat' dir='ltr'><strong>erat</strong></span> <span class='ocrx_word' id='word_1_300' title='bbox 685 3904 715 3962; x_wconf 92' lang='lat' dir='ltr'><strong>in</strong></span> <span class='ocrx_word' id='word_1_301' title='bbox 751 3907 901 3980; x_wconf 89' lang='lat' dir='ltr'><strong>Europam</strong></span> <span class='ocrx_word' id='word_1_302' title='bbox 935 3907 1135 3966; x_wconf 87' lang='lat' dir='ltr'><strong>traiecturum.</strong></span> <span class='ocrx_word' id='word_1_303' title='bbox 1187 3907 1230 3966; x_wconf 89' lang='lat' dir='ltr'><strong>Ob</strong></span> <span class='ocrx_word' id='word_1_304' title='bbox 1259 3906 1303 3960; x_wconf 80' lang='lat' dir='ltr'><strong>ha</strong></span> 
     </span>
    </p>
   </div>
   <div class='ocr_carea' id='block_1_6' title="bbox 262 4005 1302 4080">
    <p class='ocr_par' dir='ltr' id='par_1_11' title="bbox 262 4005 1302 4080">
     <span class='ocr_line' id='line_1_36' title="bbox 262 4005 1302 4080; baseline 0.003 -19"><span class='ocrx_word' id='word_1_305' title='bbox 262 4006 398 4080; x_wconf 90' lang='lat' dir='ltr'><strong>Philippo</strong></span> <span class='ocrx_word' id='word_1_306' title='bbox 430 4007 460 4061; x_wconf 91' lang='lat' dir='ltr'><strong>in</strong></span> <span class='ocrx_word' id='word_1_307' title='bbox 489 4006 633 4064; x_wconf 81' lang='lat' dir='ltr'><strong>Graeciam</strong></span> <span class='ocrx_word' id='word_1_308' title='bbox 662 4008 845 4066; x_wconf 80' lang='lat' dir='ltr'><strong>descendenti</strong></span> <span class='ocrx_word' id='word_1_309' title='bbox 873 4011 911 4067; x_wconf 86' lang='lat' dir='ltr'><strong>ad</strong></span> <span class='ocrx_word' id='word_1_310' title='bbox 937 4012 1073 4069; x_wconf 88' lang='lat' dir='ltr'><strong>Lamiam</strong></span> <span class='ocrx_word' id='word_1_311' title='bbox 1103 4013 1203 4070; x_wconf 87' lang='lat' dir='ltr'><strong>urbem</strong></span> <span class='ocrx_word' id='word_1_312' title='bbox 1228 4005 1302 4068; x_wconf 82' lang='lat' dir='ltr'><strong>AEtoli</strong></span> 
     </span>
    </p>
   </div>
   <div class='ocr_carea' id='block_1_7' title="bbox 0 0 1344 4560">
    <p class='ocr_par' dir='ltr' id='par_1_12' title="bbox 0 0 1344 4560">
     <span class='ocr_line' id='line_1_37' title="bbox 0 0 1344 4560; baseline 0 4"><span class='ocrx_word' id='word_1_313' title='bbox 0 0 1344 4560; x_wconf 95' lang='lat' dir='ltr'><strong> </strong></span> 
     </span>
    </p>
   </div>
  </div>
 </body>
</html>
