2674 4542
321 173 377 226 164
587 167 662 216 Liber
680 167 781 216 XXIII.
820 169 866 230 (A,
880 183 904 216 u.
919 184 939 220 a.
954 169 1028 231 539.)

275 363 356 411 catos
378 353 577 429 permissuque
592 352 722 411 Marcelli
744 371 875 428 egressos
897 373 949 429 per
969 353 1162 427 interpretem
1180 351 1315 424 alioquim.

228 463 262 518 tu
276 460 448 524 ffinnibalis
491 458 625 515 virtutem
661 457 866 533 fortunamque
905 459 1030 530 extollit3
1069 457 1180 534 populi
1221 458 1284 512 Ron
1303 473 1319 503 w

227 569 259 624 ll
275 565 380 623 obterit
415 575 447 623 ut
477 572 671 622 senescentem
710 582 775 622 cum
808 564 918 621 viribus
953 565 1148 622 maiestatem.
1215 563 1277 632 Qua
1317 595 1318 600 κ

274 667 358 742 paria
378 676 482 739 essent,
502 677 533 726 nt
549 670 695 746 quondam
710 670 840 742 fuissent,
864 680 960 728 tamen
982 669 1121 745 expertis,
1146 686 1239 743 quam
1253 685 1295 740 gra

275 775 439 830 Romanum
471 775 622 850 imperium
664 775 766 844 sociis,
802 786 912 849 quanta
944 775 1125 850 indulgentia
1169 773 1303 830 Hannib

275 879 361 936 etiam
384 879 414 936 in
435 882 566 956 captivos
589 898 688 938 omnes
711 880 805 938 Italici
827 881 950 938 nominis
974 879 1086 947 fuisset,
1111 879 1259 936 Punicam
1276 879 1320 934 Ra·

215 979 262 1046 '12
274 1001 368 1053 manaa
400 983 567 1043 societatem
603 995 691 1061 atque
727 986 882 1044 amicitiam
918 985 1139 1061 praeoptandam
1180 1003 1253 1043 esse.
1297 979 1319 1041 fl

275 1092 362 1150 ambo
385 1091 517 1148 consules
539 1109 603 1148 cum
625 1091 684 1149 suis
706 1091 879 1149 exercitibus
902 1092 940 1149 ad
962 1090 1070 1148 Nolam
1100 1098 1218 1160 essent,
1247 1098 1320 1146 tana

275 1215 334 1253 non
356 1195 450 1271 magis
471 1213 556 1271 pares
571 1197 732 1266 Hannibali
745 1196 867 1268 futuros,
889 1216 976 1272 quam
1000 1195 1038 1252 ad
1060 1192 1184 1252 Cannas
1214 1193 1318 1263 luissent

275 1302 385 1362 nedum·
396 1312 503 1378 praetor
524 1319 598 1359 unus
622 1321 686 1361 cum
702 1303 802 1379 paucis
825 1311 852 1360 et
866 1304 950 1360 novis
972 1300 1110 1358 militibus
1125 1299 1241 1357 Nolam
1253 1293 1317 1355 totid

229 1417 262 1472 13
275 1409 377 1485 possit.
420 1410 555 1484 Ipsorum
576 1411 665 1482 magis
687 1427 774 1482 quam
799 1409 974 1466 Hannibalis
994 1409 1150 1479 interesse,
1182 1415 1268 1480 capta
1292 1419 1317 1460 er

175 1573 178 1592 Ι
277 1493 383 1573 tradita
404 1514 484 1571 Nola
505 1523 666 1590 poteretur3
687 1516 845 1590 potiturum
868 1515 953 1586 enim,
975 1524 1007 1573 ut
1025 1514 1130 1590 Capua
1152 1513 1318 1584 Nuceriaque

276 1621 385 1700 potitus
418 1629 506 1691 esset3
539 1621 589 1680 sed
618 1623 688 1696 quid
716 1621 792 1679 inter
820 1620 928 1697 Capuae
960 1641 995 1680 ae
1022 1625 1159 1682 Nuceriae
1194 1625 1317 1682 fortunan

229 1735 263 1788 14
276 1731 442 1799 interesset,
475 1730 554 1806 ipsos
583 1749 675 1806 prope
702 1729 732 1786 in
745 1719 848 1787 medio
870 1730 941 1789 sitos
963 1731 1096 1789 Nolanos
1119 1731 1207 1792 scire.
1252 1727 1317 1788 Nolle

277 1838 410 1906 ominari,
431 1855 495 1912 quae
517 1845 609 1911 captae
631 1836 694 1894 urbi
717 1817 834 1894 cessura
857 1836 967 1905 forent,
998 1843 1026 1891 et
1056 1835 1156 1911 potius
1188 1837 1315 1914 spondero,

168 1973 171 1978 ⁴
276 1948 302 2006 si
323 1945 493 2006 Marcellum
515 1960 580 2000 cum
611 1942 745 2019 prasidio
774 1961 809 2000 ao
828 1943 936 2000 Nolam
965 1941 1168 2014 tradidissent,
1196 1942 1316 2001 neminen

277 2051 364 2110 aliurn
388 2069 475 2124 quarn
490 2048 570 2125 ipsos
589 2049 691 2123 legem,
715 2048 817 2123 quain
838 2049 1005 2106 societatem
1022 2049 1241 2124 amicitiamque
1254 2049 1314 2105 Han·

183 2144 225 2213 44
277 2156 381 2215 nibalis
396 2155 536 2224 venirent,
558 2154 709 2212 dicturum.
752 2155 802 2212 Ad
820 2174 856 2211 ea
870 2154 1033 2212 Herennius
1051 2154 1165 2212 Bassus
1179 2153 1315 2231 respondit,

178 2313 181 2319 .
277 2261 382 2318 multos
419 2277 510 2317 annos
546 2259 603 2316 iam
640 2259 715 2317 inter
750 2261 914 2317 Romanum
950 2261 1161 2336 Nolanumque
1199 2259 1314 2337 populun

277 2366 434 2424 amicitiam
457 2383 529 2436 esse,
551 2365 631 2423 cuius
653 2374 770 2422 neutros
801 2365 839 2422 ad
863 2385 928 2422 eam
950 2365 1025 2422 diem
1051 2365 1200 2440 penitere,
1224 2374 1252 2422 et
1270 2361 1315 2418 sibi.

276 2472 301 2530 si
323 2490 387 2529 cum
420 2470 537 2529 fortuna
567 2472 704 2529 mutanda
726 2473 797 2529 fides
818 2471 919 2542 fuerit,
954 2488 1019 2528 sero
1051 2470 1112 2527 iam
1139 2474 1205 2528 esse
1228 2477 1315 2526 moun

246 2573 263 2627 2
277 2595 351 2634 eam.
387 2575 434 2633 Aa
448 2575 586 2633 dedituris
598 2551 633 2632 'se
644 2577 805 2635 Hannibali
815 2577 905 2635 fuisse
920 2577 1124 2634 accersendum
1137 2578 1314 2634 Romanorum

276 2681 458 2757 presidium?
484 2679 557 2739 Cum
587 2681 637 2752 iis,
668 2683 717 2757 qui
747 2683 784 2740 ad
810 2701 874 2740 sese
902 2685 1023 2741 tuendos
1045 2683 1208 2752 venissent,
1242 2677 1315 2738 omniu

277 2788 331 2844 sibi
353 2796 381 2844 et
402 2805 465 2844 esse
488 2787 654 2844 consociata
676 2788 764 2845 etad
786 2789 916 2846 ultimum
938 2788 1011 2849 fore.
1117 2819 1123 2836 .

247 2888 265 2944 3
360 2894 427 2951 Hoc
449 2893 624 2967 colloquium
646 2893 764 2950 abstulit
786 2911 867 2968 spem
889 2893 1047 2952 Hannibali
1069 2912 1123 2969 per
1144 2892 1314 2968 proditionem

277 2999 447 3074 recipienda
461 2999 559 3067 Nolae3
581 2999 680 3071 itaque
695 3016 803 3056 corona
825 2999 963 3074 oppidum
978 2997 1178 3070 circumdedit,
1201 3007 1233 3056 ut
1253 2991 1315 3053 sind

247 3103 315 3161 lab
350 3103 429 3161 omni
458 3114 541 3178 perte
574 3104 680 3162 moenia
711 3104 926 3179 aggrederetur.
975 3102 1068 3177 Quem
1100 3113 1135 3162 ut
1167 3101 1316 3162 successisse

278 3210 366 3268 muris
389 3210 543 3267 Marcellus
564 3210 646 3279 vidit,
670 3210 810 3267 instructa
831 3209 907 3266 intra
928 3217 1043 3285 portam
1065 3211 1216 3269 aciacum
1231 3223 1315 3283 magno

278 3315 400 3374 tumultu
423 3314 527 3389 erupit.
575 3315 698 3389 Aliquot
719 3315 812 3390 primo
834 3315 943 3390 impetu
966 3317 1091 3392 perculsi
1112 3318 1237 3394 caesique
1257 3319 1317 3372 sunt:

277 3421 343 3478 dein
365 3437 506 3478 concursu
539 3421 577 3477 ad
604 3429 765 3495 pugnantes
795 3420 874 3478 facto
903 3421 1082 3496 aequatisque
1109 3424 1221 3482 viribus
1252 3433 1315 3481 atrox

279 3545 341 3585 esse
364 3515 450 3601 coepit
471 3545 579 3602 pugna,
601 3525 854 3601 memorabilisque
875 3527 950 3584 inter
970 3545 1080 3602 paucas
1104 3526 1217 3598 fuisset,
1244 3527 1316 3584 niin·

248 3629 411 3707 bgentibus
432 3630 566 3707 procellis
588 3629 695 3688 effusus
716 3632 809 3689 imber
830 3631 990 3689 diremisset
1005 3641 1176 3708 pugnantes.
1225 3633 1265 3691 Eo
1284 3629 1316 3686 die

278 3738 432 3798 commisso
468 3737 583 3794 modico
614 3737 770 3795 cartamine
797 3737 1034 3814 atque'irritatis
1057 3736 1160 3795 animis
1184 3739 1214 3796 in
1237 3738 1316 3794 urben

278 3843 413 3913 Romani,
435 3842 519 3901 Poeni
532 3841 562 3899 in
577 3848 674 3900 castra
691 3851 861 3919 receperunt
882 3861 959 3912 sese;
980 3862 1048 3900 nam
1063 3843 1222 3901 Poenorum
1243 3841 1317 3919 prima

280 3949 430 4024 eruptione
451 3947 576 4022 perculsi
597 3948 761 4005 ceciderunt
774 3949 852 4006 haud
874 3949 1042 4023 plusquam
1064 3949 1192 4024 triginta,
1214 3943 1316 4008 Romani
