2812 4556
401 243 480 292 Liber
497 243 570 296 xxi.
609 242 800 310 (acuatu.)
1054 255 1089 310 41

37 423 174 498 equites
207 426 410 501 Hispanorum
442 428 594 502 expeditos
626 429 803 504 pramirsos.
863 432 941 489 Dum
976 433 1165 506 Hannibal,7

38 530 130 587 circa
155 532 273 588 flumen
293 531 486 606 legationibus
508 533 663 593 Gallorum
686 535 838 594 audiendis
859 545 1008 610 moratus,
1030 540 1136 600 traiioit

38 636 184 710 gravius
208 635 339 713 peditum
362 655 476 713 agmen,
497 640 611 700 interim
634 641 725 716 Mago
753 641 923 718 equitesque
951 646 988 702 ab
1011 648 1133 704 bansitu

36 741 191 799 fluminis
222 743 280 800 diei
311 744 395 802 unius
420 745 523 803 itinero
552 746 733 805 Placentiam
762 746 800 804 ad
826 748 925 806 hostes
947 752 1133 813 contendunt.

37 847 218 906 Hannibal
244 851 346 924 paucis
377 861 444 927 post
472 851 573 910 diebus
601 871 656 910 sex
683 853 773 910 millia
808 872 827 910 a
856 854 1008 914 Placentia
1039 853 1165 916 castra8

38 954 266 1026 communivit,
292 963 321 1012 et
341 965 458 1032 postero
488 957 535 1016 die
556 957 586 1016 in
609 968 764 1034 conspectu
791 960 918 1018 hostium
941 962 1003 1019 acie
1025 963 1135 1023 directa

39 1072 241 1139 potestatem
252 1075 369 1137 'pugna
389 1061 466 1122 feeit

139 1167 320 1243 Insequenti
341 1176 426 1226 nocto
442 1169 535 1228 cades
555 1170 585 1227 in
608 1169 710 1227 castris
725 1169 875 1241 Romanis,
897 1173 1022 1231 tumultu
1037 1184 1135 1236 tumen
1182 1162 1228 1232 48

43 1294 147 1350 quam
185 1293 220 1330 re
248 1273 357 1344 maior,
391 1275 429 1331 ab
460 1275 651 1334 auxiliaribus
673 1274 768 1333 Gallis
794 1274 875 1332 facta
896 1287 949 1337 est.
997 1281 1047 1338 Ad
1076 1283 1134 1342 duo
1144 1274 1164 1332 *2

44 1380 151 1438 millia
177 1380 309 1455 peditum
334 1389 363 1437 et
384 1380 498 1438 ducenti
520 1381 641 1456 equites,
662 1380 799 1456 vigilibus
821 1382 860 1439 ad
883 1393 984 1459 portas
1006 1387 1135 1445 trucida·

44 1487 97 1556 tis,
132 1487 180 1544 ad
202 1485 399 1555 Hannibalem
428 1485 638 1561 transfugiunt,
666 1505 739 1560 qnos
764 1489 874 1546 Poenus
905 1488 1028 1566 benigne
1061 1493 1134 1550 allo-

45 1603 142 1650 cutus
171 1601 204 1650 et
226 1609 279 1666 spe
302 1592 461 1666 ingentium
483 1591 627 1650 donorum
650 1610 805 1663 accensos,
827 1594 856 1649 in
878 1595 1009 1654 civitates
1033 1615 1134 1672 quem-

50 1717 113 1771 que
136 1715 213 1755 suas
235 1698 274 1754 ad
295 1697 495 1754 sollicitandos
524 1697 710 1772 popularium
735 1697 847 1756 animos
870 1699 987 1760 dimisit.
1036 1696 1164 1781 Scipio3

49 1804 170 1860 caedem
199 1821 263 1860 eam
286 1801 399 1876 siguum
425 1801 594 1860 defectionis
624 1803 752 1862 omnium
776 1803 931 1864 Gallorum
959 1825 1022 1864 esse
1043 1817 1133 1881 ratus,

51 1917 274 1982 contactosque
300 1926 335 1965 eo
368 1907 477 1990 scelere
505 1908 585 1965 velut
612 1908 717 1965 iniecta
743 1909 826 1967 rabie
858 1911 897 1966 ad
919 1929 1002 1968 arma
1031 1913 1133 1984 ituros,

54 2030 233 2088 quanquam
261 2012 361 2087 gravis
390 2012 485 2068 adhuc
516 2013 635 2070 vulnere
656 2023 732 2083 erat,
769 2021 867 2072 tamen
898 2025 1004 2088 quarta
1033 2016 1164 2092 vigilial

54 2119 156 2175 noctis
180 2117 358 2192 insequentis
379 2117 468 2174 tacito
482 2118 598 2192 agmine
620 2118 776 2193 profectus,
797 2120 835 2176 ad
853 2120 992 2178 Trebiam
1013 2122 1132 2180 fluvium

55 2222 118 2280 iam
141 2227 172 2280 in
193 2224 260 2280 loca
282 2222 387 2279 altiora
408 2222 555 2297 collesque
576 2224 773 2299 impeditiores
796 2226 886 2301 equiti
908 2234 1004 2284 cestra
1025 2237 1132 2285 movet.

57 2328 163 2386 Minus
187 2345 273 2401 qnam
297 2328 335 2384 ad
357 2327 492 2386 Ticinum
514 2327 630 2398 fefellit3
659 2329 813 2405 missisque
835 2332 985 2389 Hannibal
1007 2332 1164 2408 primumb

59 2435 217 2504 Numidis,
247 2433 352 2490 deinde
381 2433 459 2490 omni
481 2435 621 2510 equitatu,
650 2437 797 2494 turbasset
823 2437 921 2512 utique
944 2436 1133 2495 novissimum

60 2558 181 2615 agmen,
204 2540 235 2596 ni
266 2540 406 2596 aviditate
427 2539 532 2614 praedae
553 2539 583 2596 in
605 2559 699 2596 vacua
720 2543 857 2600 Romana
879 2551 976 2599 castra
997 2543 1134 2600 Numidae

62 2645 266 2704 devertissent.
315 2645 363 2702 Ibi
397 2646 465 2702 dum
497 2653 712 2720 perscrutantes
746 2645 813 2702 loca
843 2647 940 2704 omnia
971 2648 1164 2706 castrorumb

62 2749 145 2807 nullo
169 2750 239 2806 satis
261 2753 350 2827 digno
373 2769 463 2808 morae
488 2750 583 2824 pretio
604 2759 718 2826 tempus
751 2759 863 2820 terunt,
893 2753 1015 2810 ernissns
1041 2755 1133 2811 hostis

64 2864 108 2910 est
129 2856 168 2912 de
191 2857 343 2927 manibns3
366 2866 395 2914 et
416 2873 504 2931 quum
526 2856 585 2912 iam
609 2866 806 2930 transgressos
829 2856 967 2914 Trebiam
983 2859 1133 2916 Romanos

65 2968 267 3035 metantesque
293 2970 391 3020 castra
418 2961 651 3036 conspexissent,
682 2979 793 3036 paucos
820 2968 998 3018 moratorum
1021 2963 1133 3020 occide-

65 3074 132 3121 runt
154 3066 227 3123 citra
247 3069 355 3124 flumen
375 3067 559 3142 interceptos.
608 3065 716 3142 Scipio,
736 3084 789 3124 nec
801 3067 984 3124 vexationem
1007 3067 1161 3124 vulneris?

68 3166 97 3224 in
124 3170 174 3227 via
194 3171 296 3229 iactati
318 3172 395 3228 ultra
414 3172 528 3247 patiens
551 3182 580 3231 et
601 3173 741 3248 collegam
766 3173 835 3248 (iam
864 3173 939 3231 enim
963 3183 992 3230 et
1012 3193 1132 3232 revoca-

68 3280 127 3332 tum
161 3294 197 3332 ex
227 3277 328 3335 Sicilia
363 3275 506 3352 audierat)
540 3288 622 3336 ratus
657 3280 902 3353 exspectandum,
935 3281 1048 3351 locum,
1084 3281 1133 3354 qui

70 3396 159 3455 prope
179 3383 286 3438 flumen
310 3382 471 3439 tutissimus
498 3382 612 3440 stativis
643 3389 688 3438 est
708 3382 803 3454 visus,
834 3385 975 3442 delectum
1003 3405 1131 3442 commu-

70 3485 128 3541 niit.
176 3487 240 3544 Nec
261 3487 363 3561 procul
384 3488 452 3544 inde
475 3488 626 3544 Hannibal
648 3506 736 3561 quum
766 3489 959 3562 consedisset,
992 3491 1163 3565 quantumll

72 3589 192 3648 victoria
228 3593 356 3666 equestri
389 3593 498 3663 elatus,
535 3603 647 3650 tantum
686 3593 790 3650 anxius
826 3593 941 3669 iuopia,
979 3615 1044 3669 quae
1080 3613 1141 3671 per‘

72 3694 194 3754 hostium
213 3717 300 3773 agros
316 3707 441 3770 euntem,
455 3717 600 3774 nusquam
616 3699 788 3773 praeparatis
804 3699 1022 3770 commeatibus,
1038 3699 1132 3755 maior

84 3801 110 3858 in
132 3804 198 3861 dies·
214 3802 393 3879 excipiebat,
423 3805 461 3861 ad
483 3803 657 3862 Clastidium
678 3803 789 3873 vicum,
822 3821 879 3876 quo
911 3821 1049 3876 magnum
1070 3801 1162 3860 ira-9

74 3908 158 3964 menti
179 3927 329 3967 numerum
352 3918 558 3984 congesserant
579 3909 721 3977 Romani,
751 3907 846 3964 mittit.
894 3907 940 3964 Ibi
963 3924 1050 3980 quum
1072 3906 1131 3962 vim

75 4022 218 4084 pararent,
238 4031 304 4090 spes
327 4013 408 4071 facta
427 4015 616 4089 proditionis;
639 4031 691 4071 nec
706 4031 777 4071 sane
794 4029 901 4086 magno
923 4010 1027 4087 pretio,
1049 4028 1131 4068 num·
