2680 4546
763 242 828 285 vni

265 423 382 482 navium
408 423 518 500 (Grau.)
556 426 591 482 13
614 421 755 499 pedestria
778 423 896 496 (Fadum
918 423 1011 481 eodem
1033 423 1113 480 niodo
1143 423 1187 480 W.
1213 450 1217 471 ι
1247 456 1255 471 .

265 510 355 584 ooar'pi
372 509 439 566 uult.
482 507 571 564 Paulo
591 516 654 564 ante
670 505 884 564 Faraulamne·
917 507 947 564 iu
970 507 1071 578 mara.)
1109 509 1144 564 14

265 591 353 652 Koalt.
369 609 383 647 a
397 590 437 648 P:
460 589 601 666 agminua,
615 609 703 665 rupta
717 609 735 651 u
750 592 852 665 rapto
866 590 885 647 i.
901 589 994 647 Dralt.
1011 589 1150 666 agminia)
1177 593 1211 646 16
1225 591 1267 660 (αι

265 675 312 732 ille
344 674 406 732 aaa.
439 673 566 748 quadam
595 682 677 739 oett.,·
709 674 771 746 Mq.
804 673 870 732 Em.
891 673 962 732 316.
990 679 1018 730 P
1038 673 1133 733 Drak.
1158 672 1206 730 illa
1225 693 1259 729 a·
1299 695 1300 702 ¹

267 761 301 816 21
321 757 406 825 (atD
426 757 622 825 Alaalt.Pat;
643 756 735 816 Drale.
758 762 821 824 om.)
844 757 882 813 22
898 756 1045 832 compulit,
1067 775 1104 814 ne
1125 757 1197 813 urba
1217 757 1281 828 (t.-

265 841 396 900 Similiter
409 843 463 898 rum
474 840 537 897 Pal.
549 838 591 915 2.)
607 839 675 909 XL,
702 846 712 898 1
727 858 783 897 rea.
797 839 989 914 Agrigentum
1007 840 1252 914 (mterpwwtiouan

266 927 391 993 melmae)
415 927 552 984 densent.
574 924 717 998 [propter]
733 928 888 998 'postremo
911 923 1004 996 (codd,
1028 923 1084 980 duo
1104 927 1192 996 meo.)

265 1007 358 1085 (codd.
385 1013 474 1064 rotat
504 1007 567 1063 add.
597 1015 660 1066 vett.
708 1006 754 1063 De
775 1015 867 1064 euentu
890 1009 915 1062 'et
945 1008 1038 1080 effectu
1059 1008 1103 1062 rei
1123 1007 1210 1064 aliter
1236 1032 1274 1053 ·..

264 1093 361 1149 aaltem
392 1109 445 1146 non
474 1090 595 1161 dieitur.)
631 1094 666 1147 11
689 1089 828 1165 plerique,
858 1097 888 1146 et
914 1107 979 1146 aum
1003 1089 1034 1146 in
1062 1089 1230 1147 civitatibus
1248 1088 1289 1159 111
1321 1091 1324 1145 1

264 1174 329 1230 Em.
350 1173 420 1233 316.
466 1171 533 1241 Quo
555 1173 598 1232 W.
621 1175 740 1248 opponit,
762 1192 815 1230 non
835 1173 963 1245 intelliqo.
1010 1172 1174 1230 atomum
1196 1173 1225 1229 li
1261 1200 1276 1219 ..
1323 1215 1324 1224 ,

265 1275 312 1314 nea
339 1258 458 1313 numenei
484 1256 612 1313 dicuntur
641 1257 747 1314 aarum
771 1287 810 1297 -
841 1259 891 1330 qui
916 1257 986 1312 enim
1015 1257 1098 1312 aliter
1127 1275 1220 1312 omnm
1246 1253 1286 1326 Aq

265 1341 369 1415 thyma
390 1346 495 1396 mauolt
520 1371 555 1382 -
579 1348 605 1396 et
626 1341 752 1408 olarati,
785 1358 913 1413 maqnom
941 1349 1030 1396 auton
1056 1348 1168 1414 partam
1192 1340 1265 1395 atr'am
1287 1337 1324 1377 '=

265 1423 418 1480 civitatibus
438 1425 495 1480 auia
516 1424 647 1497 capitalia
668 1425 732 1478 auri
751 1441 808 1479 aare
835 1431 861 1479 et
881 1440 965 1491 nano,
989 1431 1140 1497 postquam
1164 1421 1221 1495 Δρ.
1290 1412 1297 1426 ’
1324 1443 1325 1480 t

264 1509 334 1576 mut,
361 1508 463 1579 rapina
483 1506 602 1577 viauae.)
634 1506 726 1568 XLI,
760 1504 1003 1580 2euperfuerunt
1031 1506 1126 1579 (codd.
1150 1510 1239 1563 rorat
1261 1528 1290 1551 w

264 1590 342 1662 vett.)
367 1593 399 1645 11
426 1589 581 1646 exercitum
609 1591 643 1646 12
668 1589 764 1662 (Recte
784 1588 998 1646 Foroltltammer
1018 1591 1153 1658 miratur,
1186 1607 1236 1646 our
1280 1618 1293 1631 .
1324 1610 1325 1642 t

266 1675 308 1730 lia
336 1675 425 1728 maior
448 1691 521 1746 para
551 1672 678 1747 damiam
699 1673 823 1741 ἀίσαευν,
853 1674 935 1746 qaaai
954 1672 1040 1728 Italia
1071 1675 1160 1728 mnam
1191 1672 1244 1744 des·
1285 1670 1325 1729 '.,

265 1775 347 1831 quum
368 1758 395 1812 in
425 1755 509 1812 Italia
538 1757 621 1812 multo
638 1757 735 1830 plures
750 1755 849 1829 fideles
870 1757 945 1812 taooii
966 1758 1129 1825 manserint,
1161 1759 1191 1812 ia
1220 1753 1303 1809 Stat

265 1842 313 1914 qui
336 1841 399 1913 sore
429 1840 482 1895 ooli
509 1840 576 1896 eooii
596 1841 729 1914 fuerant,
756 1837 927 1913 Syraouaani
951 1839 1106 1911 defecerint.
1163 1836 1285 1896 Vidondu
1324 1887 1326 1894 .

263 1942 296 1979 ne
318 1925 484 1997 transposita
507 1923 590 1978 verba
607 1924 661 1978 sint
675 1923 791 1996 olimque
812 1924 943 1996 roriptum
956 1924 1062 1995 suerit:
1095 1921 1192 1978 Italiae
1208 1917 1323 1976 maioris.

263 2007 364 2081 partia,
383 2005 497 2075 Sicilia,
519 2005 681 2076 Sardiniae.)
709 2010 740 2061 11
759 2004 885 2075 eosdem,
907 2005 976 2080 quia
996 2005 1054 2061 illie
1077 2006 1152 2078 (Mq.
1168 2005 1231 2062 Em.
1246 1999 1300 2070 3111

268 2093 304 2147 18
327 2089 383 2162 (Da
405 2098 459 2145 toto
481 2090 530 2145 lroo
550 2090 652 2145 nouitio
670 2089 862 2162 supplemento,
884 2089 959 2163 quod
975 2091 1096 2162 pertinet
1116 2088 1156 2145 ad
1177 2107 1201 2145 o.
1224 2087 1266 2146 41,
1283 2083 1300 2148 1

264 2174 323 2229 diui
342 2172 405 2227 Em.
416 2191 448 2246 p.
463 2171 531 2228 203.
577 2171 677 2227 Prima
698 2172 826 2228 editiones
846 2190 899 2227 uon
919 2172 1018 2228 labent
1041 2174 1096 2228 nial
1116 2172 1222 2228 breniae
1242 2165 1300 2229 illl.

264 2255 385 2330 quadiu
405 2256 511 2328 aliquot
532 2253 668 2312 codicibus
695 2255 776 2310 ualde
804 2256 953 2312 umentibus
973 2263 1020 2311 eat.
1072 2253 1163 2322 Quam
1191 2253 1232 2310 W.
1253 2267 1298 2306 ou·

264 2341 398 2396 toritatem
427 2346 534 2394 uerutus
562 2339 599 2393 ait
619 2340 647 2394 in
666 2340 715 2406 iia,
739 2340 766 2394 in
789 2338 887 2417 quibua
908 2357 927 2394 a
941 2337 1168 2395 Drakenborolio
1190 2335 1299 2394 aaroni

261 2420 372 2494 neseio.)
408 2423 445 2476 20
470 2420 499 2476 in
526 2420 656 2477 diversae
685 2422 723 2476 24
746 2439 822 2478 nuno
851 2439 902 2477 om.
925 2423 962 2477 25
986 2421 1177 2496 [exemplum]
1198 2417 1297 2492 effigiem

152 2521 155 2528 ·
264 2504 367 2578 (Dralt.
403 2503 565 2578 exemplum
601 2521 768 2578 expressam
802 2504 839 2560 ad
870 2503 992 2578 effigiem
1018 2513 1115 2561 contra
1148 2513 1211 2562 vett.
1242 2498 1297 2561 eddi
1324 2545 1327 2558 .

263 2588 363 2656 XLII,
391 2593 399 2643 1
420 2587 547 2662 peditum
562 2587 696 2644 trecentis
713 2587 783 2643 5ita
798 2605 911 2643 cursum
928 2587 1044 2644 navium
1061 2588 1207 2644 moderari
1229 2589 1297 2642 deret
1324 2623 1327 2642 2

263 2701 302 2713 -
318 2670 424 2745 duplex
439 2670 546 2726 vallum
570 2667 684 2745 (lidan.)
709 2673 724 2724 7
742 2667 825 2728 MCC
850 2687 987 2744 passuum
1009 2669 1099 2743 (Dulo.
1115 2670 1208 2730 Druk.
1223 2664 1297 2743 paullo

262 2755 327 2830 plus
348 2759 499 2828 passuum)
529 2755 546 2810 8
570 2761 711 2810 exaestuat
732 2762 783 2809 aut
804 2752 901 2809 delicit
923 2771 1004 2810 mare
1027 2753 1139 2826 (codd.)
1164 2750 1270 2818 XLIII,
1288 2749 1296 2800 l

263 2849 322 2894 tum
346 2836 589 2912 opportunissimo
611 2847 697 2910 portu
719 2836 836 2911 egregio
858 2837 972 2904 XLIV,
998 2843 1006 2891 1
1029 2834 1142 2894 Contra
1163 2856 1214 2896 om.
1236 2831 1239 2908 Ι
1259 2831 1297 2888 da

263 2939 326 2979 eum
351 2931 428 2977 terra
450 2919 488 2986 (P
497 2919 575 2978 luotu
594 2937 679 2993 quam
696 2930 862 2976 armaverat
884 2937 947 2976 oum
970 2929 1048 2976 terra
1069 2919 1211 2993 marique,
1232 2917 1297 2992 apoll

262 3006 367 3079 aliquot
399 3005 551 3060 litterarum
579 3003 649 3058 inter
679 3013 844 3059 armaverat
873 3011 899 3058 et
932 3021 996 3059 eum
1031 3003 1138 3075 relicto)
1177 3005 1195 3059 2
1218 2995 1296 3059 insedit

263 3088 348 3161 (Mq.)
389 3091 406 3143 6
440 3085 565 3144 animum
599 3086 724 3142 advertit
769 3086 809 3159 (P
837 3084 1267 3149 mercuriumcantantiadvertitl

263 3171 312 3243 (ad
334 3168 557 3244 oppugnandum
596 3168 639 3226 W.
669 3169 699 3225 P
722 3168 759 3225 ad
781 3168 1055 3243 oppuguandadem.
1075 3168 1170 3226 Dralo.
1200 3168 1236 3225 ad
1261 3181 1294 3236 op·

262 3252 447 3329 pugnandam
469 3253 582 3324 urbem)
618 3253 635 3307 8
659 3253 736 3325 quod
758 3252 920 3326 plurumum
942 3243 1034 3323 (codd.
1057 3270 1126 3308 racc.
1146 3253 1241 3327 pauci)
1273 3249 1292 3298 Η

263 3335 378 3411 (raptim
404 3333 482 3392 Creo.
505 3335 629 3394 PDrolo.
652 3335 770 3409 partim)
792 3335 889 3404 XLV,
914 3334 1136 3408 llquingentoa
1150 3336 1215 3395 add.
1238 3325 1298 3390 W.P

262 3418 353 3475 Dralc.
365 3419 428 3491 om.)
443 3419 587 3489 XLVI,'l
603 3418 654 3474 sed
667 3418 743 3492 quod
758 3418 851 3474 euntis
866 3418 903 3473 ad
915 3415 1015 3491 (Gran.
1027 3421 1181 3475 oonieotura
1191 3437 1240 3474 non
1249 3415 1294 3470 all

262 3511 345 3571 certa,
369 3502 419 3558 aad
433 3511 520 3558 tamen
534 3503 623 3576 operum
636 3502 794 3571 Romanos,
810 3501 885 3575 quod
894 3503 1025 3575 requitur,
1040 3519 1092 3558 non
1108 3519 1169 3570 eos,
1184 3497 1295 3558 ortandae

262 3584 707 3659 videturdquaoreeaiqnifioari.)
724 3589 740 3640 5
753 3593 778 3640 et
791 3584 984 3643 dinoiderunt.
1001 3593 1032 3640 ut
1042 3584 1216 3659 utrimque..
1230 3582 1293 3640 habe·

262 3670 341 3739 bant,
356 3677 423 3724 tune
439 3668 512 3734 (edd.
527 3676 588 3724 vett.
603 3667 802 3723 Pinciderunt
813 3667 967 3741 utrimque)
985 3672 999 3722 7
1014 3667 1097 3725 sedii
1116 3672 1151 3724 to
1165 3663 1293 3740 (Fortob-

262 3750 446 3820 viuafuiaaet3
458 3749 578 3826 Sariya)
592 3750 726 3820 XLVII,
742 3750 855 3806 llibras
864 3749 954 3806 ferme
966 3751 1130 3822 (adducta,-
1141 3747 1291 3807 aarum

255 3838 380 3909 sortarre
402 3843 489 3891 tamon
510 3837 537 3890 in
558 3833 697 3890 recondita
719 3834 847 3907 loquendi
859 3835 955 3907 forma
974 3833 1114 3890 retinenda
1128 3836 1226 3907 suarm
1242 3828 1292 3889 ooli·

262 3936 321 3974 oum
335 3913 515 3992 aompmna.)l
535 3917 646 3990 argenti
668 3914 737 3972 faeti
760 3913 873 3988 (Gran.)
896 3916 1044 3987 XLVIII,
1069 3919 1085 3973 3
1102 3917 1196 3974 omnia
1210 3913 1291 3975 Africa
1324 3946 1325 3965 .

262 3999 331 4070 (aad,
353 4001 457 4072 opinor,
475 4017 530 4071 pro
551 3997 718 4072 accusativo)
747 4001 780 4054 10
805 4007 873 4054 ante
894 3999 1020 4056 tribunal
1039 3998 1112 4074 (edd.
1134 4009 1199 4058 vett.
1220 3999 1290 4056 Pau·

263 4078 402 4151 tribunal)
445 4080 480 4135 12
505 4088 663 4154 apparatos
688 4080 837 4153 (Ilionea.)
875 4086 906 4137 14
929 4081 991 4156 ipse
1014 4081 1089 4157 (odd.
1113 4091 1188 4150 ortt,
1211 4077 1291 4138 Helai
