2812 4556
386 253 463 302 urse
480 249 556 300 xxr.
593 251 639 316 (a.
654 248 787 312 ceeia.)
1043 261 1075 314 51
1177 230 1180 240 ¹

36 441 181 491 concreta
209 446 297 506 essct,
322 445 433 494 mutum
462 436 572 492 nivosae
600 436 751 511 grandinis
780 437 903 510 deiecit,
932 447 964 495 ut
991 439 1126 498 omuibus

36 539 158 596 omissis
184 535 414 616 procumberent
435 540 583 608 homines,
615 541 792 616 tegminibus
814 544 874 600 suis
903 545 997 622 magis
1029 548 1126 606 obruti

37 661 128 716 quam
154 646 246 716 tecti;
269 658 410 722 tantaque
430 648 475 704 vis
496 645 616 722 frigoris
637 647 768 704 insecuta
791 656 851 720 est,
878 659 911 707 ut
932 669 969 708 ex
994 651 1045 708 illa
1073 652 1156 710 mi-t)

35 750 161 806 serabili
201 753 355 810 hominum
390 753 644 827 iumentorumque
679 763 777 827 strage
811 773 899 828 quum
935 773 967 814 se
1003 758 1126 832 quisque

36 857 186 914 extollere
205 877 242 914 ao
255 859 355 915 levare
369 858 464 928 vellet,
489 857 537 914 diu
559 858 700 932 nequiret,
723 859 801 932 quia,
823 861 1004 936 torpentibus
1028 864 1126 938 rigore

35 963 148 1032 nervis,
172 963 231 1022 vix
245 966 360 1021 flectere
376 973 456 1020 artus
470 971 615 1036 poterant.
659 961 782 1034 Deinde,
799 971 832 1020 ut
846 965 963 1023 tandem
985 967 1125 1042 agitando
1140 971 1177 1026 ll)

36 1084 102 1122 sese
137 1085 268 1126 movere
298 1089 334 1126 ac
361 1047 489 1144 recipere
515 1067 630 1123 animos
660 1076 689 1123 et
714 1067 790 1124 raris
810 1069 882 1126 locis
902 1070 978 1146 ignis
998 1071 1060 1130 lieri
1082 1083 1127 1129 est

37 1182 168 1246 coeptus,
195 1174 237 1230 ad
260 1173 385 1230 alienam
403 1189 488 1247 opem
511 1173 633 1246 quisque
655 1171 742 1248 inops
766 1175 894 1232 tendere.
940 1176 1065 1234 Biduum
1089 1197 1125 1236 eo
1142 1176 1175 1231 ll

40 1277 104 1334 loco
135 1279 224 1336 velut
252 1279 365 1336 obsessi
391 1293 542 1346 mansere3
574 1277 657 1334 multi
681 1277 829 1349 homines,
863 1280 955 1338 multa
986 1283 1125 1356 iumenta,

40 1381 196 1456 elephanti
223 1403 341 1459 quoque
363 1403 400 1440 ex
420 1382 471 1454 iis,
502 1381 552 1454 qui
572 1381 676 1456 proelio
701 1383 740 1438 ad
762 1384 901 1442 Trebiam
924 1385 1002 1444 lacto
1023 1406 1124 1464 super·

41 1487 170 1559 fuerant,
195 1499 308 1565 septem
331 1489 486 1563 absumpti.

125 1595 300 1670 Degreesus
323 1592 499 1669 Appennino
520 1601 599 1648 retro
626 1593 665 1648 ad
687 1593 868 1652 Placentiam
898 1604 995 1652 castra
1023 1597 1123 1669 movit,
1171 1587 1218 1656 59

44 1701 131 1754 etad
155 1701 260 1758 decem
284 1700 374 1756 millia
396 1715 568 1774 progressus
599 1699 737 1754 consedit.
780 1700 905 1756 Postero
934 1700 980 1756 die
1011 1701 1123 1758 dnode-

46 1803 100 1860 cim
120 1806 219 1862 millia
240 1784 399 1881 peditums
418 1806 546 1880 qumque
569 1803 698 1877 equitum
729 1804 869 1862 adversus
890 1805 1003 1861 hostem
1034 1807 1121 1878 ducit,

46 1929 96 1966 nee
118 1911 317 1988 Sempronius
339 1910 440 1968 consul
464 1906 534 1985 (iam
558 1909 633 1966 enim
658 1909 785 1966 redierat
811 1910 848 1966 ab
874 1908 983 1986 Roma)
1007 1908 1152 1968 detrec-2

48 2017 119 2072 tavit
141 2028 302 2076 certamen.
350 2019 451 2090 Atque
473 2031 508 2070 eo
530 2014 577 2070 dia
597 2013 655 2070 tria
676 2014 767 2070 millia
789 2030 928 2088 passuum
955 2015 1030 2070 inter
1052 2016 1122 2072 bina

48 2133 143 2178 castra
166 2122 265 2192 fuere3
287 2129 406 2196 postero
428 2119 474 2175 die
495 2117 661 2192 ingentibus
675 2119 789 2188 animis,
811 2117 895 2174 vario
917 2129 1022 2176 eventu
1046 2118 1152 2195 pag-3

51 2235 147 2282 natum
174 2235 227 2283 est.
275 2227 376 2294 Primo
400 2242 541 2282 concursu
564 2225 638 2281 adeo
665 2243 712 2280 rae
734 2225 870 2282 Romanu
897 2224 1031 2298 superior
1057 2223 1121 2295 fuit,

52 2337 159 2386 utnon
181 2331 245 2387 acie
268 2331 418 2388 vincerent
439 2330 543 2398 solum,
566 2329 618 2386 sed
641 2329 742 2404 pulsos
763 2331 862 2386 hostes
884 2330 914 2386 in
936 2338 1032 2386 castra
1054 2348 1120 2405 per·

52 2415 248 2508 {equerentun
271 2455 341 2494 mox
358 2445 454 2492 castra
473 2452 589 2508 quoque
611 2443 824 2509 oppugnarent.
868 2434 1026 2504 Hannibal,
1047 2436 1151 2510 pau-A

53 2539 91 2596 cis
118 2541 388 2617 propugnatoribus
418 2541 446 2597 in
475 2538 553 2594 vallo
583 2539 733 2613 portisque
761 2538 877 2612 positis,
915 2547 1026 2595 eeteros
1051 2557 1120 2597 con-

31 2642 140 2716 =lertos
162 2648 194 2704 in
216 2647 313 2704 media
335 2655 431 2704 castra
451 2643 575 2718 recepit,
607 2644 792 2718 intentosque
825 2644 940 2717 signum
963 2645 1002 2700 ad
1025 2663 1120 2703 erum·

57 2752 176 2822 pandum
204 2762 374 2826 exspectare
402 2749 490 2810 iubet.
545 2750 611 2806 Iam
638 2767 717 2804 nona
745 2747 837 2806 ferme
866 2747 923 2804 diei
950 2748 1025 2804 horu
1046 2753 1151 2821 erat·‚5

58 2871 139 2926 quum
166 2859 328 2928 Romanus,
354 2856 548 2931 nequicquam
574 2854 699 2930 fatigato
726 2855 832 2925 milite,
861 2861 1017 2928 postquam
1039 2855 1120 2912 nulla
1209 2921 1213 2928 Α

61 2977 120 3033 spes
144 2974 208 3020 erat
228 2963 360 3038 potiundi
383 2961 502 3030 castris,
525 2960 639 3035 siguum
661 2959 791 3034 receptui
819 2959 907 3016 dedit.
960 2957 1048 3030 Quod
1069 2961 1149 3017 ubid

62 3063 204 3126 Hannibal
235 3070 347 3144 accepit
375 3069 564 3139 laxatamque
585 3081 714 3139 pugnam
744 3074 772 3121 et
792 3081 937 3120 recessum
967 3083 986 3120 a
1016 3065 1119 3121 castris

64 3168 141 3242 vidit,
174 3174 321 3249 extemplo
346 3172 489 3248 equitibus
520 3170 624 3226 dextra
655 3169 787 3244 laevaque
809 3168 920 3226 emissis
947 3170 977 3228 in
998 3169 1125 3243 hostem‚'

64 3271 118 3346 ipse
140 3296 203 3335 cum
228 3280 355 3354 peditum
378 3278 484 3334 robore
503 3275 606 3332 mediis
629 3275 732 3332 castris
764 3274 868 3349 erupit.
916 3277 1023 3351 Pugna
1053 3279 1151 3333 rarol

67 3383 148 3455 magis
170 3385 231 3440 ulla
244 3385 281 3420 *⁴*
304 3393 355 3439 aut
378 3381 527 3455 utriusque
550 3381 641 3456 partis
669 3379 796 3455 pernicie
819 3378 926 3437 clarior
948 3381 1064 3450 luisset,
1096 3381 1121 3436 si

67 3488 172 3545 extendi
194 3507 259 3546 eam
282 3487 342 3544 dies
364 3486 393 3542 in
422 3462 544 3560 longum¹
572 3485 698 3560 spatium
725 3485 854 3554 sivisset3
880 3503 940 3542 nox
969 3489 1151 3542 accensumil

68 3585 219 3663 ingentibus
248 3593 351 3650 animis
377 3591 510 3667 proelium
538 3591 661 3647 diremit.
710 3589 815 3662 Itaque
843 3589 939 3646 acrior
964 3607 1122 3646 concursus

69 3689 115 3750 luit
134 3717 221 3773 quam
244 3697 345 3768 cades,
367 3707 404 3767 et,
427 3695 502 3753 sicut
523 3703 639 3769 aequata
652 3694 744 3751 ferme
765 3711 865 3769 pugna
884 3702 956 3764 erat,
977 3693 1019 3749 ita
1040 3693 1123 3749 clade

71 3802 123 3868 pari
153 3805 309 3861 discessum
333 3813 385 3862 est.
431 3802 481 3859 Ab
502 3810 606 3858 neutro
621 3809 705 3876 parte
726 3797 870 3856 sexcentis
890 3798 956 3873 plue
978 3798 1123 3873 peditibus

74 3910 96 3956 tl
114 3907 258 3966 dimidium
288 3908 348 3965 eius
373 3907 501 3982 equitum
524 3906 639 3976 cecidit3
667 3905 719 3962 sed
745 3904 840 3960 maior
860 3903 1001 3960 Romanis
1033 3904 1153 3978 quaml)

73 4023 115 4078 pro
135 4033 254 4072 numero
278 4014 390 4071 iactura
411 4013 481 4082 fuit,
504 4014 573 4086 quie
595 4010 736 4086 equestris
760 4007 868 4065 ordinis
889 4007 1001 4083 aliquot
1022 4017 1051 4066 et
1072 4009 1124 4066 tri-

890 4109 920 4158 4·
