2700 4426
301 192 310 197 ’
397 214 811 280 1111111111.(1.01.111.)
1031 217 1090 274 249
1146 229 1149 232 ⁴

64 399 221 474 Claudium
258 401 406 459 Neronem
442 408 594 474 praetorem
634 400 672 456 ab
709 397 858 456 Suessula
887 417 925 456 ex
964 397 1132 456 Claudianis

66 507 173 586 castris
196 508 373 564 exciverunt.
421 505 452 562 Is
475 522 600 580 quoqne,
622 503 736 560 modico
757 504 799 560 ibi
817 503 951 578 prasidio
974 505 1012 560 ad
1033 506 1164 562 tenen-8

66 611 136 668 dum
159 611 254 669 locum
273 599 386 681 relicto,
408 611 511 668 ceteris
532 609 665 666 omnibus
687 610 777 683 copiis
799 597 838 693 ad
860 607 992 684 Capuam
1014 610 1132 666 descen·

66 717 119 774 dit.
166 718 215 775 Ita
236 718 292 776 tria
313 717 450 792 praetoria
470 717 548 772 circa
570 713 702 789 Capuam
727 725 832 784 erecta,
855 725 883 771 et
909 725 967 772 tres
990 715 1132 771 exercitus

67 822 190 879 diversis
219 823 359 897 partibus
399 840 473 896 opus
512 820 643 896 aggressi
674 819 755 877 fossa
787 819 923 894 valloque
954 820 1133 876 circumdare

66 928 168 983 urbem
197 935 305 1001 parant
330 937 359 983 et
387 927 507 984 castella
535 927 664 983 excitant
689 924 810 980 modicis
831 925 999 994 intervallis,
1022 925 1132 980 multis·
1146 922 1167 980 9'

68 1050 125 1104 que
145 1032 231 1088 simul
254 1032 326 1089 locis
350 1051 415 1089 cnm
437 1031 655 1107 prohibentibus
677 1049 767 1104 opera
789 1028 948 1105 Campanis
971 1049 1005 1087 οο
1028 1040 1131 1087 eventu

66 1147 207 1211 pugnant,
231 1147 263 1193 ut
283 1114 431 1212 postremo
451 1137 543 1211 portis
566 1155 708 1209 muroque
726 1153 757 1191 00
772 1136 931 1191 contineret
954 1134 1132 1210 Campanos.

65 1242 154 1299 Prius
176 1254 283 1313 tamen,
305 1261 392 1316 quam
415 1244 475 1299 haec
499 1241 735 1298 continuarentur
757 1260 861 1315 opera,
879 1241 969 1316 legati
990 1242 1027 1298 ad
1049 1243 1132 1298 Han·
1148 1240 1183 1295 10

65 1347 192 1404 nibalem
218 1347 312 1417 missi,
343 1348 392 1422 qui
414 1357 616 1421 quererentur,
646 1345 789 1402 desertam
816 1346 853 1403 ab
882 1365 916 1402 eo
939 1344 1072 1421 Capuam
1097 1365 1133 1403 ac

65 1470 159 1526 prope
189 1452 332 1509 redditam
365 1450 521 1519 Romanis,
553 1451 833 1524 obtestarenturque,
864 1459 896 1506 ut
927 1462 995 1509 tunc
1029 1452 1131 1508 saltem

65 1575 152 1630 opem
176 1575 235 1612 non
253 1556 448 1613 circumsessis
470 1555 573 1623 modo,
602 1555 654 1611 sed
676 1556 763 1612 etiam
788 1556 1012 1613 circumvallatis
1033 1555 1131 1614 ferret.

65 1659 241 1717 Consulibus
262 1661 365 1718 litterae
385 1680 404 1718 a
425 1663 460 1718 P.
477 1658 612 1717 Cornelio
634 1671 757 1734 praetore
772 1662 876 1731 11110010,
899 1671 938 1730 ut,
961 1661 1130 1735 priusquam
1148 1655 1180 1708 11

65 1765 234 1822 clauderent
255 1764 386 1840 Capuam
419 1765 572 1839 operibns,
602 1774 775 1843 potestatem
807 1764 965 1840 Campanis
993 1765 1131 1841 iacerent,

63 1881 111 1939 ut,
147 1870 196 1944 qni
218 1889 317 1927 eorum
345 1869 465 1936 vellent,
498 1870 609 1925 exirent
639 1888 656 1925 a
686 1867 790 1944 Capua
814 1888 943 1943 suasque
965 1888 1011 1925 res
1033 1888 1130 1926 secum

62 1973 188 2032 ferrent:
220 1975 326 2031 liberos
358 1975 421 2032 iore
444 1994 556 2049 suaque
585 1975 683 2031 omnia
705 1975 872 2044 habituros,
906 1975 955 2048 qui
979 1985 1046 2031 ante
1066 1975 1131 2030 idus
1149 1967 1183 2022 ¹2

63 2081 189 2137 Martias
211 2080 350 2158 exissent3
384 2090 451 2154 post
480 2099 544 2136 eam
567 2080 643 2136 diem
669 2081 776 2155 quique
803 2081 929 2136 exissent
962 2080 1069 2154 quique
1090 2079 1130 2136 ibi

63 2185 253 2255 mansissent,
280 2186 407 2242 hostiurn
434 2186 548 2243 futuros
574 2204 707 2243 numero.
762 2186 808 2242 Ea
834 2186 1021 2260 pronuntiata
1043 2184 1130 2242 Cam·
1145 2178 1181 2233 13

63 2290 158 2366 panis,
181 2301 269 2364 atque
290 2291 331 2346 ita
353 2300 461 2365 spreta,
483 2300 515 2346 nt
538 2290 612 2346 ultro
628 2291 817 2351 contumelias
839 2291 966 2348 dicerent
987 2291 1131 2348 minaren-

63 2405 179 2468 turque.
228 2395 378 2453 Hannibal
409 2396 446 2451 ab
472 2396 631 2452 Herdonea
653 2397 813 2452 Tarentum
843 2396 968 2452 duxerat
993 2396 1131 2470 legiones,
1147 2391 1182 2444 14
1250 2457 1255 2472 1

63 2519 117 2576 spe
150 2511 202 2558 aut
233 2502 261 2558 vi
285 2510 334 2555 aut
364 2500 432 2555 dolo
465 2501 541 2556 arcis
573 2500 739 2557 Tarentinae
775 2502 934 2575 potiundae3
972 2502 1050 2575 quod
1082 2503 1131 2558 nbi

63 2626 170 2682 parum
191 2605 346 2682 processit,
377 2605 414 2660 ad
437 2605 621 2661 Brundisium
644 2607 725 2662 flexit
745 2607 809 2677 iter,
833 2607 918 2681 prodi
940 2607 968 2662 id
991 2608 1130 2681 oppidum

63 2720 156 2771 ratus.
203 2713 250 2769 lbi
272 2729 389 2785 quoque
411 2728 498 2784 quum
521 2708 630 2766 frustra
650 2721 755 2768 tereret
776 2722 900 2787 tempus,
929 2711 1018 2785 legati
1043 2710 1131 2768 Cam·
1147 2705 1182 2760 15

64 2806 135 2891 110111
164 2817 203 2872 ad
235 2827 300 2873 eum
332 2825 473 2872 venerunt
506 2825 657 2888 querentes
687 2815 773 2870 simul
804 2826 994 2889 orantesque;
1028 2817 1131 2888 quibus

64 2920 216 2978 Hannibal
238 2923 392 2998 magnifice
415 2919 574 2995 respondit,
596 2932 624 2975 et
645 2928 733 2975 antea
754 2938 786 2977 se
808 2919 930 2976 solvisse
951 2920 1130 2977 obsidionem

66 3035 95 3082 et
115 3044 193 3083 nunc
217 3027 372 3084 adventum
396 3045 479 3083 suum
503 3025 635 3081 consules
656 3043 714 3081 non
736 3025 857 3085 laturos.
901 3023 974 3082 Cum
1001 3026 1058 3081 hac
1080 3019 1183 3098 011016

64 3129 175 3186 dimissi
196 3130 285 3206 legati
307 3131 356 3189 rix
381 3132 495 3205 regredi
517 3130 660 3206 Capuam,
682 3132 741 3188 iam
763 3129 871 3204 duplici
891 3128 974 3188 fossa
994 3130 1131 3203 valloque

65 3234 200 3305 cinctam,
222 3245 387 3310 potuerunt,

149 3341 245 3413 Quum
269 3342 394 3397 maxime
417 3340 521 3416 Capua
542 3342 818 3408 circumvallaratur,
841 3339 1052 3416 Syracusarum
1078 3357 1130 3413 op·
1180 3333 1225 3405 23

40 3425 206 3521 ‘pugnatio
230 3447 268 3503 ad
290 3447 374 3503 finem
397 3448 491 3517 venit,
511 3424 703 3522 praeterquam
731 3445 823 3503 vi'ac
852 3446 960 3502 virtute
980 3445 1131 3502 1111010011-

63 3551 246 3625 010110011110,
271 3552 407 3608 intestina
428 3553 516 3608 etiam
538 3552 703 3627 proditione
730 3553 840 3610 adiuta.
890 3551 1028 3624 Namque
1050 3549 1162 3609 Mar-2

63 3655 155 3712 cellus
175 3655 257 3712 initio
279 3656 356 3712 veris
377 3657 517 3725 incertus,
543 3668 638 3716 utrum
662 3659 855 3732 Agrigentum
878 3657 916 3713 ad
937 3655 1131 3712 Himilconem

65 3771 94 3815 et
116 3760 321 3834 Hippocraten
349 3771 477 3818 verteret
498 3763 605 3820 bellum
638 3782 676 3820 an
698 3762 851 3821 obsidione
873 3760 1036 3836 Syracusas
1065 3757 1130 3833 pre·

65 3876 166 3935 meret,
195 3883 363 3940 quanquam
386 3884 440 3922 nec
466 3866 496 3922 vi
523 3867 589 3941 capi
617 3865 735 3923 videbat
763 3883 850 3941 posse
875 3864 1161 3940 inexpugnabilem3

64 3970 196 4028 terrestri
224 3988 260 4027 ac
290 3970 436 4031 maritimo
459 3972 516 4029 situ
540 3973 639 4029 urbem
672 3989 725 4026 nec
747 3970 840 4043 fame,
868 3979 901 4028 ut
929 3989 1017 4045 quam
1039 3989 1133 4045 prope
