2704 4552
310 237 349 294 66
579 231 658 284 Liber
675 231 764 284 XXII.
801 233 850 296 (A.
863 247 890 288 n.
903 247 926 288 o.
939 233 1013 297 ⁶³7.)

234 413 312 476 ttbi
334 435 387 492 per
407 415 469 474 dies
493 415 604 490 aliquot
625 416 733 474 stativa
753 416 871 487 babitu,
892 417 1075 492 refectusque
1101 417 1186 476 miles
1209 418 1283 476 hibe
1314 417 1320 432 '

265 522 415 580 itinenbus
437 539 472 580 ao
492 521 615 596 palustri
639 522 687 578 via
709 522 872 598 proelioque
893 522 986 598 magis
1001 523 1039 580 ad
1054 531 1192 582 eventum
1209 523 1332 582 secundo

235 633 354 703 bqnam
376 627 434 684 levi
462 638 513 686 ant
533 627 613 686 facili
635 625 766 685 affectus.
809 628 870 688 Ubi
891 628 962 685 satis
984 628 1089 702 quietis
1110 628 1216 686 datum
1240 649 1263 706 p

266 751 301 789 ac
330 732 567 808 populationibus
595 732 689 808 magis
722 750 811 806 quam
842 733 903 792 otio
930 743 980 790 aut
1007 735 1108 809 requie
1128 736 1331 810 gaudentibus,

266 836 414 912 profectus
447 837 655 896 Proetutianum
689 837 928 913 Hadrianumque
959 857 1078 914 agrum,
1115 841 1241 899 Marsos
1273 839 1330 898 inds

265 943 508 1017 Marrucinosque
529 951 558 1000 et
579 943 718 1018 Pelignus
748 941 883 1000 devastat
906 943 1041 1018 circaque
1063 945 1164 1019 Arpos
1189 953 1221 1002 et
1243 946 1328 1002 ane·

236 1047 339 1108 briam
363 1047 528 1122 proximam
544 1047 661 1122 Apuliae
682 1046 841 1122 regionem.
885 1047 939 1106 Cn.
965 1048 1106 1108 Servilius
1128 1049 1245 1119 consul,
1267 1049 1325 1106 levi·

266 1153 320 1209 bus
342 1151 450 1226 proeliis
465 1169 531 1208 oum
547 1151 642 1210 Gallis
663 1152 749 1212 factis
764 1164 793 1211 et
808 1174 865 1212 nno
887 1155 995 1230 oppido
1015 1153 1137 1230 ignobili
1152 1165 1325 1230 expugnatu

265 1265 421 1333 postquam
442 1256 479 1314 de
501 1257 619 1332 collegae
643 1259 844 1334 exercitusque
864 1260 943 1317 cade
964 1259 1085 1329 audivit,
1106 1259 1166 1316 iam
1192 1259 1324 1316 moenibus

265 1362 367 1437 patrita
388 1370 590 1432 metuens‚.ne
613 1365 728 1421 abesset
748 1365 778 1421 in
799 1365 964 1422 discrimine
985 1373 1132 1434 extrem,
1161 1363 1202 1420 ad
1232 1365 1323 1421 urbem

264 1467 319 1524 iter
340 1466 473 1527 intendit.

235 1577 251 1631 7
348 1571 385 1644 Q.
407 1572 518 1629 Fabius
540 1573 688 1631 Maximus
709 1575 834 1632 dictator
846 1574 960 1645 iterum,
983 1593 1041 1649 quo
1065 1575 1112 1632 die
1127 1574 1321 1649 magistratum

263 1675 342 1746 iniit,
369 1687 474 1734 vocato
497 1687 613 1749 senatu,
643 1680 681 1736 ab
703 1679 758 1737 diis
780 1697 878 1750 orsus,
912 1697 1000 1754 qnam
1026 1679 1192 1736 edocuisset
1225 1689 1320 1754 patrea

264 1781 328 1858 plus
350 1782 526 1858 negligentia
547 1784 776 1842 cerimoniarum
799 1785 1048 1860 auspiciorumque
1069 1803 1153 1858 quam
1167 1785 1320 1842 temeritate

265 1900 353 1964 atque
372 1888 487 1946 inscitia
508 1898 658 1964 paccatum
680 1908 698 1945 a
724 1887 758 1948 Ο.
784 1890 929 1947 Flaminio
952 1889 1171 1960 consulesne,
1210 1907 1319 1965 quaeque

233 1995 380 2070 8piacula
400 1995 450 2052 irae
474 1995 560 2052 deum
584 2003 689 2062 essent,
711 1993 791 2069 ipsos
813 1995 884 2053 deos
909 1995 1102 2052 consulendos
1124 2012 1205 2066 esse,
1236 1993 1317 2070 pervi-

263 2100 311 2170 cit,
333 2107 378 2170 ut,
403 2099 480 2173 qnod
502 2117 561 2155 non
581 2097 673 2155 ferme
694 2073 871 2166 decernitur,
891 2099 948 2156 nisi
970 2117 1059 2174 quum
1070 2109 1166 2166 ,ttra
1197 2100 1319 2176 prodigia

263 2203 395 2260 nuntiata
426 2212 507 2272 sunt,
537 2203 693 2260 decemviri
727 2204 819 2262 libros
853 2204 1011 2280 Sibyllinos
1042 2201 1136 2262 adire
1151 2205 1315 2264 iuberentur.

232 2307 330 2381 bilai,
351 2307 487 2382 inspectis
508 2308 647 2365 fatalibus
669 2308 760 2380 libris,
791 2311 949 2368 retulerunt
978 2311 1126 2386 patribus,
1160 2312 1241 2386 quod
1267 2309 1316 2366 eius

262 2412 330 2471 belli
351 2430 441 2470 causa
462 2421 561 2471 votum
583 2413 674 2470 Marti
694 2412 785 2484 foret,
806 2415 837 2471 id
858 2433 917 2472 non
938 2415 993 2473 rite
1023 2414 1134 2474 fantum
1157 2417 1194 2473 de
1215 2417 1315 2489 integro

214 2526 250 2581 10
263 2524 351 2590 atque
374 2515 498 2591 amplius
518 2517 685 2576 faciundum
708 2535 786 2590 esse,
809 2528 837 2575 et
858 2519 923 2576 Iovi
944 2521 1030 2578 ludos
1057 2539 1181 2597 magnos
1203 2519 1315 2578 stades

263 2621 373 2679 Veneri
393 2622 526 2698 Erycinae
554 2642 590 2681 ac
611 2623 705 2680 Menti
731 2623 880 2681 vovendas
911 2643 990 2695 esse,
1023 2634 1052 2681 at
1085 2625 1313 2700 supplicationem
1346 2629 1347 2678 l

262 2727 525 2803 lectisterniumque
549 2729 724 2798 habendum,
746 2739 776 2786 et
798 2747 850 2786 ver
870 2747 986 2787 sacrum
1009 2731 1191 2801 vovendum,
1221 2727 1313 2787 sibel-

261 2832 351 2890 latum
374 2852 512 2909 prospere
533 2843 609 2892 esset
638 2853 743 2909 resque
764 2833 881 2910 publica
901 2834 931 2891 in
953 2835 1073 2905 eodem,
1100 2853 1159 2909 quo
1178 2843 1246 2892 ante
1265 2831 1312 2890 bel·

214 2944 245 2997 11
260 2939 319 2996 lunt
354 2938 472 3008 fuisset,
502 2949 579 2998 statu
612 2939 826 3015 permansisset.
877 2938 1011 3011 Senatus,
1040 2942 1178 3015 quoniam
1201 2939 1311 2997 Fabium

261 3044 329 3102 belli
348 3063 419 3102 cura
441 3055 619 3120 occupatura
640 3053 725 3114 esset,
748 3047 790 3103 M.
807 3045 960 3104 AEmilium
976 3053 1128 3120 pretorem
1154 3065 1192 3102 ex
1213 3040 1312 3117 collegii

261 3149 429 3223 pontificum
451 3150 607 3218 sententia,
629 3151 728 3206 omnia
749 3169 785 3206 ea
806 3161 837 3208 ut
861 3159 974 3208 mature
997 3151 1084 3220 fiant,
1113 3169 1217 3209 curare
1235 3150 1310 3208 iubet.

166 3252 208 3321 10
261 3254 317 3310 His
339 3263 455 3310 senatus
477 3254 614 3310 consultis
638 3254 774 3330 perfectis
798 3257 834 3313 L.
859 3255 1010 3313 Cornelius
1033 3255 1174 3314 Lentulus
1195 3252 1311 3330 pontifex

262 3357 422 3426 maximus,
467 3358 633 3416 consulente
670 3360 822 3436 collegium
854 3368 994 3434 pretore,
1038 3359 1167 3419 omnium
1201 3360 1309 3437 primum

261 3461 401 3537 populum
420 3459 634 3521 'consulendum
665 3466 701 3522 de
728 3485 798 3523 vere
825 3483 909 3522 sacro
938 3473 1049 3522 censet:
1082 3464 1193 3522 iniussu
1225 3459 1310 3540 populi

230 3567 361 3629 2voveri
391 3587 449 3625 non
477 3587 572 3643 possa.
615 3571 749 3644 Rogatus
767 3571 797 3627 in
824 3573 885 3628 haec
915 3569 1006 3626 verba
1033 3569 1172 3645 populus:
1202 3545 1308 3639 {Velitis

260 3672 421 3731 iubeatisne
442 3675 503 3731 haec
525 3673 567 3731 sic
589 3673 671 3731 fieri?
698 3673 731 3732 si
751 3674 933 3750 respublica
955 3674 1056 3750 populi
1077 3675 1204 3732 Romani
1227 3671 1307 3747 Quiri·

260 3778 330 3835 tium
348 3779 385 3835 ad
407 3779 632 3853 quinquennium
654 3779 829 3854 proximum,
851 3779 924 3837 sicut
945 3779 1031 3836 velim
1053 3797 1243 3856 voveamque,
1263 3777 1306 3834 sal·

260 3903 299 3940 va
333 3895 451 3942 servata
485 3886 539 3942 erit
559 3885 638 3943 hisce
660 3883 779 3954 duellis,
809 3884 889 3959 quod
913 3884 1038 3942 duellum
1060 3884 1171 3960 populo
1189 3887 1306 3944 Romano

261 4006 325 4046 oum
348 3987 581 4063 Carthaginiensi
603 3999 655 4060 est,
679 4005 801 4063 quaeque
827 3987 923 4046 duella
953 4005 1018 4045 eum
1041 3987 1138 4046 Gallis
1166 3998 1245 4060 sunt,
1270 3983 1307 4060 qui
1343 3985 1344 4077 l
