<?xml version="1.0" encoding="UTF-8"?>
<!DOCTYPE html PUBLIC "-//W3C//DTD XHTML 1.0 Transitional//EN"
    "http://www.w3.org/TR/xhtml1/DTD/xhtml1-transitional.dtd">
<html xmlns="http://www.w3.org/1999/xhtml" xml:lang="en" lang="en">
 <head>
  <title>
</title>
<meta http-equiv="Content-Type" content="text/html;charset=utf-8" />
  <meta name='ocr-system' content='tesseract 3.04.00' />
  <meta name='ocr-capabilities' content='ocr_page ocr_carea ocr_par ocr_line ocrx_word'/>
</head>
<body>
  <div class='ocr_page' id='page_1' title='image "./titiliviihistor01ussigoog/titiliviihistor01ussigoog_0386.png"; bbox 0 0 2700 4426; ppageno 0'>
   <div class='ocr_carea' id='block_1_1' title="bbox 428 157 1133 223">
    <p class='ocr_par' dir='ltr' id='par_1_1' title="bbox 428 157 1133 223">
     <span class='ocr_line' id='line_1_1' title="bbox 428 157 1133 223; baseline 0.018 -15"><span class='ocrx_word' id='word_1_1' title='bbox 428 159 509 208; x_wconf 54' lang='lat' dir='ltr'>&#39;Later</span> <span class='ocrx_word' id='word_1_2' title='bbox 526 157 626 208; x_wconf 76' lang='lat' dir='ltr'>xxvt.</span> <span class='ocrx_word' id='word_1_3' title='bbox 665 160 709 223; x_wconf 75' lang='lat' dir='ltr'>(a.</span> <span class='ocrx_word' id='word_1_4' title='bbox 724 157 772 212; x_wconf 85' lang='lat' dir='ltr'>ch.</span> <span class='ocrx_word' id='word_1_5' title='bbox 787 162 856 222; x_wconf 75' lang='lat' dir='ltr'>araz)</span> <span class='ocrx_word' id='word_1_6' title='bbox 1004 165 1010 172; x_wconf 84' lang='lat'>&#39;</span> <span class='ocrx_word' id='word_1_7' title='bbox 1096 167 1133 221; x_wconf 81' lang='grc'>45</span> 
     </span>
    </p>
   </div>
   <div class='ocr_carea' id='block_1_2' title="bbox 74 320 1227 3879">
    <p class='ocr_par' dir='ltr' id='par_1_2' title="bbox 97 320 1227 2728">
     <span class='ocr_line' id='line_1_2' title="bbox 110 320 1176 420; baseline 0.006 -23"><span class='ocrx_word' id='word_1_8' title='bbox 110 355 142 397; x_wconf 80' lang='lat' dir='ltr'>se</span> <span class='ocrx_word' id='word_1_9' title='bbox 162 340 267 397; x_wconf 84' lang='lat' dir='ltr'>iunctae</span> <span class='ocrx_word' id='word_1_10' title='bbox 289 342 447 411; x_wconf 72' lang='lat' dir='ltr'>hoembant,</span> <span class='ocrx_word' id='word_1_11' title='bbox 474 352 588 418; x_wconf 79' lang='lat' dir='ltr'>puppes</span> <span class='ocrx_word' id='word_1_12' title='bbox 616 344 711 401; x_wconf 86' lang='lat' dir='ltr'>alieno</span> <span class='ocrx_word' id='word_1_13' title='bbox 744 320 865 419; x_wconf 81' lang='lat' dir='ltr'>remigio</span> <span class='ocrx_word' id='word_1_14' title='bbox 888 333 1176 420; x_wconf 82' lang='lat' dir='ltr'>circumagebantur3</span> 
     </span>
     <span class='ocr_line' id='line_1_3' title="bbox 109 445 1176 522; baseline 0.006 -21"><span class='ocrx_word' id='word_1_15' title='bbox 109 446 151 502; x_wconf 84' lang='lat' dir='ltr'>ita</span> <span class='ocrx_word' id='word_1_16' title='bbox 172 445 201 501; x_wconf 85' lang='lat' dir='ltr'>in</span> <span class='ocrx_word' id='word_1_17' title='bbox 224 455 290 503; x_wconf 86' lang='lat' dir='ltr'>arto</span> <span class='ocrx_word' id='word_1_18' title='bbox 310 446 423 522; x_wconf 84' lang='lat' dir='ltr'>stipatae</span> <span class='ocrx_word' id='word_1_19' title='bbox 443 457 527 504; x_wconf 76' lang='lat' dir='ltr'>erant</span> <span class='ocrx_word' id='word_1_20' title='bbox 548 467 654 519; x_wconf 87' lang='lat' dir='ltr'>naves,</span> <span class='ocrx_word' id='word_1_21' title='bbox 683 458 714 506; x_wconf 88' lang='lat' dir='ltr'>ut</span> <span class='ocrx_word' id='word_1_22' title='bbox 744 449 795 505; x_wconf 86' lang='lat' dir='ltr'>vix</span> <span class='ocrx_word' id='word_1_23' title='bbox 819 447 908 506; x_wconf 89' lang='lat' dir='ltr'>ullum</span> <span class='ocrx_word' id='word_1_24' title='bbox 931 450 1018 506; x_wconf 89' lang='lat' dir='ltr'>telum</span> <span class='ocrx_word' id='word_1_25' title='bbox 1046 450 1075 518; x_wconf 86' lang='lat' dir='ltr'>iq</span> <span class='ocrx_word' id='word_1_26' title='bbox 1101 453 1176 508; x_wconf 87' lang='lat' dir='ltr'>mari</span> 
     </span>
     <span class='ocr_line' id='line_1_4' title="bbox 109 551 1177 629; baseline 0.005 -23"><span class='ocrx_word' id='word_1_27' title='bbox 109 567 216 608; x_wconf 81' lang='lat' dir='ltr'>vanum</span> <span class='ocrx_word' id='word_1_28' title='bbox 245 551 440 620; x_wconf 81' lang='lat' dir='ltr'>interciderot;</span> <span class='ocrx_word' id='word_1_29' title='bbox 476 552 617 611; x_wconf 88' lang='lat' dir='ltr'>frontibus</span> <span class='ocrx_word' id='word_1_30' title='bbox 650 555 729 612; x_wconf 74' lang='lat' dir='ltr'>vetut</span> <span class='ocrx_word' id='word_1_31' title='bbox 758 553 910 629; x_wconf 44' lang='lat' dir='ltr'>&gt;pedestres</span> <span class='ocrx_word' id='word_1_32' title='bbox 936 554 1012 611; x_wconf 82' lang='lat' dir='ltr'>acies</span> <span class='ocrx_word' id='word_1_33' title='bbox 1035 557 1177 629; x_wconf 84' lang='lat' dir='ltr'>urgebant</span> 
     </span>
     <span class='ocr_line' id='line_1_5' title="bbox 110 655 1227 734; baseline 0.004 -22"><span class='ocrx_word' id='word_1_34' title='bbox 110 655 275 730; x_wconf 75' lang='lat' dir='ltr'>perviaeque</span> <span class='ocrx_word' id='word_1_35' title='bbox 310 671 400 714; x_wconf 80' lang='lat' dir='ltr'>nuvae</span> <span class='ocrx_word' id='word_1_36' title='bbox 432 658 629 733; x_wconf 76' lang='lat' dir='ltr'><strong>pugnantibus</strong></span> <span class='ocrx_word' id='word_1_37' title='bbox 664 664 755 716; x_wconf 80' lang='lat' dir='ltr'>erant.</span> <span class='ocrx_word' id='word_1_38' title='bbox 817 659 942 734; x_wconf 83' lang='lat' dir='ltr'>Insignis</span> <span class='ocrx_word' id='word_1_39' title='bbox 974 668 1071 716; x_wconf 86' lang='lat' dir='ltr'>tamen</span> <span class='ocrx_word' id='word_1_40' title='bbox 1087 660 1177 717; x_wconf 67' lang='lat' dir='ltr'>‘inter</span> <span class='ocrx_word' id='word_1_41' title='bbox 1192 663 1227 717; x_wconf 80' lang='lat'>14</span> 
     </span>
     <span class='ocr_line' id='line_1_6' title="bbox 111 763 1177 840; baseline 0.002 -22"><span class='ocrx_word' id='word_1_42' title='bbox 111 770 223 818; x_wconf 85' lang='lat' dir='ltr'>ceteras</span> <span class='ocrx_word' id='word_1_43' title='bbox 246 777 345 838; x_wconf 84' lang='lat' dir='ltr'>pugna</span> <span class='ocrx_word' id='word_1_44' title='bbox 366 763 421 820; x_wconf 83' lang='lat' dir='ltr'>fuit</span> <span class='ocrx_word' id='word_1_45' title='bbox 441 763 576 833; x_wconf 83' lang='lat' dir='ltr'>duarum,</span> <span class='ocrx_word' id='word_1_46' title='bbox 600 782 664 838; x_wconf 79' lang='lat' dir='ltr'>quse</span> <span class='ocrx_word' id='word_1_47' title='bbox 686 766 786 840; x_wconf 83' lang='lat' dir='ltr'>primae</span> <span class='ocrx_word' id='word_1_48' title='bbox 802 766 948 839; x_wconf 80' lang='lat' dir='ltr'>agminum</span> <span class='ocrx_word' id='word_1_49' title='bbox 972 776 1177 822; x_wconf 82' lang='lat' dir='ltr'>connumerant</span> 
     </span>
     <span class='ocr_line' id='line_1_7' title="bbox 108 854 1227 944; baseline 0.005 -22"><span class='ocrx_word' id='word_1_50' title='bbox 108 866 184 923; x_wconf 81' lang='lat' dir='ltr'>inter</span> <span class='ocrx_word' id='word_1_51' title='bbox 206 883 246 924; x_wconf 85' lang='lat' dir='ltr'>se.</span> <span class='ocrx_word' id='word_1_52' title='bbox 294 868 330 923; x_wconf 88' lang='lat' dir='ltr'>In</span> <span class='ocrx_word' id='word_1_53' title='bbox 354 869 490 925; x_wconf 84' lang='lat' dir='ltr'>Romana</span> <span class='ocrx_word' id='word_1_54' title='bbox 516 887 591 926; x_wconf 81' lang='lat' dir='ltr'>nave</span> <span class='ocrx_word' id='word_1_55' title='bbox 611 869 674 944; x_wconf 90' lang='lat' dir='ltr'>ipse</span> <span class='ocrx_word' id='word_1_56' title='bbox 697 869 848 942; x_wconf 74' lang='lat' dir='ltr'>Quinctius</span> <span class='ocrx_word' id='word_1_57' title='bbox 871 881 942 939; x_wconf 88' lang='lat' dir='ltr'>erat,</span> <span class='ocrx_word' id='word_1_58' title='bbox 964 870 994 926; x_wconf 91' lang='lat' dir='ltr'>in</span> <span class='ocrx_word' id='word_1_59' title='bbox 1016 854 1176 927; x_wconf 73' lang='lat' dir='ltr'>Tarentina</span> <span class='ocrx_word' id='word_1_60' title='bbox 1193 875 1227 928; x_wconf 77' lang='lat'>15</span> 
     </span>
     <span class='ocr_line' id='line_1_8' title="bbox 108 971 1175 1050; baseline 0.003 -22"><span class='ocrx_word' id='word_1_61' title='bbox 108 971 196 1042; x_wconf 87' lang='lat' dir='ltr'>Nico,</span> <span class='ocrx_word' id='word_1_62' title='bbox 212 973 258 1030; x_wconf 90' lang='lat' dir='ltr'>cui</span> <span class='ocrx_word' id='word_1_63' title='bbox 273 972 398 1030; x_wconf 84' lang='lat' dir='ltr'>Perconi</span> <span class='ocrx_word' id='word_1_64' title='bbox 412 971 467 1028; x_wconf 90' lang='lat' dir='ltr'>fuit</span> <span class='ocrx_word' id='word_1_65' title='bbox 481 988 652 1046; x_wconf 78' lang='lat' dir='ltr'>cognomen,</span> <span class='ocrx_word' id='word_1_66' title='bbox 673 991 731 1030; x_wconf 92' lang='lat' dir='ltr'>non</span> <span class='ocrx_word' id='word_1_67' title='bbox 744 973 860 1048; x_wconf 86' lang='lat' dir='ltr'>publico</span> <span class='ocrx_word' id='word_1_68' title='bbox 876 975 973 1046; x_wconf 90' lang='lat' dir='ltr'>modo,</span> <span class='ocrx_word' id='word_1_69' title='bbox 995 974 1045 1032; x_wconf 88' lang='lat' dir='ltr'>sed</span> <span class='ocrx_word' id='word_1_70' title='bbox 1060 976 1175 1050; x_wconf 88' lang='lat' dir='ltr'>privato</span> 
     </span>
     <span class='ocr_line' id='line_1_9' title="bbox 110 1076 1175 1153; baseline 0.004 -20"><span class='ocrx_word' id='word_1_71' title='bbox 110 1077 197 1134; x_wconf 84' lang='lat' dir='ltr'>otiam</span> <span class='ocrx_word' id='word_1_72' title='bbox 224 1078 291 1135; x_wconf 90' lang='lat' dir='ltr'>odio</span> <span class='ocrx_word' id='word_1_73' title='bbox 312 1077 424 1134; x_wconf 83' lang='lat' dir='ltr'>invisos</span> <span class='ocrx_word' id='word_1_74' title='bbox 446 1088 535 1152; x_wconf 86' lang='lat' dir='ltr'>atque</span> <span class='ocrx_word' id='word_1_75' title='bbox 556 1076 677 1134; x_wconf 88' lang='lat' dir='ltr'>infestus</span> <span class='ocrx_word' id='word_1_76' title='bbox 698 1079 849 1148; x_wconf 87' lang='lat' dir='ltr'>Romanis,</span> <span class='ocrx_word' id='word_1_77' title='bbox 872 1080 950 1153; x_wconf 91' lang='lat' dir='ltr'>quod</span> <span class='ocrx_word' id='word_1_78' title='bbox 965 1080 1026 1137; x_wconf 90' lang='lat' dir='ltr'>eius</span> <span class='ocrx_word' id='word_1_79' title='bbox 1039 1079 1175 1137; x_wconf 72' lang='lat' dir='ltr'>factionis</span> 
     </span>
     <span class='ocr_line' id='line_1_10' title="bbox 107 1163 1227 1258; baseline 0.004 -20"><span class='ocrx_word' id='word_1_80' title='bbox 107 1192 180 1252; x_wconf 88' lang='lat' dir='ltr'>erat,</span> <span class='ocrx_word' id='word_1_81' title='bbox 211 1201 275 1258; x_wconf 77' lang='lat' dir='ltr'>quae</span> <span class='ocrx_word' id='word_1_82' title='bbox 301 1180 461 1239; x_wconf 79' lang='lat' dir='ltr'>Tarentum</span> <span class='ocrx_word' id='word_1_83' title='bbox 492 1183 651 1240; x_wconf 85' lang='lat' dir='ltr'>Hannibali</span> <span class='ocrx_word' id='word_1_84' title='bbox 680 1183 858 1258; x_wconf 88' lang='lat' dir='ltr'>prodiderat.</span> <span class='ocrx_word' id='word_1_85' title='bbox 914 1186 971 1243; x_wconf 87' lang='lat' dir='ltr'>Hic</span> <span class='ocrx_word' id='word_1_86' title='bbox 1000 1186 1175 1258; x_wconf 79' lang='lat' dir='ltr'>Quinctium,</span> <span class='ocrx_word' id='word_1_87' title='bbox 1188 1163 1227 1244; x_wconf 29' lang='lat' dir='ltr'>*ta</span> 
     </span>
     <span class='ocr_line' id='line_1_11' title="bbox 108 1285 1175 1366; baseline 0.004 -23"><span class='ocrx_word' id='word_1_88' title='bbox 108 1287 196 1344; x_wconf 87' lang='lat' dir='ltr'>simul</span> <span class='ocrx_word' id='word_1_89' title='bbox 216 1298 393 1364; x_wconf 84' lang='lat' dir='ltr'>pugnantem</span> <span class='ocrx_word' id='word_1_90' title='bbox 417 1288 640 1362; x_wconf 78' lang='lat' dir='ltr'>hortantemque</span> <span class='ocrx_word' id='word_1_91' title='bbox 661 1285 749 1358; x_wconf 76' lang='lat' dir='ltr'>suos,</span> <span class='ocrx_word' id='word_1_92' title='bbox 760 1289 906 1345; x_wconf 86' lang='lat' dir='ltr'>incautum</span> <span class='ocrx_word' id='word_1_93' title='bbox 922 1290 1008 1348; x_wconf 87' lang='lat' dir='ltr'>hasta</span> <span class='ocrx_word' id='word_1_94' title='bbox 1023 1292 1175 1366; x_wconf 79' lang='lat' dir='ltr'>transfigit,</span> 
     </span>
     <span class='ocr_line' id='line_1_12' title="bbox 110 1392 1224 1469; baseline 0.004 -21"><span class='ocrx_word' id='word_1_95' title='bbox 110 1403 199 1466; x_wconf 88' lang='lat' dir='ltr'>atque</span> <span class='ocrx_word' id='word_1_96' title='bbox 224 1392 273 1449; x_wconf 90' lang='lat' dir='ltr'>ille</span> <span class='ocrx_word' id='word_1_97' title='bbox 294 1410 424 1468; x_wconf 87' lang='lat' dir='ltr'>praeceps</span> <span class='ocrx_word' id='word_1_98' title='bbox 446 1411 510 1450; x_wconf 89' lang='lat' dir='ltr'>cum</span> <span class='ocrx_word' id='word_1_99' title='bbox 534 1393 622 1449; x_wconf 86' lang='lat' dir='ltr'>armis</span> <span class='ocrx_word' id='word_1_100' title='bbox 647 1394 772 1468; x_wconf 87' lang='lat' dir='ltr'>procidit</span> <span class='ocrx_word' id='word_1_101' title='bbox 801 1404 868 1451; x_wconf 87' lang='lat' dir='ltr'>ante</span> <span class='ocrx_word' id='word_1_102' title='bbox 887 1413 1016 1469; x_wconf 84' lang='lat' dir='ltr'>proram.</span> <span class='ocrx_word' id='word_1_103' title='bbox 1072 1396 1224 1454; x_wconf 73' lang='lat' dir='ltr'>Victorii</span> 
     </span>
     <span class='ocr_line' id='line_1_13' title="bbox 97 1495 1173 1576; baseline 0 -22"><span class='ocrx_word' id='word_1_104' title='bbox 97 1495 285 1560; x_wconf 64' lang='lat' dir='ltr'>,Tarentinus</span> <span class='ocrx_word' id='word_1_105' title='bbox 315 1497 344 1554; x_wconf 93' lang='lat' dir='ltr'>in</span> <span class='ocrx_word' id='word_1_106' title='bbox 372 1497 518 1554; x_wconf 86' lang='lat' dir='ltr'>turbatam</span> <span class='ocrx_word' id='word_1_107' title='bbox 550 1498 622 1554; x_wconf 86' lang='lat' dir='ltr'>duce</span> <span class='ocrx_word' id='word_1_108' title='bbox 656 1498 766 1555; x_wconf 89' lang='lat' dir='ltr'>amisso</span> <span class='ocrx_word' id='word_1_109' title='bbox 794 1517 902 1576; x_wconf 85' lang='lat' dir='ltr'>navem</span> <span class='ocrx_word' id='word_1_110' title='bbox 926 1498 1048 1574; x_wconf 84' lang='lat' dir='ltr'>impigre</span> <span class='ocrx_word' id='word_1_111' title='bbox 1077 1508 1173 1554; x_wconf 88' lang='lat' dir='ltr'>trans-</span> 
     </span>
     <span class='ocr_line' id='line_1_14' title="bbox 109 1604 1172 1679; baseline 0.001 -21"><span class='ocrx_word' id='word_1_112' title='bbox 109 1618 227 1676; x_wconf 84' lang='lat' dir='ltr'>gressus</span> <span class='ocrx_word' id='word_1_113' title='bbox 250 1621 337 1676; x_wconf 90' lang='lat' dir='ltr'>quum</span> <span class='ocrx_word' id='word_1_114' title='bbox 361 1604 564 1660; x_wconf 82' lang='lat' dir='ltr'>summovisset</span> <span class='ocrx_word' id='word_1_115' title='bbox 585 1604 692 1673; x_wconf 90' lang='lat' dir='ltr'>hostes,</span> <span class='ocrx_word' id='word_1_116' title='bbox 716 1614 744 1660; x_wconf 92' lang='lat' dir='ltr'>et</span> <span class='ocrx_word' id='word_1_117' title='bbox 765 1621 854 1679; x_wconf 87' lang='lat' dir='ltr'>prora</span> <span class='ocrx_word' id='word_1_118' title='bbox 875 1605 933 1660; x_wconf 86' lang='lat' dir='ltr'>iarn</span> <span class='ocrx_word' id='word_1_119' title='bbox 949 1605 1172 1661; x_wconf 86' lang='lat' dir='ltr'>Tarentinorum</span> 
     </span>
     <span class='ocr_line' id='line_1_15' title="bbox 107 1707 1202 1784; baseline 0.002 -21"><span class='ocrx_word' id='word_1_120' title='bbox 107 1717 193 1776; x_wconf 81' lang='lat' dir='ltr'>esset,</span> <span class='ocrx_word' id='word_1_121' title='bbox 222 1708 343 1782; x_wconf 88' lang='lat' dir='ltr'>puppim</span> <span class='ocrx_word' id='word_1_122' title='bbox 367 1708 443 1765; x_wconf 89' lang='lat' dir='ltr'>male</span> <span class='ocrx_word' id='word_1_123' title='bbox 475 1707 641 1783; x_wconf 87' lang='lat' dir='ltr'>conglobati</span> <span class='ocrx_word' id='word_1_124' title='bbox 663 1717 810 1766; x_wconf 89' lang='lat' dir='ltr'>tuerentur</span> <span class='ocrx_word' id='word_1_125' title='bbox 831 1710 972 1777; x_wconf 90' lang='lat' dir='ltr'>Romani,</span> <span class='ocrx_word' id='word_1_126' title='bbox 1002 1719 1120 1784; x_wconf 89' lang='lat' dir='ltr'>repente</span> <span class='ocrx_word' id='word_1_127' title='bbox 1145 1720 1175 1766; x_wconf 88' lang='lat' dir='ltr'>et</span> <span class='ocrx_word' id='word_1_128' title='bbox 1198 1734 1202 1742; x_wconf 64' lang='grc'>’</span> 
     </span>
     <span class='ocr_line' id='line_1_16' title="bbox 106 1811 1225 1889; baseline 0.003 -21"><span class='ocrx_word' id='word_1_129' title='bbox 106 1811 167 1868; x_wconf 85' lang='lat' dir='ltr'>alia</span> <span class='ocrx_word' id='word_1_130' title='bbox 189 1831 207 1868; x_wconf 89' lang='lat' dir='ltr'>a</span> <span class='ocrx_word' id='word_1_131' title='bbox 228 1831 327 1888; x_wconf 90' lang='lat' dir='ltr'>puppe</span> <span class='ocrx_word' id='word_1_132' title='bbox 349 1813 473 1870; x_wconf 79' lang='lat' dir='ltr'>triremis</span> <span class='ocrx_word' id='word_1_133' title='bbox 495 1813 620 1870; x_wconf 88' lang='lat' dir='ltr'>hostium</span> <span class='ocrx_word' id='word_1_134' title='bbox 641 1815 789 1889; x_wconf 81' lang='lat' dir='ltr'>apparuit3</span> <span class='ocrx_word' id='word_1_135' title='bbox 818 1813 860 1869; x_wconf 88' lang='lat' dir='ltr'>ita</span> <span class='ocrx_word' id='word_1_136' title='bbox 881 1814 910 1869; x_wconf 93' lang='lat' dir='ltr'>in</span> <span class='ocrx_word' id='word_1_137' title='bbox 932 1814 1028 1870; x_wconf 90' lang='lat' dir='ltr'>medio</span> <span class='ocrx_word' id='word_1_138' title='bbox 1051 1815 1174 1870; x_wconf 80' lang='lat' dir='ltr'>circum·</span> <span class='ocrx_word' id='word_1_139' title='bbox 1192 1818 1225 1872; x_wconf 83' lang='grc'>18</span> 
     </span>
     <span class='ocr_line' id='line_1_17' title="bbox 107 1918 1175 1993; baseline 0.002 -21"><span class='ocrx_word' id='word_1_140' title='bbox 107 1926 196 1973; x_wconf 83' lang='lat' dir='ltr'>venta</span> <span class='ocrx_word' id='word_1_141' title='bbox 215 1918 349 1975; x_wconf 87' lang='lat' dir='ltr'>Romana</span> <span class='ocrx_word' id='word_1_142' title='bbox 370 1918 455 1974; x_wconf 83' lang='lat' dir='ltr'>navis</span> <span class='ocrx_word' id='word_1_143' title='bbox 477 1919 599 1993; x_wconf 88' lang='lat' dir='ltr'>capitur.</span> <span class='ocrx_word' id='word_1_144' title='bbox 644 1919 720 1975; x_wconf 89' lang='lat' dir='ltr'>Hinc</span> <span class='ocrx_word' id='word_1_145' title='bbox 743 1919 844 1976; x_wconf 85' lang='lat' dir='ltr'>ceteris</span> <span class='ocrx_word' id='word_1_146' title='bbox 866 1927 960 1975; x_wconf 89' lang='lat' dir='ltr'>terror</span> <span class='ocrx_word' id='word_1_147' title='bbox 980 1919 1111 1989; x_wconf 89' lang='lat' dir='ltr'>iniectus,</span> <span class='ocrx_word' id='word_1_148' title='bbox 1131 1920 1175 1975; x_wconf 87' lang='lat' dir='ltr'>uti</span> 
     </span>
     <span class='ocr_line' id='line_1_18' title="bbox 107 2021 1174 2107; baseline 0.002 -29"><span class='ocrx_word' id='word_1_149' title='bbox 107 2021 273 2096; x_wconf 70' lang='lat' dir='ltr'>pretorium</span> <span class='ocrx_word' id='word_1_150' title='bbox 306 2040 408 2081; x_wconf 87' lang='lat' dir='ltr'>navem</span> <span class='ocrx_word' id='word_1_151' title='bbox 427 2034 557 2098; x_wconf 54' lang='lat' dir='ltr'>⁸captam</span> <span class='ocrx_word' id='word_1_152' title='bbox 591 2023 699 2093; x_wconf 88' lang='lat' dir='ltr'>videre,</span> <span class='ocrx_word' id='word_1_153' title='bbox 735 2023 936 2099; x_wconf 67' lang='lat' dir='ltr'>fugientesque</span> <span class='ocrx_word' id='word_1_154' title='bbox 967 2025 1076 2099; x_wconf 89' lang='lat' dir='ltr'>passim</span> <span class='ocrx_word' id='word_1_155' title='bbox 1110 2024 1174 2107; x_wconf 78' lang='lat' dir='ltr'>etiae</span> 
     </span>
     <span class='ocr_line' id='line_1_19' title="bbox 106 2126 1174 2205; baseline 0.004 -23"><span class='ocrx_word' id='word_1_156' title='bbox 106 2127 135 2182; x_wconf 92' lang='lat' dir='ltr'>in</span> <span class='ocrx_word' id='word_1_157' title='bbox 159 2127 218 2183; x_wconf 85' lang='lat' dir='ltr'>aito</span> <span class='ocrx_word' id='word_1_158' title='bbox 244 2144 360 2195; x_wconf 79' lang='lat' dir='ltr'>mersa,</span> <span class='ocrx_word' id='word_1_159' title='bbox 395 2126 458 2182; x_wconf 88' lang='lat' dir='ltr'>aliae</span> <span class='ocrx_word' id='word_1_160' title='bbox 490 2127 519 2182; x_wconf 91' lang='lat' dir='ltr'>in</span> <span class='ocrx_word' id='word_1_161' title='bbox 552 2138 658 2185; x_wconf 86' lang='lat' dir='ltr'>terram</span> <span class='ocrx_word' id='word_1_162' title='bbox 691 2130 778 2186; x_wconf 84' lang='lat' dir='ltr'>remis</span> <span class='ocrx_word' id='word_1_163' title='bbox 805 2130 936 2203; x_wconf 83' lang='lat' dir='ltr'>abreptae</span> <span class='ocrx_word' id='word_1_164' title='bbox 969 2149 1037 2187; x_wconf 85' lang='lat' dir='ltr'>mox</span> <span class='ocrx_word' id='word_1_165' title='bbox 1069 2131 1174 2205; x_wconf 85' lang='lat' dir='ltr'>praedoe</span> 
     </span>
     <span class='ocr_line' id='line_1_20' title="bbox 105 2230 1224 2308; baseline 0.005 -21"><span class='ocrx_word' id='word_1_166' title='bbox 105 2230 187 2288; x_wconf 89' lang='lat' dir='ltr'>fuere</span> <span class='ocrx_word' id='word_1_167' title='bbox 222 2232 359 2289; x_wconf 81' lang='lat' dir='ltr'>Thurinis</span> <span class='ocrx_word' id='word_1_168' title='bbox 403 2233 679 2308; x_wconf 84' lang='lat' dir='ltr'>Metapontiuisque.</span> <span class='ocrx_word' id='word_1_169' title='bbox 745 2235 793 2291; x_wconf 87' lang='lat' dir='ltr'>Ex</span> <span class='ocrx_word' id='word_1_170' title='bbox 826 2232 980 2305; x_wconf 85' lang='lat' dir='ltr'>onerariis,</span> <span class='ocrx_word' id='word_1_171' title='bbox 1018 2252 1081 2307; x_wconf 81' lang='lat' dir='ltr'>quae</span> <span class='ocrx_word' id='word_1_172' title='bbox 1114 2251 1173 2289; x_wconf 85' lang='lat' dir='ltr'>cam</span> <span class='ocrx_word' id='word_1_173' title='bbox 1191 2238 1224 2292; x_wconf 85' lang='grc'>19</span> 
     </span>
     <span class='ocr_line' id='line_1_21' title="bbox 105 2337 1173 2414; baseline 0 -21"><span class='ocrx_word' id='word_1_174' title='bbox 105 2348 269 2394; x_wconf 74' lang='lat' dir='ltr'>commeatu</span> <span class='ocrx_word' id='word_1_175' title='bbox 285 2341 492 2411; x_wconf 78' lang='lat' dir='ltr'>sequebantur,</span> <span class='ocrx_word' id='word_1_176' title='bbox 513 2356 666 2413; x_wconf 74' lang='lat' dir='ltr'>perpaucae</span> <span class='ocrx_word' id='word_1_177' title='bbox 680 2340 709 2396; x_wconf 92' lang='lat' dir='ltr'>in</span> <span class='ocrx_word' id='word_1_178' title='bbox 724 2348 897 2414; x_wconf 85' lang='lat' dir='ltr'>potestatem</span> <span class='ocrx_word' id='word_1_179' title='bbox 913 2337 1038 2410; x_wconf 91' lang='lat' dir='ltr'>hostium</span> <span class='ocrx_word' id='word_1_180' title='bbox 1054 2357 1173 2405; x_wconf 69' lang='lat' dir='ltr'>veneret</span> 
     </span>
     <span class='ocr_line' id='line_1_22' title="bbox 107 2434 1173 2517; baseline -0.001 -20"><span class='ocrx_word' id='word_1_181' title='bbox 107 2441 172 2498; x_wconf 86' lang='lat' dir='ltr'>aliae</span> <span class='ocrx_word' id='word_1_182' title='bbox 195 2444 231 2498; x_wconf 86' lang='lat' dir='ltr'>ad</span> <span class='ocrx_word' id='word_1_183' title='bbox 252 2439 378 2500; x_wconf 75' lang='lat' dir='ltr'>¹incertos</span> <span class='ocrx_word' id='word_1_184' title='bbox 400 2434 503 2498; x_wconf 79' lang='lat' dir='ltr'>soiitos</span> <span class='ocrx_word' id='word_1_185' title='bbox 528 2443 594 2499; x_wconf 86' lang='lat' dir='ltr'>hino</span> <span class='ocrx_word' id='word_1_186' title='bbox 617 2452 705 2517; x_wconf 89' lang='lat' dir='ltr'>atque</span> <span class='ocrx_word' id='word_1_187' title='bbox 729 2444 806 2500; x_wconf 86' lang='lat' dir='ltr'>illinc</span> <span class='ocrx_word' id='word_1_188' title='bbox 825 2443 946 2517; x_wconf 89' lang='lat' dir='ltr'>obliqua</span> <span class='ocrx_word' id='word_1_189' title='bbox 968 2441 1173 2498; x_wconf 79' lang='lat' dir='ltr'>transferentes</span> 
     </span>
     <span class='ocr_line' id='line_1_23' title="bbox 109 2545 732 2623; baseline 0.003 -22"><span class='ocrx_word' id='word_1_190' title='bbox 109 2545 176 2602; x_wconf 87' lang='lat' dir='ltr'>vela</span> <span class='ocrx_word' id='word_1_191' title='bbox 197 2546 225 2602; x_wconf 91' lang='lat' dir='ltr'>in</span> <span class='ocrx_word' id='word_1_192' title='bbox 249 2546 337 2603; x_wconf 90' lang='lat' dir='ltr'>altum</span> <span class='ocrx_word' id='word_1_193' title='bbox 363 2557 470 2604; x_wconf 80' lang='lat' dir='ltr'>evectae</span> <span class='ocrx_word' id='word_1_194' title='bbox 491 2558 566 2603; x_wconf 89' lang='lat' dir='ltr'>sant.</span> <span class='ocrx_word' id='word_1_195' title='bbox 731 2620 732 2623; x_wconf 7' lang='grc' dir='ltr'><strong>Ἴ</strong></span> 
     </span>
     <span class='ocr_line' id='line_1_24' title="bbox 150 2649 1223 2728; baseline -0.002 -22"><span class='ocrx_word' id='word_1_196' title='bbox 150 2667 153 2671; x_wconf 62' lang='grc'><em>“</em></span> <span class='ocrx_word' id='word_1_197' title='bbox 191 2651 387 2725; x_wconf 83' lang='lat' dir='ltr'>Nequaquam</span> <span class='ocrx_word' id='word_1_198' title='bbox 411 2650 475 2725; x_wconf 90' lang='lat' dir='ltr'>pari</span> <span class='ocrx_word' id='word_1_199' title='bbox 501 2649 618 2708; x_wconf 88' lang='lat' dir='ltr'>fortuna</span> <span class='ocrx_word' id='word_1_200' title='bbox 639 2671 692 2726; x_wconf 86' lang='lat' dir='ltr'>per</span> <span class='ocrx_word' id='word_1_201' title='bbox 713 2670 763 2709; x_wconf 89' lang='lat' dir='ltr'>eos</span> <span class='ocrx_word' id='word_1_202' title='bbox 785 2653 845 2709; x_wconf 88' lang='lat' dir='ltr'>dics</span> <span class='ocrx_word' id='word_1_203' title='bbox 867 2653 989 2709; x_wconf 87' lang='lat' dir='ltr'>Tarenti</span> <span class='ocrx_word' id='word_1_204' title='bbox 1010 2672 1056 2708; x_wconf 89' lang='lat' dir='ltr'>ros</span> <span class='ocrx_word' id='word_1_205' title='bbox 1078 2662 1170 2728; x_wconf 82' lang='lat' dir='ltr'>gesta.</span> <span class='ocrx_word' id='word_1_206' title='bbox 1185 2651 1223 2704; x_wconf 87' lang='grc'>20</span> 
     </span>
    </p>

    <p class='ocr_par' dir='ltr' id='par_1_3' title="bbox 74 2753 1222 3879">
     <span class='ocr_line' id='line_1_25' title="bbox 74 2753 1171 2831; baseline 0.003 -21"><span class='ocrx_word' id='word_1_207' title='bbox 74 2812 75 2816; x_wconf 63' lang='grc'>,</span> <span class='ocrx_word' id='word_1_208' title='bbox 106 2753 185 2811; x_wconf 86' lang='lat' dir='ltr'>Nam</span> <span class='ocrx_word' id='word_1_209' title='bbox 211 2755 248 2810; x_wconf 89' lang='lat' dir='ltr'>ad</span> <span class='ocrx_word' id='word_1_210' title='bbox 272 2763 409 2828; x_wconf 88' lang='lat' dir='ltr'>quattuor</span> <span class='ocrx_word' id='word_1_211' title='bbox 431 2755 521 2811; x_wconf 87' lang='lat' dir='ltr'>millia</span> <span class='ocrx_word' id='word_1_212' title='bbox 542 2755 689 2812; x_wconf 91' lang='lat' dir='ltr'>hominum</span> <span class='ocrx_word' id='word_1_213' title='bbox 714 2755 920 2813; x_wconf 87' lang='lat' dir='ltr'>frumentatum</span> <span class='ocrx_word' id='word_1_214' title='bbox 946 2775 1063 2831; x_wconf 85' lang='lat' dir='ltr'>egressa</span> <span class='ocrx_word' id='word_1_215' title='bbox 1084 2775 1171 2830; x_wconf 90' lang='lat' dir='ltr'>quum</span> 
     </span>
     <span class='ocr_line' id='line_1_26' title="bbox 105 2858 1220 2937; baseline 0.001 -24"><span class='ocrx_word' id='word_1_216' title='bbox 105 2858 134 2913; x_wconf 89' lang='lat' dir='ltr'>in</span> <span class='ocrx_word' id='word_1_217' title='bbox 167 2859 245 2933; x_wconf 80' lang='lat' dir='ltr'>agris</span> <span class='ocrx_word' id='word_1_218' title='bbox 278 2860 386 2933; x_wconf 88' lang='lat' dir='ltr'>passim</span> <span class='ocrx_word' id='word_1_219' title='bbox 419 2867 610 2935; x_wconf 86' lang='lat' dir='ltr'>vagarentur,</span> <span class='ocrx_word' id='word_1_220' title='bbox 652 2860 771 2932; x_wconf 86' lang='lat' dir='ltr'>Livius,</span> <span class='ocrx_word' id='word_1_221' title='bbox 805 2860 855 2934; x_wconf 89' lang='lat' dir='ltr'>qui</span> <span class='ocrx_word' id='word_1_222' title='bbox 887 2861 947 2917; x_wconf 89' lang='lat' dir='ltr'>arci</span> <span class='ocrx_word' id='word_1_223' title='bbox 980 2861 1172 2937; x_wconf 86' lang='lat' dir='ltr'>praesidioque</span> <span class='ocrx_word' id='word_1_224' title='bbox 1185 2861 1220 2915; x_wconf 80' lang='lat' dir='ltr'>tt</span> 
     </span>
     <span class='ocr_line' id='line_1_27' title="bbox 106 2964 1172 3040; baseline 0.002 -21"><span class='ocrx_word' id='word_1_225' title='bbox 106 2964 241 3021; x_wconf 86' lang='lat' dir='ltr'>Romano</span> <span class='ocrx_word' id='word_1_226' title='bbox 266 2976 406 3039; x_wconf 75' lang='lat' dir='ltr'>praeerat,</span> <span class='ocrx_word' id='word_1_227' title='bbox 424 3015 425 3019; x_wconf 70' lang='grc'>,</span> <span class='ocrx_word' id='word_1_228' title='bbox 440 2966 565 3023; x_wconf 87' lang='lat' dir='ltr'>intentus</span> <span class='ocrx_word' id='word_1_229' title='bbox 594 2965 625 3021; x_wconf 89' lang='lat' dir='ltr'>in</span> <span class='ocrx_word' id='word_1_230' title='bbox 651 2984 751 3023; x_wconf 90' lang='lat' dir='ltr'>omnes</span> <span class='ocrx_word' id='word_1_231' title='bbox 781 2965 947 3023; x_wconf 87' lang='lat' dir='ltr'>occasiones</span> <span class='ocrx_word' id='word_1_232' title='bbox 969 2966 1101 3040; x_wconf 76' lang='lat' dir='ltr'>gerendae</span> <span class='ocrx_word' id='word_1_233' title='bbox 1121 2965 1172 3032; x_wconf 89' lang='lat' dir='ltr'>rei,</span> 
     </span>
     <span class='ocr_line' id='line_1_28' title="bbox 85 3068 1172 3146; baseline -0.001 -20"><span class='ocrx_word' id='word_1_234' title='bbox 85 3068 139 3133; x_wconf 19' lang='lat' dir='ltr'>(C.</span> <span class='ocrx_word' id='word_1_235' title='bbox 164 3070 296 3127; x_wconf 92' lang='lat' dir='ltr'>Persium</span> <span class='ocrx_word' id='word_1_236' title='bbox 318 3070 473 3146; x_wconf 86' lang='lat' dir='ltr'>impigrum</span> <span class='ocrx_word' id='word_1_237' title='bbox 495 3071 590 3128; x_wconf 89' lang='lat' dir='ltr'>virum</span> <span class='ocrx_word' id='word_1_238' title='bbox 613 3089 676 3127; x_wconf 90' lang='lat' dir='ltr'>cum</span> <span class='ocrx_word' id='word_1_239' title='bbox 700 3071 813 3128; x_wconf 89' lang='lat' dir='ltr'>duobus</span> <span class='ocrx_word' id='word_1_240' title='bbox 835 3071 959 3129; x_wconf 90' lang='lat' dir='ltr'>millibus</span> <span class='ocrx_word' id='word_1_241' title='bbox 978 3081 1006 3128; x_wconf 91' lang='lat' dir='ltr'>et</span> <span class='ocrx_word' id='word_1_242' title='bbox 1021 3073 1172 3146; x_wconf 76' lang='lat' dir='ltr'>qainpmtia</span> 
     </span>
     <span class='ocr_line' id='line_1_29' title="bbox 106 3175 1222 3252; baseline -0.003 -20"><span class='ocrx_word' id='word_1_243' title='bbox 106 3184 288 3232; x_wconf 83' lang='lat' dir='ltr'>armatorum</span> <span class='ocrx_word' id='word_1_244' title='bbox 312 3192 349 3231; x_wconf 88' lang='lat' dir='ltr'>ex</span> <span class='ocrx_word' id='word_1_245' title='bbox 371 3192 440 3231; x_wconf 85' lang='lat' dir='ltr'>aree</span> <span class='ocrx_word' id='word_1_246' title='bbox 460 3175 571 3246; x_wconf 81' lang='lat' dir='ltr'>emisit,</span> <span class='ocrx_word' id='word_1_247' title='bbox 602 3177 651 3250; x_wconf 92' lang='lat' dir='ltr'>qui</span> <span class='ocrx_word' id='word_1_248' title='bbox 675 3193 750 3252; x_wconf 87' lang='lat' dir='ltr'>vage</span> <span class='ocrx_word' id='word_1_249' title='bbox 776 3175 884 3234; x_wconf 81' lang='lat' dir='ltr'>effusos</span> <span class='ocrx_word' id='word_1_250' title='bbox 906 3193 1067 3252; x_wconf 84' lang='lat' dir='ltr'>peragras</span> <span class='ocrx_word' id='word_1_251' title='bbox 1090 3175 1171 3251; x_wconf 81' lang='lat' dir='ltr'>pala·</span> <span class='ocrx_word' id='word_1_252' title='bbox 1185 3176 1222 3230; x_wconf 83' lang='lat'>22</span> 
     </span>
     <span class='ocr_line' id='line_1_30' title="bbox 104 3279 1171 3359; baseline 0.005 -24"><span class='ocrx_word' id='word_1_253' title='bbox 104 3289 211 3354; x_wconf 88' lang='lat' dir='ltr'>tosque</span> <span class='ocrx_word' id='word_1_254' title='bbox 233 3281 354 3337; x_wconf 88' lang='lat' dir='ltr'>adortus</span> <span class='ocrx_word' id='word_1_255' title='bbox 379 3296 467 3352; x_wconf 91' lang='lat' dir='ltr'>quum</span> <span class='ocrx_word' id='word_1_256' title='bbox 489 3279 538 3335; x_wconf 89' lang='lat' dir='ltr'>diu</span> <span class='ocrx_word' id='word_1_257' title='bbox 561 3283 669 3357; x_wconf 86' lang='lat' dir='ltr'>passim</span> <span class='ocrx_word' id='word_1_258' title='bbox 694 3283 851 3354; x_wconf 87' lang='lat' dir='ltr'>cecidisset,</span> <span class='ocrx_word' id='word_1_259' title='bbox 873 3301 984 3359; x_wconf 88' lang='lat' dir='ltr'>paucos</span> <span class='ocrx_word' id='word_1_260' title='bbox 1007 3302 1043 3339; x_wconf 89' lang='lat' dir='ltr'>ex</span> <span class='ocrx_word' id='word_1_261' title='bbox 1066 3280 1171 3340; x_wconf 75' lang='lat' dir='ltr'>multis.</span> 
     </span>
     <span class='ocr_line' id='line_1_31' title="bbox 105 3384 1170 3463; baseline 0.002 -24"><span class='ocrx_word' id='word_1_262' title='bbox 105 3385 220 3458; x_wconf 87' lang='lat' dir='ltr'>trepida</span> <span class='ocrx_word' id='word_1_263' title='bbox 240 3385 311 3462; x_wconf 83' lang='lat' dir='ltr'>fuga</span> <span class='ocrx_word' id='word_1_264' title='bbox 333 3384 491 3442; x_wconf 88' lang='lat' dir='ltr'>incidentes</span> <span class='ocrx_word' id='word_1_265' title='bbox 513 3387 693 3462; x_wconf 87' lang='lat' dir='ltr'>semiapertis</span> <span class='ocrx_word' id='word_1_266' title='bbox 714 3396 864 3463; x_wconf 87' lang='lat' dir='ltr'>portarum</span> <span class='ocrx_word' id='word_1_267' title='bbox 877 3387 999 3458; x_wconf 82' lang='lat' dir='ltr'>foribus,</span> <span class='ocrx_word' id='word_1_268' title='bbox 1020 3388 1049 3444; x_wconf 91' lang='lat' dir='ltr'>in</span> <span class='ocrx_word' id='word_1_269' title='bbox 1072 3387 1170 3443; x_wconf 87' lang='lat' dir='ltr'>urbem</span> 
     </span>
     <span class='ocr_line' id='line_1_32' title="bbox 106 3489 1171 3568; baseline 0.002 -24"><span class='ocrx_word' id='word_1_270' title='bbox 106 3489 246 3563; x_wconf 88' lang='lat' dir='ltr'>compulit</span> <span class='ocrx_word' id='word_1_271' title='bbox 268 3508 358 3564; x_wconf 80' lang='lat' dir='ltr'>neque</span> <span class='ocrx_word' id='word_1_272' title='bbox 379 3493 493 3547; x_wconf 81' lang='lat' dir='ltr'>multum</span> <span class='ocrx_word' id='word_1_273' title='bbox 513 3490 612 3565; x_wconf 73' lang='lat' dir='ltr'>abfuit,</span> <span class='ocrx_word' id='word_1_274' title='bbox 635 3496 700 3568; x_wconf 84' lang='lat' dir='ltr'>qm&#39;a</span> <span class='ocrx_word' id='word_1_275' title='bbox 722 3494 790 3550; x_wconf 86' lang='lat' dir='ltr'>urbs</span> <span class='ocrx_word' id='word_1_276' title='bbox 813 3494 914 3551; x_wconf 90' lang='lat' dir='ltr'>eodem</span> <span class='ocrx_word' id='word_1_277' title='bbox 928 3493 1037 3568; x_wconf 88' lang='lat' dir='ltr'>impetu</span> <span class='ocrx_word' id='word_1_278' title='bbox 1054 3509 1171 3566; x_wconf 87' lang='lat' dir='ltr'>capere·</span> 
     </span>
     <span class='ocr_line' id='line_1_33' title="bbox 107 3595 1222 3669; baseline 0.001 -20"><span class='ocrx_word' id='word_1_279' title='bbox 107 3605 161 3650; x_wconf 88' lang='lat' dir='ltr'>tur.</span> <span class='ocrx_word' id='word_1_280' title='bbox 210 3595 258 3651; x_wconf 89' lang='lat' dir='ltr'>Ita</span> <span class='ocrx_word' id='word_1_281' title='bbox 280 3604 401 3669; x_wconf 72' lang='lat' dir='ltr'>aequatae</span> <span class='ocrx_word' id='word_1_282' title='bbox 422 3615 472 3653; x_wconf 88' lang='lat' dir='ltr'>rea</span> <span class='ocrx_word' id='word_1_283' title='bbox 495 3598 532 3654; x_wconf 83' lang='lat' dir='ltr'>ad</span> <span class='ocrx_word' id='word_1_284' title='bbox 555 3598 725 3669; x_wconf 82' lang='lat' dir='ltr'>Tarentum,</span> <span class='ocrx_word' id='word_1_285' title='bbox 746 3601 888 3657; x_wconf 87' lang='lat' dir='ltr'>Romanis</span> <span class='ocrx_word' id='word_1_286' title='bbox 910 3599 1067 3658; x_wconf 86' lang='lat' dir='ltr'>victoribus</span> <span class='ocrx_word' id='word_1_287' title='bbox 1089 3608 1172 3666; x_wconf 80' lang='lat' dir='ltr'>terro,</span> <span class='ocrx_word' id='word_1_288' title='bbox 1186 3597 1222 3650; x_wconf 88' lang='grc'>23</span> 
     </span>
     <span class='ocr_line' id='line_1_34' title="bbox 110 3698 1171 3776; baseline 0.003 -23"><span class='ocrx_word' id='word_1_289' title='bbox 110 3698 361 3759; x_wconf 63' lang='lat' dir='ltr'>tarantasmum.</span> <span class='ocrx_word' id='word_1_290' title='bbox 393 3702 541 3759; x_wconf 82' lang='lat' dir='ltr'>Frumenti</span> <span class='ocrx_word' id='word_1_291' title='bbox 558 3719 634 3775; x_wconf 91' lang='lat' dir='ltr'>spes,</span> <span class='ocrx_word' id='word_1_292' title='bbox 655 3719 721 3776; x_wconf 82' lang='lat' dir='ltr'>quae</span> <span class='ocrx_word' id='word_1_293' title='bbox 742 3706 770 3760; x_wconf 90' lang='lat' dir='ltr'>iu</span> <span class='ocrx_word' id='word_1_294' title='bbox 795 3705 886 3762; x_wconf 83' lang='lat' dir='ltr'>oculis</span> <span class='ocrx_word' id='word_1_295' title='bbox 907 3705 1011 3771; x_wconf 78' lang='lat' dir='ltr'>fuerat,</span> <span class='ocrx_word' id='word_1_296' title='bbox 1033 3713 1171 3775; x_wconf 86' lang='lat' dir='ltr'>utrosque</span> 
     </span>
     <span class='ocr_line' id='line_1_35' title="bbox 105 3805 383 3879; baseline 0 -18"><span class='ocrx_word' id='word_1_297' title='bbox 105 3805 246 3864; x_wconf 84' lang='lat' dir='ltr'>frustrata</span> <span class='ocrx_word' id='word_1_298' title='bbox 267 3807 383 3879; x_wconf 86' lang='lat' dir='ltr'>pariter.</span> 
     </span>
    </p>
   </div>
   <div class='ocr_carea' id='block_1_3' title="bbox 0 0 1354 4426">
    <p class='ocr_par' dir='ltr' id='par_1_4' title="bbox 0 0 1354 4426">
     <span class='ocr_line' id='line_1_36' title="bbox 0 0 1354 4426; baseline 0 1"><span class='ocrx_word' id='word_1_299' title='bbox 0 0 1354 4426; x_wconf 95' lang='lat' dir='ltr'> </span> 
     </span>
    </p>
   </div>
  </div>
 </body>
</html>
