2680 4546
297 263 336 322 68
561 259 639 311 urse
656 259 771 310 xxrn.
809 262 1018 324 (inens)

252 439 401 521 comperti
424 443 469 502 his
490 443 552 503 lere
571 443 769 520 congruentis,
793 463 859 520 quas
880 446 910 502 iu
929 443 1031 501 litteris
1052 443 1177 501 fuerant
1196 442 1240 502 M.
1256 441 1309 498 lla·

251 552 314 610 lsrii
340 550 496 610 Messallis.
548 549 679 608 Maxime
707 550 800 608 morit
829 561 927 626 patres
955 549 1159 608 Hasdrubalis
1190 545 1309 603 transitus

222 657 282 718 lin
298 655 424 728 ltaliam,
446 657 497 713 vix
512 655 673 714 Hannibali
695 665 783 731 atque
805 657 867 714 eius
889 655 978 714 armis
999 655 1222 713 subsistentem.
1251 653 1313 710 Pru

252 763 354 822 ductus
380 771 408 820 st
434 762 464 820 in
490 761 653 819 contionem
677 761 782 819 Laelius
805 763 905 819 eadem
929 761 1088 823 edisseruit.
1139 759 1266 820 sennes
1283 755 1313 811 ob

251 887 299 928 res
320 867 442 926 feliciter
468 886 487 925 a
508 867 543 924 Ρ.
558 865 695 942 Scipione
716 876 814 942 gestas
837 869 1063 943 supplicationem
1082 868 1113 924 iu
1136 883 1233 922 uuum
1254 863 1315 918 dien

253 973 395 1042 decrevit3
434 970 468 1030 (l.
503 971 623 1029 Lelium
657 971 752 1048 primo
786 990 903 1048 quoque
935 983 1083 1049 tempore,
1116 989 1193 1029 cum
1227 968 1315 1043 quibus

222 1081 374 1138 5venerat
394 1077 538 1150 navibus,
570 1077 664 1134 redire
685 1075 714 1132 in
736 1075 910 1153 Hispaniam
933 1078 1025 1138 iussit.
1059 1111 1099 1121 -
1137 1073 1316 1149 Carthaginis

253 1183 498 1262 expugnationem
519 1183 549 1240 in
570 1183 647 1241 huuc
669 1200 775 1240 sunum
795 1183 904 1241 contuli
924 1183 1023 1240 multis
1045 1183 1232 1250 unctoribus,
1252 1177 1317 1235 houd

252 1291 374 1362 nescius,
390 1288 531 1364 quosdam
555 1307 628 1358 esse,
650 1288 699 1364 qui
721 1306 797 1345 auno
819 1288 981 1364 insequenti
1007 1299 1122 1365 captam
1143 1285 1316 1347 metueret

223 1395 332 1474 bquod
353 1394 424 1474 mibi
445 1394 538 1452 miuus
560 1393 653 1451 simile
674 1393 737 1450 veri
758 1393 851 1451 visum
874 1403 935 1460 est,
962 1411 1069 1450 aunum
1092 1393 1246 1469 integrum
1266 1387 1316 1447 Sci·

253 1503 368 1581 pionem
390 1501 460 1558 nihil
481 1500 611 1576 gerundo
632 1499 662 1556 iu
684 1499 829 1575 Hispania
851 1499 1074 1575 consumpsisse.

225 1609 241 1662 'l
345 1605 381 1679 Q.
404 1605 499 1662 Fabio
521 1605 653 1663 Maximo
678 1606 824 1680 quintum,
857 1605 894 1678 Q.
918 1605 1024 1663 Fulvio
1047 1605 1159 1662 Flacco
1191 1607 1313 1677 quartum

73 1685 243 1814 Agucgggg:
255 1711 430 1782 consulibus,
452 1710 548 1768 idibus
570 1709 695 1781 Martiis,
718 1729 776 1785 quo
798 1711 845 1767 die
860 1711 1063 1785 magistratum
1078 1710 1220 1778 inierunt,
1240 1703 1313 1763 ltalia

255 1817 397 1875 ambobus
409 1815 560 1892 provincis
571 1815 877 1891 decretu;·regiouibus
891 1827 988 1873 tamen
1000 1815 1142 1892 partitum
1152 1811 1311 1889 imperium:

251 1925 362 1982 Fabius
394 1923 432 1980 sd
466 1923 640 1992 Tarentum,
674 1921 795 1979 Fulvius
827 1921 857 1978 iu
886 1921 1013 1978 Lucanis
1046 1940 1081 1980 ac
1109 1919 1236 1978 Bruttiis
1261 1931 1309 1972 reu
1334 1951 1335 1988 3

222 2027 239 2084 8
251 2037 374 2106 gereret.
416 2029 458 2085 M.
487 2023 610 2084 Claudio
631 2037 820 2103 prorogatum
846 2027 876 2083 in
899 2043 1005 2083 sunum
1027 2025 1195 2102 imperium.
1242 2023 1306 2079 Prs-

252 2142 330 2190 tores
357 2133 452 2190 sortiti
479 2131 661 2207 provincius,
696 2131 731 2194 C.
753 2131 897 2190 Hosn'lius
927 2131 1061 2188 Tubulus
1089 2133 1251 2198 urbanam,
1281 2125 1306 2181 b

251 2238 391 2324 Veturius
412 2237 498 2294 Philo
521 2237 702 2314 peregrinum
725 2255 791 2295 cum
813 2236 922 2307 Gallia,
940 2235 977 2293 T.
999 2235 1153 2309 Quinctius
1169 2231 1303 2308 Crispinus

222 2342 402 2418 lOepuam,
424 2340 458 2402 C.
480 2343 693 2401 Aurunculeius
716 2342 892 2402 Sardiniam.
941 2341 1097 2399 Exercitus
1118 2342 1160 2398 ita
1176 2359 1233 2417 per
1251 2353 1302 2412 pro·

252 2447 364 2506 vincias
386 2449 484 2507 divisi:
520 2448 626 2506 Fulvio
648 2449 712 2506 dass
735 2448 883 2524 legiones,
920 2465 993 2521 quus
1013 2447 1045 2504 in
1068 2447 1170 2506 Sicilia
1189 2448 1232 2506 Μ.
1252 2444 1302 2500 Va·

252 2553 340 2610 leuius
367 2555 500 2638 Laevinus
522 2555 653 2623 haberet,
674 2554 711 2628 Q.
733 2553 846 2622 Fabio,
869 2553 973 2626 quibus
995 2552 1026 2610 in
1047 2552 1169 2611 Etruria
1192 2551 1225 2612 0.
1247 2545 1302 2606 Cul-

206 2658 241 2712 10
254 2657 372 2735 purnius
389 2662 562 2736 proefisisset,
584 2661 714 2732 decretoe3
750 2659 873 2716 urbanus
894 2657 1037 2715 exercitus
1066 2660 1149 2716 utin
1170 2655 1300 2717 Etruriam

253 2765 435 2835 'succederet3
468 2763 502 2825 Ο.
525 2762 699 2840 Calpurnius
729 2765 821 2822 eidem
842 2771 979 2839 preesset
999 2765 1173 2839 provincius,
1208 2758 1302 2821 exerci-

253 2877 388 2945 tumque,
424 2889 509 2946 quem
532 2871 569 2944 Q.
592 2871 713 2929 Fulvius
734 2870 900 2939 habuisset,
936 2867 967 2930 T.
988 2869 1142 2942 Quinctius
1163 2871 1300 2928 obsecret:

205 2974 238 3030 ll
254 2972 289 3037 Ο.
304 2975 447 3033 Hostilius
469 2977 507 3034 ab
529 2975 563 3035 C.
583 2977 710 3035 Laetcrio
733 2983 912 3052 propraetore
935 2975 1119 3050 provinciam
1145 2975 1299 3034 exercitum·

254 3098 325 3155 que,
359 3079 491 3155 quitum
513 3081 638 3140 Arimini
662 3075 739 3152 eret,
770 3081 922 3156 acciperet.
966 3081 1007 3137 M.
1030 3081 1187 3152 Marcello,
1216 3078 1299 3156 quibus

204 3183 240 3239 12
253 3183 354 3242 consul
382 3203 443 3242 rem
472 3194 616 3261 gesserat,
652 3187 781 3263 legiones
808 3185 945 3256 decretae3
981 3186 1023 3243 M.
1048 3187 1171 3244 Valerio
1192 3205 1255 3244 cum
1273 3181 1296 3237 l·
1331 3253 1332 3256 Ἴ

253 3287 353 3348 Cincio
376 3290 426 3363 (iis
448 3310 564 3366 quoque
585 3292 662 3350 euim
684 3300 871 3368 prorogatum
893 3291 923 3349 iu
939 3291 1039 3350 Sicilia
1060 3292 1227 3369 imperium)
1241 3288 1297 3347 cn·
1331 3281 1332 3302 ¹

252 3397 348 3454 nensis
369 3395 512 3454 exercitus
534 3397 634 3468 dutus,
661 3415 784 3471 eumque
810 3396 944 3472 supplere
968 3415 1005 3453 ex
1027 3397 1182 3468 militibus,
1211 3395 1257 3470 qui
1272 3409 1296 3448 ex

205 3499 239 3556 13
252 3501 413 3577 legionibus
437 3499 489 3560 Cu.
506 3501 604 3560 Fulvii
624 3510 816 3579 superessent,
836 3501 918 3559 iussi.
967 3499 1157 3576 conquisitos
1177 3519 1228 3560 eos
1248 3517 1296 3559 cou-

252 3607 328 3665 sules
361 3607 390 3664 in
412 3607 540 3666 Siciliam
570 3606 724 3678 miserunt3
760 3606 919 3683 additaque
941 3608 1039 3664 sedem
1060 3611 1224 3682 ignosninia,
1259 3603 1295 3663 sub

253 3729 312 3786 qus
344 3710 512 3770 Cannenses
544 3711 725 3783 militabant,
761 3711 869 3787 quique
899 3731 936 3769 ex
966 3715 1100 3789 praetoris
1133 3712 1185 3774 cn.
1219 3706 1295 3770 Fulvii

204 3815 380 3874 ltexercitu
402 3819 440 3875 ob
462 3817 563 3875 similis
583 3819 656 3876 iram
678 3817 755 3894 iuge
776 3818 856 3876 missi
879 3835 915 3874 eo
936 3819 973 3875 ab
994 3828 1098 3877 senatu
1112 3817 1234 3876 fueraut.
1272 3811 1293 3870 C.

252 3922 451 3980 Aurunculeio
473 3924 580 3981 eusdem
602 3925 632 3983 in
654 3923 790 3984 Sardinia
811 3923 960 3998 legiones,
998 3925 1103 3999 qtribus
1133 3927 1168 3984 Ρ.
1188 3921 1293 3981 Manlius

203 4029 240 4084 15
251 4029 346 4087 Vulso
370 4047 434 4086 eam
449 4030 629 4105 provinciam
646 4030 819 4099 obtinuerat,
841 4030 972 4089 decretus.
1016 4031 1052 4090 Ρ.
1070 4028 1197 4106 Sulpicio
1210 4027 1292 4085 esdsn

1319 4109 1330 4524 l
