<?xml version="1.0" encoding="UTF-8"?>
<!DOCTYPE html PUBLIC "-//W3C//DTD XHTML 1.0 Transitional//EN"
    "http://www.w3.org/TR/xhtml1/DTD/xhtml1-transitional.dtd">
<html xmlns="http://www.w3.org/1999/xhtml" xml:lang="en" lang="en">
 <head>
  <title>
</title>
<meta http-equiv="Content-Type" content="text/html;charset=utf-8" />
  <meta name='ocr-system' content='tesseract 3.04.00' />
  <meta name='ocr-capabilities' content='ocr_page ocr_carea ocr_par ocr_line ocrx_word'/>
</head>
<body>
  <div class='ocr_page' id='page_1' title='image "./titiliviihistor01ussigoog/titiliviihistor01ussigoog_0241.png"; bbox 0 0 2674 4542; ppageno 0'>
   <div class='ocr_carea' id='block_1_1' title="bbox 295 195 997 260">
    <p class='ocr_par' dir='ltr' id='par_1_1' title="bbox 295 195 997 260">
     <span class='ocr_line' id='line_1_1' title="bbox 295 195 997 260; baseline -0.016 -3"><span class='ocrx_word' id='word_1_1' title='bbox 295 199 354 257; x_wconf 78' lang='lat'>200</span> <span class='ocrx_word' id='word_1_2' title='bbox 570 197 647 246; x_wconf 81' lang='lat' dir='ltr'>Liber</span> <span class='ocrx_word' id='word_1_3' title='bbox 664 195 764 246; x_wconf 85' lang='lat' dir='ltr'>XXIV.</span> <span class='ocrx_word' id='word_1_4' title='bbox 803 197 848 258; x_wconf 77' lang='lat' dir='ltr'>(A.</span> <span class='ocrx_word' id='word_1_5' title='bbox 862 211 912 250; x_wconf 82' lang='lat' dir='ltr'>nc.</span> <span class='ocrx_word' id='word_1_6' title='bbox 924 199 997 260; x_wconf 78' lang='grc'><strong>540.)</strong></span> 
     </span>
    </p>
   </div>
   <div class='ocr_carea' id='block_1_2' title="bbox 74 378 1316 3821">
    <p class='ocr_par' dir='ltr' id='par_1_2' title="bbox 189 378 1274 667">
     <span class='ocr_line' id='line_1_2' title="bbox 189 378 1265 456; baseline -0.005 -15"><span class='ocrx_word' id='word_1_7' title='bbox 189 391 192 396; x_wconf 81' lang='grc'>’</span> <span class='ocrx_word' id='word_1_8' title='bbox 253 381 339 441; x_wconf 89' lang='lat' dir='ltr'>studii</span> <span class='ocrx_word' id='word_1_9' title='bbox 371 381 436 438; x_wconf 88' lang='lat' dir='ltr'>vise</span> <span class='ocrx_word' id='word_1_10' title='bbox 467 390 511 438; x_wconf 84' lang='lat' dir='ltr'>est</span> <span class='ocrx_word' id='word_1_11' title='bbox 542 381 637 440; x_wconf 79' lang='lat' dir='ltr'>oratio</span> <span class='ocrx_word' id='word_1_12' title='bbox 650 378 655 384; x_wconf 86' lang='lat'>&#39;</span> <span class='ocrx_word' id='word_1_13' title='bbox 669 381 791 450; x_wconf 82' lang='lat' dir='ltr'>habere,</span> <span class='ocrx_word' id='word_1_14' title='bbox 828 398 863 440; x_wconf 89' lang='lat' dir='ltr'>eo</span> <span class='ocrx_word' id='word_1_15' title='bbox 895 381 960 456; x_wconf 87' lang='lat' dir='ltr'>plns</span> <span class='ocrx_word' id='word_1_16' title='bbox 993 379 1190 438; x_wconf 74' lang='lat' dir='ltr'>auctoritatis</span> <span class='ocrx_word' id='word_1_17' title='bbox 1220 380 1265 436; x_wconf 77' lang='lat' dir='ltr'>h÷÷</span> 
     </span>
     <span class='ocr_line' id='line_1_3' title="bbox 255 485 1268 560; baseline -0.005 -14"><span class='ocrx_word' id='word_1_18' title='bbox 255 489 407 546; x_wconf 78' lang='lat' dir='ltr'><strong>Adiectum</strong></span> <span class='ocrx_word' id='word_1_19' title='bbox 432 495 476 543; x_wconf 91' lang='lat' dir='ltr'>est</span> <span class='ocrx_word' id='word_1_20' title='bbox 497 485 669 560; x_wconf 75' lang='lat' dir='ltr'>praetoribus</span> <span class='ocrx_word' id='word_1_21' title='bbox 692 504 727 543; x_wconf 81' lang='lat' dir='ltr'>cc</span> <span class='ocrx_word' id='word_1_22' title='bbox 754 486 873 544; x_wconf 88' lang='lat' dir='ltr'>delectis</span> <span class='ocrx_word' id='word_1_23' title='bbox 894 495 1063 544; x_wconf 88' lang='lat' dir='ltr'>senatorum</span> <span class='ocrx_word' id='word_1_24' title='bbox 1087 485 1226 542; x_wconf 80' lang='lat' dir='ltr'>militare</span> <span class='ocrx_word' id='word_1_25' title='bbox 1244 503 1268 541; x_wconf 84' lang='lat' dir='ltr'>e·</span> 
     </span>
     <span class='ocr_line' id='line_1_4' title="bbox 253 570 1266 667; baseline -0.004 -17"><span class='ocrx_word' id='word_1_26' title='bbox 253 591 421 661; x_wconf 71' lang='lat' dir='ltr'>consilium,</span> <span class='ocrx_word' id='word_1_27' title='bbox 449 591 520 648; x_wconf 90' lang='lat' dir='ltr'>iussi</span> <span class='ocrx_word' id='word_1_28' title='bbox 546 570 577 648; x_wconf 48' lang='lat' dir='ltr'>&#39;et</span> <span class='ocrx_word' id='word_1_29' title='bbox 601 590 688 648; x_wconf 89' lang='lat' dir='ltr'>duces</span> <span class='ocrx_word' id='word_1_30' title='bbox 711 591 845 649; x_wconf 87' lang='lat' dir='ltr'>ordinum</span> <span class='ocrx_word' id='word_1_31' title='bbox 867 589 1055 667; x_wconf 83' lang='lat' dir='ltr'>praefectique</span> <span class='ocrx_word' id='word_1_32' title='bbox 1086 589 1266 648; x_wconf 85' lang='lat' dir='ltr'>auxiliorum</span> 
     </span>
    </p>

    <p class='ocr_par' dir='ltr' id='par_1_3' title="bbox 222 693 1316 1070">
     <span class='ocr_line' id='line_1_5' title="bbox 222 695 1272 773; baseline 0.004 -23"><span class='ocrx_word' id='word_1_33' title='bbox 222 695 313 753; x_wconf 79' lang='lat' dir='ltr'>9mnl</span> <span class='ocrx_word' id='word_1_34' title='bbox 334 695 492 754; x_wconf 86' lang='lat' dir='ltr'>consulere.</span> <span class='ocrx_word' id='word_1_35' title='bbox 542 695 639 768; x_wconf 79' lang='lat' dir='ltr'>Quum</span> <span class='ocrx_word' id='word_1_36' title='bbox 661 713 739 773; x_wconf 81' lang='lat' dir='ltr'>stepo</span> <span class='ocrx_word' id='word_1_37' title='bbox 760 705 827 754; x_wconf 85' lang='lat' dir='ltr'>acta</span> <span class='ocrx_word' id='word_1_38' title='bbox 848 715 895 754; x_wconf 88' lang='lat' dir='ltr'>res</span> <span class='ocrx_word' id='word_1_39' title='bbox 916 706 992 754; x_wconf 86' lang='lat' dir='ltr'>esset</span> <span class='ocrx_word' id='word_1_40' title='bbox 1020 696 1145 772; x_wconf 80' lang='lat' dir='ltr'>magnis</span> <span class='ocrx_word' id='word_1_41' title='bbox 1196 721 1203 743; x_wconf 87' lang='lat'>·-</span> <span class='ocrx_word' id='word_1_42' title='bbox 1237 720 1272 743; x_wconf 70' lang='lat' dir='ltr'>:u</span> 
     </span>
     <span class='ocr_line' id='line_1_6' title="bbox 253 799 1315 880; baseline -0.003 -22"><span class='ocrx_word' id='word_1_43' title='bbox 253 803 322 872; x_wconf 92' lang='lat' dir='ltr'>bus,</span> <span class='ocrx_word' id='word_1_44' title='bbox 344 809 510 876; x_wconf 88' lang='lat' dir='ltr'>postremo,</span> <span class='ocrx_word' id='word_1_45' title='bbox 535 799 604 880; x_wconf 87' lang='lat' dir='ltr'>qnia</span> <span class='ocrx_word' id='word_1_46' title='bbox 637 800 704 858; x_wconf 88' lang='lat' dir='ltr'>belli</span> <span class='ocrx_word' id='word_1_47' title='bbox 732 818 797 857; x_wconf 93' lang='lat' dir='ltr'>cum</span> <span class='ocrx_word' id='word_1_48' title='bbox 823 800 963 859; x_wconf 86' lang='lat' dir='ltr'>Romanis</span> <span class='ocrx_word' id='word_1_49' title='bbox 991 802 1118 876; x_wconf 81' lang='lat' dir='ltr'>gerendi</span> <span class='ocrx_word' id='word_1_50' title='bbox 1152 800 1231 858; x_wconf 83' lang='lat' dir='ltr'>ratio</span> <span class='ocrx_word' id='word_1_51' title='bbox 1259 828 1262 847; x_wconf 75' lang='grc' dir='ltr'>ι</span> <span class='ocrx_word' id='word_1_52' title='bbox 1314 828 1315 849; x_wconf 60' lang='lat' dir='ltr'>t</span> 
     </span>
     <span class='ocr_line' id='line_1_7' title="bbox 254 906 1316 982; baseline 0.001 -20"><span class='ocrx_word' id='word_1_53' title='bbox 254 906 429 982; x_wconf 81' lang='lat' dir='ltr'>apparebat,</span> <span class='ocrx_word' id='word_1_54' title='bbox 458 923 560 980; x_wconf 86' lang='lat' dir='ltr'>pacem</span> <span class='ocrx_word' id='word_1_55' title='bbox 589 906 651 962; x_wconf 87' lang='lat' dir='ltr'>lieri</span> <span class='ocrx_word' id='word_1_56' title='bbox 677 907 787 982; x_wconf 80' lang='lat' dir='ltr'><strong>placuit</strong></span> <span class='ocrx_word' id='word_1_57' title='bbox 813 925 878 965; x_wconf 89' lang='lat' dir='ltr'>cum</span> <span class='ocrx_word' id='word_1_58' title='bbox 909 906 950 964; x_wconf 87' lang='lat' dir='ltr'>eis</span> <span class='ocrx_word' id='word_1_59' title='bbox 980 907 1121 981; x_wconf 76' lang='lat' dir='ltr'>mittique</span> <span class='ocrx_word' id='word_1_60' title='bbox 1148 907 1261 982; x_wconf 79' lang='lat' dir='ltr'>legatos</span> <span class='ocrx_word' id='word_1_61' title='bbox 1315 953 1316 963; x_wconf 67' lang='grc'>,</span> 
     </span>
     <span class='ocr_line' id='line_1_8' title="bbox 253 1011 574 1070; baseline 0.006 -2"><span class='ocrx_word' id='word_1_62' title='bbox 253 1030 314 1069; x_wconf 89' lang='lat' dir='ltr'>rem</span> <span class='ocrx_word' id='word_1_63' title='bbox 336 1011 574 1070; x_wconf 86' lang='lat' dir='ltr'>confirmandam.</span> 
     </span>
    </p>

    <p class='ocr_par' dir='ltr' id='par_1_4' title="bbox 159 1115 1316 1401">
     <span class='ocr_line' id='line_1_9' title="bbox 159 1115 1316 1191; baseline 0.004 -20"><span class='ocrx_word' id='word_1_64' title='bbox 159 1115 203 1185; x_wconf 76' lang='lat'>29</span> <span class='ocrx_word' id='word_1_65' title='bbox 336 1117 408 1172; x_wconf 90' lang='lat' dir='ltr'>Dies</span> <span class='ocrx_word' id='word_1_66' title='bbox 422 1117 501 1172; x_wconf 88' lang='lat' dir='ltr'>haud</span> <span class='ocrx_word' id='word_1_67' title='bbox 515 1115 557 1172; x_wconf 85' lang='lat' dir='ltr'>ita</span> <span class='ocrx_word' id='word_1_68' title='bbox 571 1115 653 1172; x_wconf 89' lang='lat' dir='ltr'>multi</span> <span class='ocrx_word' id='word_1_69' title='bbox 667 1116 897 1188; x_wconf 66' lang='lat' dir='ltr'>intercesserant,</span> <span class='ocrx_word' id='word_1_70' title='bbox 912 1136 1001 1191; x_wconf 89' lang='lat' dir='ltr'>quum</span> <span class='ocrx_word' id='word_1_71' title='bbox 1016 1136 1054 1175; x_wconf 90' lang='lat' dir='ltr'>ex</span> <span class='ocrx_word' id='word_1_72' title='bbox 1067 1115 1233 1176; x_wconf 73' lang='lat' dir='ltr'>Leontinis</span> <span class='ocrx_word' id='word_1_73' title='bbox 1246 1115 1281 1181; x_wconf 51' lang='lat' dir='ltr'>lt:</span> <span class='ocrx_word' id='word_1_74' title='bbox 1315 1142 1316 1176; x_wconf 77' lang='lat' dir='ltr'>t</span> 
     </span>
     <span class='ocr_line' id='line_1_10' title="bbox 254 1220 1316 1296; baseline -0.002 -18"><span class='ocrx_word' id='word_1_75' title='bbox 254 1221 418 1296; x_wconf 68' lang='lat' dir='ltr'>presidium</span> <span class='ocrx_word' id='word_1_76' title='bbox 440 1220 545 1278; x_wconf 87' lang='lat' dir='ltr'>finibus</span> <span class='ocrx_word' id='word_1_77' title='bbox 575 1221 634 1278; x_wconf 86' lang='lat' dir='ltr'>suis</span> <span class='ocrx_word' id='word_1_78' title='bbox 660 1229 777 1278; x_wconf 87' lang='lat' dir='ltr'>orantes</span> <span class='ocrx_word' id='word_1_79' title='bbox 798 1230 951 1291; x_wconf 84' lang='lat' dir='ltr'>venerunt;</span> <span class='ocrx_word' id='word_1_80' title='bbox 984 1241 1049 1296; x_wconf 88' lang='lat' dir='ltr'>quae</span> <span class='ocrx_word' id='word_1_81' title='bbox 1079 1220 1204 1296; x_wconf 85' lang='lat' dir='ltr'>legatio</span> <span class='ocrx_word' id='word_1_82' title='bbox 1232 1237 1280 1294; x_wconf 90' lang='lat' dir='ltr'>pe·</span> <span class='ocrx_word' id='word_1_83' title='bbox 1315 1257 1316 1283; x_wconf 64' lang='lat'>,</span> 
     </span>
     <span class='ocr_line' id='line_1_11' title="bbox 254 1325 1316 1401; baseline 0.003 -17"><span class='ocrx_word' id='word_1_84' title='bbox 254 1335 380 1401; x_wconf 89' lang='lat' dir='ltr'>portuna</span> <span class='ocrx_word' id='word_1_85' title='bbox 402 1325 467 1382; x_wconf 88' lang='lat' dir='ltr'>visa</span> <span class='ocrx_word' id='word_1_86' title='bbox 489 1326 526 1383; x_wconf 86' lang='lat' dir='ltr'>ed</span> <span class='ocrx_word' id='word_1_87' title='bbox 548 1326 757 1384; x_wconf 86' lang='lat' dir='ltr'>multitudinem</span> <span class='ocrx_word' id='word_1_88' title='bbox 780 1326 957 1384; x_wconf 80' lang='lat' dir='ltr'>inconditam</span> <span class='ocrx_word' id='word_1_89' title='bbox 983 1345 1018 1384; x_wconf 84' lang='lat' dir='ltr'>ac</span> <span class='ocrx_word' id='word_1_90' title='bbox 1039 1326 1260 1384; x_wconf 84' lang='lat' dir='ltr'>tumultuosam</span> <span class='ocrx_word' id='word_1_91' title='bbox 1315 1355 1316 1387; x_wconf 77' lang='lat' dir='ltr'>t</span> 
     </span>
    </p>

    <p class='ocr_par' dir='ltr' id='par_1_5' title="bbox 224 1432 1316 2138">
     <span class='ocr_line' id='line_1_12' title="bbox 224 1432 1316 1508; baseline 0 -18"><span class='ocrx_word' id='word_1_92' title='bbox 224 1432 433 1491; x_wconf 70' lang='lat' dir='ltr'>lonersndnm</span> <span class='ocrx_word' id='word_1_93' title='bbox 465 1432 611 1506; x_wconf 90' lang='lat' dir='ltr'>ducesque</span> <span class='ocrx_word' id='word_1_94' title='bbox 644 1433 706 1490; x_wconf 90' lang='lat' dir='ltr'>eius</span> <span class='ocrx_word' id='word_1_95' title='bbox 739 1432 927 1508; x_wconf 73' lang='lat' dir='ltr'>ablegandos.</span> <span class='ocrx_word' id='word_1_96' title='bbox 984 1433 1199 1508; x_wconf 84' lang='lat' dir='ltr'>Hippocrates</span> <span class='ocrx_word' id='word_1_97' title='bbox 1315 1460 1316 1490; x_wconf 66' lang='lat' dir='ltr'>t</span> 
     </span>
     <span class='ocr_line' id='line_1_13' title="bbox 255 1535 1316 1612; baseline 0.003 -19"><span class='ocrx_word' id='word_1_98' title='bbox 255 1537 359 1593; x_wconf 88' lang='lat' dir='ltr'>ducere</span> <span class='ocrx_word' id='word_1_99' title='bbox 381 1554 415 1592; x_wconf 90' lang='lat' dir='ltr'>eo</span> <span class='ocrx_word' id='word_1_100' title='bbox 438 1535 604 1612; x_wconf 78' lang='lat' dir='ltr'>transfirgss</span> <span class='ocrx_word' id='word_1_101' title='bbox 625 1537 733 1607; x_wconf 68' lang='lat' dir='ltr'>iussum</span> <span class='ocrx_word' id='word_1_102' title='bbox 756 1537 847 1594; x_wconf 88' lang='lat' dir='ltr'>secuti</span> <span class='ocrx_word' id='word_1_103' title='bbox 870 1537 951 1593; x_wconf 90' lang='lat' dir='ltr'>multi</span> <span class='ocrx_word' id='word_1_104' title='bbox 975 1555 1012 1593; x_wconf 86' lang='lat' dir='ltr'>ex</span> <span class='ocrx_word' id='word_1_105' title='bbox 1027 1535 1233 1594; x_wconf 81' lang='lat' dir='ltr'>mercenariis</span> <span class='ocrx_word' id='word_1_106' title='bbox 1315 1567 1316 1596; x_wconf 80' lang='lat' dir='ltr'>t</span> 
     </span>
     <span class='ocr_line' id='line_1_14' title="bbox 225 1640 1316 1714; baseline -0.002 -18"><span class='ocrx_word' id='word_1_107' title='bbox 225 1640 300 1702; x_wconf 77' lang='lat' dir='ltr'>aliis</span> <span class='ocrx_word' id='word_1_108' title='bbox 327 1649 464 1714; x_wconf 84' lang='lat' dir='ltr'>quattuor</span> <span class='ocrx_word' id='word_1_109' title='bbox 486 1641 577 1698; x_wconf 88' lang='lat' dir='ltr'>millia</span> <span class='ocrx_word' id='word_1_110' title='bbox 598 1652 777 1700; x_wconf 88' lang='lat' dir='ltr'>armatorum</span> <span class='ocrx_word' id='word_1_111' title='bbox 801 1640 967 1702; x_wconf 85' lang='lat' dir='ltr'>effecerunt.</span> <span class='ocrx_word' id='word_1_112' title='bbox 1021 1643 1061 1700; x_wconf 83' lang='lat' dir='ltr'>Et</span> <span class='ocrx_word' id='word_1_113' title='bbox 1091 1641 1278 1698; x_wconf 80' lang='lat' dir='ltr'>mittentibus</span> <span class='ocrx_word' id='word_1_114' title='bbox 1315 1670 1316 1704; x_wconf 72' lang='lat'>;</span> 
     </span>
     <span class='ocr_line' id='line_1_15' title="bbox 257 1746 1316 1822; baseline -0.001 -19"><span class='ocrx_word' id='word_1_115' title='bbox 257 1746 351 1803; x_wconf 89' lang='lat' dir='ltr'>missis</span> <span class='ocrx_word' id='word_1_116' title='bbox 381 1764 416 1802; x_wconf 84' lang='lat' dir='ltr'>ee</span> <span class='ocrx_word' id='word_1_117' title='bbox 442 1746 508 1802; x_wconf 82' lang='lat' dir='ltr'>laeta</span> <span class='ocrx_word' id='word_1_118' title='bbox 541 1747 687 1822; x_wconf 76' lang='lat' dir='ltr'>expeditio</span> <span class='ocrx_word' id='word_1_119' title='bbox 717 1746 787 1816; x_wconf 80' lang='lat' dir='ltr'>fuit3</span> <span class='ocrx_word' id='word_1_120' title='bbox 820 1766 887 1804; x_wconf 85' lang='lat' dir='ltr'>narn</span> <span class='ocrx_word' id='word_1_121' title='bbox 921 1747 1043 1818; x_wconf 84' lang='lat' dir='ltr'>stillis,</span> <span class='ocrx_word' id='word_1_122' title='bbox 1078 1747 1169 1821; x_wconf 90' lang='lat' dir='ltr'>qnod</span> <span class='ocrx_word' id='word_1_123' title='bbox 1199 1747 1257 1803; x_wconf 84' lang='lat' dir='ltr'>iam</span> <span class='ocrx_word' id='word_1_124' title='bbox 1283 1752 1290 1783; x_wconf 44' lang='grc' dir='ltr'><strong><em>θ</em></strong></span> <span class='ocrx_word' id='word_1_125' title='bbox 1315 1771 1316 1810; x_wconf 79' lang='lat' dir='ltr'>t</span> 
     </span>
     <span class='ocr_line' id='line_1_16' title="bbox 257 1849 1278 1924; baseline 0.001 -18"><span class='ocrx_word' id='word_1_126' title='bbox 257 1849 419 1924; x_wconf 82' lang='lat' dir='ltr'>cupiebant,</span> <span class='ocrx_word' id='word_1_127' title='bbox 443 1852 572 1908; x_wconf 88' lang='lat' dir='ltr'>novandi</span> <span class='ocrx_word' id='word_1_128' title='bbox 592 1870 639 1910; x_wconf 88' lang='lat' dir='ltr'>res</span> <span class='ocrx_word' id='word_1_129' title='bbox 661 1853 776 1912; x_wconf 87' lang='lat' dir='ltr'>occasio</span> <span class='ocrx_word' id='word_1_130' title='bbox 801 1854 871 1910; x_wconf 84' lang='lat' dir='ltr'>dota</span> <span class='ocrx_word' id='word_1_131' title='bbox 892 1860 944 1922; x_wconf 92' lang='lat' dir='ltr'>est,</span> <span class='ocrx_word' id='word_1_132' title='bbox 967 1860 996 1910; x_wconf 85' lang='lat' dir='ltr'>et</span> <span class='ocrx_word' id='word_1_133' title='bbox 1010 1853 1040 1910; x_wconf 93' lang='lat' dir='ltr'>hi</span> <span class='ocrx_word' id='word_1_134' title='bbox 1061 1851 1221 1908; x_wconf 78' lang='lat' dir='ltr'>sentinam</span> <span class='ocrx_word' id='word_1_135' title='bbox 1246 1869 1278 1923; x_wconf 61' lang='lat' dir='ltr'>qt</span> 
     </span>
     <span class='ocr_line' id='line_1_17' title="bbox 257 1955 1316 2018; baseline 0.002 -8"><span class='ocrx_word' id='word_1_136' title='bbox 257 1955 324 2010; x_wconf 88' lang='lat' dir='ltr'>dam</span> <span class='ocrx_word' id='word_1_137' title='bbox 356 1955 435 2012; x_wconf 89' lang='lat' dir='ltr'>urbis</span> <span class='ocrx_word' id='word_1_138' title='bbox 467 1957 524 2012; x_wconf 88' lang='lat' dir='ltr'>rati</span> <span class='ocrx_word' id='word_1_139' title='bbox 554 1959 725 2016; x_wconf 81' lang='lat' dir='ltr'>exhaustam</span> <span class='ocrx_word' id='word_1_140' title='bbox 754 1959 935 2018; x_wconf 77' lang='lat' dir='ltr'>laetabantur.</span> <span class='ocrx_word' id='word_1_141' title='bbox 983 1955 1123 2014; x_wconf 82' lang='lat' dir='ltr'>Ceterum</span> <span class='ocrx_word' id='word_1_142' title='bbox 1160 1958 1284 2015; x_wconf 81' lang='lat' dir='ltr'>levare</span> <span class='ocrx_word' id='word_1_143' title='bbox 1315 1987 1316 1994; x_wconf 24' lang='grc' dir='ltr'><strong>κ</strong></span> 
     </span>
     <span class='ocr_line' id='line_1_18' title="bbox 258 2058 1316 2138; baseline 0.002 -22"><span class='ocrx_word' id='word_1_144' title='bbox 258 2059 344 2116; x_wconf 90' lang='lat' dir='ltr'>modo</span> <span class='ocrx_word' id='word_1_145' title='bbox 369 2058 399 2114; x_wconf 92' lang='lat' dir='ltr'>in</span> <span class='ocrx_word' id='word_1_146' title='bbox 420 2061 574 2134; x_wconf 83' lang='lat' dir='ltr'>praesentia</span> <span class='ocrx_word' id='word_1_147' title='bbox 595 2063 674 2120; x_wconf 87' lang='lat' dir='ltr'>velut</span> <span class='ocrx_word' id='word_1_148' title='bbox 696 2080 803 2138; x_wconf 88' lang='lat' dir='ltr'>corpus</span> <span class='ocrx_word' id='word_1_149' title='bbox 825 2081 949 2138; x_wconf 81' lang='lat' dir='ltr'>aegrum,</span> <span class='ocrx_word' id='word_1_150' title='bbox 979 2080 1038 2136; x_wconf 91' lang='lat' dir='ltr'>quo</span> <span class='ocrx_word' id='word_1_151' title='bbox 1060 2081 1135 2118; x_wconf 88' lang='lat' dir='ltr'>mox</span> <span class='ocrx_word' id='word_1_152' title='bbox 1160 2063 1195 2119; x_wconf 88' lang='lat' dir='ltr'>in</span> <span class='ocrx_word' id='word_1_153' title='bbox 1221 2059 1290 2138; x_wconf 80' lang='lat' dir='ltr'>gra&#39;</span> <span class='ocrx_word' id='word_1_154' title='bbox 1315 2091 1316 2124; x_wconf 64' lang='lat' dir='ltr'>t</span> 
     </span>
    </p>

    <p class='ocr_par' dir='ltr' id='par_1_6' title="bbox 228 2165 1316 2558">
     <span class='ocr_line' id='line_1_19' title="bbox 228 2165 1316 2243; baseline 0.005 -23"><span class='ocrx_word' id='word_1_155' title='bbox 228 2175 318 2226; x_wconf 80' lang='lat' dir='ltr'>trem</span> <span class='ocrx_word' id='word_1_156' title='bbox 340 2166 472 2222; x_wconf 88' lang='lat' dir='ltr'>morbum</span> <span class='ocrx_word' id='word_1_157' title='bbox 495 2165 643 2228; x_wconf 86' lang='lat' dir='ltr'>recideret.</span> <span class='ocrx_word' id='word_1_158' title='bbox 690 2168 887 2243; x_wconf 84' lang='lat' dir='ltr'>Hippocrates</span> <span class='ocrx_word' id='word_1_159' title='bbox 913 2167 988 2232; x_wconf 84' lang='lat' dir='ltr'>enim</span> <span class='ocrx_word' id='word_1_160' title='bbox 1016 2166 1145 2223; x_wconf 83' lang='lat' dir='ltr'>finitima</span> <span class='ocrx_word' id='word_1_161' title='bbox 1174 2167 1286 2242; x_wconf 54' lang='lat' dir='ltr'>pro&#39;t</span> <span class='ocrx_word' id='word_1_162' title='bbox 1315 2203 1316 2228; x_wconf 41' lang='lat' dir='ltr'>r</span> 
     </span>
     <span class='ocr_line' id='line_1_20' title="bbox 258 2271 1316 2347; baseline -0.001 -19"><span class='ocrx_word' id='word_1_163' title='bbox 258 2271 398 2328; x_wconf 76' lang='lat' dir='ltr'>Romanae</span> <span class='ocrx_word' id='word_1_164' title='bbox 421 2271 514 2346; x_wconf 90' lang='lat' dir='ltr'>primo</span> <span class='ocrx_word' id='word_1_165' title='bbox 541 2271 660 2330; x_wconf 75' lang='lat' dir='ltr'>furtivis</span> <span class='ocrx_word' id='word_1_166' title='bbox 688 2272 907 2330; x_wconf 83' lang='lat' dir='ltr'>excursionibus</span> <span class='ocrx_word' id='word_1_167' title='bbox 931 2279 1049 2329; x_wconf 86' lang='lat' dir='ltr'>vastare</span> <span class='ocrx_word' id='word_1_168' title='bbox 1074 2273 1187 2347; x_wconf 83' lang='lat' dir='ltr'>coepit3</span> <span class='ocrx_word' id='word_1_169' title='bbox 1227 2273 1289 2329; x_wconf 70' lang='lat' dir='ltr'>dn</span> <span class='ocrx_word' id='word_1_170' title='bbox 1315 2301 1316 2335; x_wconf 60' lang='lat' dir='ltr'>r</span> 
     </span>
     <span class='ocr_line' id='line_1_21' title="bbox 259 2375 1281 2453; baseline 0.002 -20"><span class='ocrx_word' id='word_1_171' title='bbox 259 2395 346 2450; x_wconf 92' lang='lat' dir='ltr'>quum</span> <span class='ocrx_word' id='word_1_172' title='bbox 372 2377 410 2432; x_wconf 87' lang='lat' dir='ltr'>ad</span> <span class='ocrx_word' id='word_1_173' title='bbox 427 2375 549 2433; x_wconf 91' lang='lat' dir='ltr'>tuendos</span> <span class='ocrx_word' id='word_1_174' title='bbox 564 2377 709 2435; x_wconf 87' lang='lat' dir='ltr'>sociorum</span> <span class='ocrx_word' id='word_1_175' title='bbox 732 2397 819 2453; x_wconf 81' lang='lat' dir='ltr'>agros</span> <span class='ocrx_word' id='word_1_176' title='bbox 841 2377 959 2435; x_wconf 90' lang='lat' dir='ltr'>missum</span> <span class='ocrx_word' id='word_1_177' title='bbox 983 2377 1021 2433; x_wconf 86' lang='lat' dir='ltr'>ab</span> <span class='ocrx_word' id='word_1_178' title='bbox 1036 2376 1140 2450; x_wconf 87' lang='lat' dir='ltr'>Appio</span> <span class='ocrx_word' id='word_1_179' title='bbox 1163 2376 1281 2452; x_wconf 84' lang='lat' dir='ltr'>praesi&#39;</span> 
     </span>
     <span class='ocr_line' id='line_1_22' title="bbox 258 2480 1316 2558; baseline 0.002 -21"><span class='ocrx_word' id='word_1_180' title='bbox 258 2490 349 2549; x_wconf 88' lang='lat' dir='ltr'>esset,</span> <span class='ocrx_word' id='word_1_181' title='bbox 380 2480 513 2538; x_wconf 88' lang='lat' dir='ltr'>omnibus</span> <span class='ocrx_word' id='word_1_182' title='bbox 538 2481 629 2556; x_wconf 91' lang='lat' dir='ltr'>copiis</span> <span class='ocrx_word' id='word_1_183' title='bbox 652 2482 790 2558; x_wconf 88' lang='lat' dir='ltr'>impetum</span> <span class='ocrx_word' id='word_1_184' title='bbox 819 2481 849 2538; x_wconf 92' lang='lat' dir='ltr'>in</span> <span class='ocrx_word' id='word_1_185' title='bbox 878 2481 1041 2556; x_wconf 84' lang='lat' dir='ltr'>oppositam</span> <span class='ocrx_word' id='word_1_186' title='bbox 1071 2481 1243 2539; x_wconf 85' lang='lat' dir='ltr'>stationem</span> <span class='ocrx_word' id='word_1_187' title='bbox 1275 2510 1289 2531; x_wconf 68' lang='grc' dir='ltr'>ι·</span> <span class='ocrx_word' id='word_1_188' title='bbox 1315 2509 1316 2546; x_wconf 63' lang='lat' dir='ltr'>r</span> 
     </span>
    </p>

    <p class='ocr_par' dir='ltr' id='par_1_7' title="bbox 74 2585 1316 3821">
     <span class='ocr_line' id='line_1_23' title="bbox 229 2585 1289 2664; baseline -0.001 -19"><span class='ocrx_word' id='word_1_189' title='bbox 229 2586 336 2646; x_wconf 77' lang='lat' dir='ltr'>ccede</span> <span class='ocrx_word' id='word_1_190' title='bbox 363 2585 519 2642; x_wconf 89' lang='lat' dir='ltr'>multorum</span> <span class='ocrx_word' id='word_1_191' title='bbox 546 2585 620 2646; x_wconf 87' lang='lat' dir='ltr'>fecit.</span> <span class='ocrx_word' id='word_1_192' title='bbox 672 2586 745 2659; x_wconf 74' lang='lat' dir='ltr'>Quae</span> <span class='ocrx_word' id='word_1_193' title='bbox 773 2605 862 2660; x_wconf 91' lang='lat' dir='ltr'>quum</span> <span class='ocrx_word' id='word_1_194' title='bbox 893 2595 988 2642; x_wconf 85' lang='lat' dir='ltr'>essent</span> <span class='ocrx_word' id='word_1_195' title='bbox 1016 2585 1155 2642; x_wconf 79' lang='lat' dir='ltr'>nuntiata</span> <span class='ocrx_word' id='word_1_196' title='bbox 1179 2586 1289 2664; x_wconf 80' lang='lat' dir='ltr'>Marc</span> 
     </span>
     <span class='ocr_line' id='line_1_24' title="bbox 258 2688 1274 2767; baseline 0.003 -22"><span class='ocrx_word' id='word_1_197' title='bbox 258 2689 370 2764; x_wconf 84' lang='lat' dir='ltr'>legatos</span> <span class='ocrx_word' id='word_1_198' title='bbox 405 2691 550 2766; x_wconf 87' lang='lat' dir='ltr'>extemplo</span> <span class='ocrx_word' id='word_1_199' title='bbox 586 2692 748 2767; x_wconf 85' lang='lat' dir='ltr'>Syracusae</span> <span class='ocrx_word' id='word_1_200' title='bbox 777 2691 873 2760; x_wconf 82' lang='lat' dir='ltr'>misit,</span> <span class='ocrx_word' id='word_1_201' title='bbox 910 2690 959 2764; x_wconf 90' lang='lat' dir='ltr'>qui</span> <span class='ocrx_word' id='word_1_202' title='bbox 985 2688 1066 2764; x_wconf 86' lang='lat' dir='ltr'>pacis</span> <span class='ocrx_word' id='word_1_203' title='bbox 1093 2689 1185 2747; x_wconf 89' lang='lat' dir='ltr'>fidem</span> <span class='ocrx_word' id='word_1_204' title='bbox 1220 2711 1274 2766; x_wconf 89' lang='lat' dir='ltr'>rnp</span> 
     </span>
     <span class='ocr_line' id='line_1_25' title="bbox 259 2777 1316 2870; baseline -0.001 -20"><span class='ocrx_word' id='word_1_205' title='bbox 259 2811 322 2851; x_wconf 88' lang='lat' dir='ltr'>esse</span> <span class='ocrx_word' id='word_1_206' title='bbox 344 2794 480 2865; x_wconf 77' lang='lat' dir='ltr'>dicerent,</span> <span class='ocrx_word' id='word_1_207' title='bbox 504 2815 557 2853; x_wconf 91' lang='lat' dir='ltr'>nec</span> <span class='ocrx_word' id='word_1_208' title='bbox 579 2796 647 2852; x_wconf 84' lang='lat' dir='ltr'>belli</span> <span class='ocrx_word' id='word_1_209' title='bbox 668 2795 984 2870; x_wconf 67' lang='lat' dir='ltr'>defuturam-nuquam</span> <span class='ocrx_word' id='word_1_210' title='bbox 1007 2812 1145 2864; x_wconf 83' lang='lat' dir='ltr'>censam,</span> <span class='ocrx_word' id='word_1_211' title='bbox 1177 2795 1243 2851; x_wconf 85' lang='lat' dir='ltr'>nisi</span> <span class='ocrx_word' id='word_1_212' title='bbox 1271 2800 1279 2847; x_wconf 82' lang='lat' dir='ltr'>t</span> <span class='ocrx_word' id='word_1_213' title='bbox 1315 2777 1316 2780; x_wconf 8' lang='grc' dir='ltr'><strong>Ἰ</strong></span> 
     </span>
     <span class='ocr_line' id='line_1_26' title="bbox 259 2899 1289 2976; baseline 0.001 -20"><span class='ocrx_word' id='word_1_214' title='bbox 259 2909 392 2974; x_wconf 90' lang='lat' dir='ltr'>pocrates</span> <span class='ocrx_word' id='word_1_215' title='bbox 422 2910 509 2975; x_wconf 88' lang='lat' dir='ltr'>atque</span> <span class='ocrx_word' id='word_1_216' title='bbox 537 2901 684 2976; x_wconf 84' lang='lat' dir='ltr'>Epicydes</span> <span class='ocrx_word' id='word_1_217' title='bbox 713 2920 772 2958; x_wconf 90' lang='lat' dir='ltr'>non</span> <span class='ocrx_word' id='word_1_218' title='bbox 801 2902 839 2958; x_wconf 82' lang='lat' dir='ltr'>ab</span> <span class='ocrx_word' id='word_1_219' title='bbox 869 2899 1022 2976; x_wconf 80' lang='lat' dir='ltr'>Syracusis</span> <span class='ocrx_word' id='word_1_220' title='bbox 1043 2899 1151 2969; x_wconf 90' lang='lat' dir='ltr'>modo,</span> <span class='ocrx_word' id='word_1_221' title='bbox 1183 2901 1244 2957; x_wconf 85' lang='lat' dir='ltr'>sed</span> <span class='ocrx_word' id='word_1_222' title='bbox 1285 2926 1289 2945; x_wconf 61' lang='grc' dir='ltr'>ι</span> 
     </span>
     <span class='ocr_line' id='line_1_27' title="bbox 229 3004 1292 3082; baseline -0.006 -17"><span class='ocrx_word' id='word_1_223' title='bbox 229 3004 360 3078; x_wconf 85' lang='lat' dir='ltr'>6pr0cul</span> <span class='ocrx_word' id='word_1_224' title='bbox 388 3004 487 3063; x_wconf 84' lang='lat' dir='ltr'>Sicilia</span> <span class='ocrx_word' id='word_1_225' title='bbox 516 3006 729 3082; x_wconf 82' lang='lat' dir='ltr'>ablegarentur.</span> <span class='ocrx_word' id='word_1_226' title='bbox 786 3004 941 3079; x_wconf 84' lang='lat' dir='ltr'>Epicydes,</span> <span class='ocrx_word' id='word_1_227' title='bbox 968 3023 1004 3060; x_wconf 89' lang='lat' dir='ltr'>ne</span> <span class='ocrx_word' id='word_1_228' title='bbox 1031 3013 1083 3060; x_wconf 88' lang='lat' dir='ltr'>aut</span> <span class='ocrx_word' id='word_1_229' title='bbox 1110 3021 1182 3060; x_wconf 87' lang='lat' dir='ltr'>reus</span> <span class='ocrx_word' id='word_1_230' title='bbox 1207 3022 1292 3060; x_wconf 69' lang='lat' dir='ltr'>crunt</span> 
     </span>
     <span class='ocr_line' id='line_1_28' title="bbox 261 3110 1287 3187; baseline -0.002 -19"><span class='ocrx_word' id='word_1_231' title='bbox 261 3111 387 3168; x_wconf 84' lang='lat' dir='ltr'>absentis</span> <span class='ocrx_word' id='word_1_232' title='bbox 408 3111 507 3169; x_wconf 88' lang='lat' dir='ltr'>fratris</span> <span class='ocrx_word' id='word_1_233' title='bbox 529 3130 656 3187; x_wconf 84' lang='lat' dir='ltr'>praesens</span> <span class='ocrx_word' id='word_1_234' title='bbox 688 3119 763 3167; x_wconf 88' lang='lat' dir='ltr'>esset</span> <span class='ocrx_word' id='word_1_235' title='bbox 792 3119 843 3166; x_wconf 85' lang='lat' dir='ltr'>cut</span> <span class='ocrx_word' id='word_1_236' title='bbox 864 3110 977 3166; x_wconf 86' lang='lat' dir='ltr'>deesset</span> <span class='ocrx_word' id='word_1_237' title='bbox 999 3128 1053 3184; x_wconf 90' lang='lat' dir='ltr'>pro</span> <span class='ocrx_word' id='word_1_238' title='bbox 1075 3117 1164 3183; x_wconf 88' lang='lat' dir='ltr'>parte</span> <span class='ocrx_word' id='word_1_239' title='bbox 1186 3126 1247 3166; x_wconf 83' lang='lat' dir='ltr'>sua</span> <span class='ocrx_word' id='word_1_240' title='bbox 1271 3134 1287 3155; x_wconf 58' lang='grc' dir='ltr'>ν·</span> 
     </span>
     <span class='ocr_line' id='line_1_29' title="bbox 261 3213 1298 3292; baseline 0.001 -23"><span class='ocrx_word' id='word_1_241' title='bbox 261 3214 376 3270; x_wconf 84' lang='lat' dir='ltr'>citando</span> <span class='ocrx_word' id='word_1_242' title='bbox 395 3215 487 3286; x_wconf 87' lang='lat' dir='ltr'>bello,</span> <span class='ocrx_word' id='word_1_243' title='bbox 508 3216 656 3292; x_wconf 84' lang='lat' dir='ltr'>profectus</span> <span class='ocrx_word' id='word_1_244' title='bbox 688 3215 801 3289; x_wconf 83' lang='lat' dir='ltr'>etipse</span> <span class='ocrx_word' id='word_1_245' title='bbox 823 3214 852 3270; x_wconf 91' lang='lat' dir='ltr'>in</span> <span class='ocrx_word' id='word_1_246' title='bbox 879 3214 1051 3283; x_wconf 82' lang='lat' dir='ltr'>Leontinos,</span> <span class='ocrx_word' id='word_1_247' title='bbox 1081 3213 1164 3287; x_wconf 40' lang='lat' dir='ltr'>quin,</span> <span class='ocrx_word' id='word_1_248' title='bbox 1186 3215 1263 3270; x_wconf 83' lang='lat' dir='ltr'>satis</span> <span class='ocrx_word' id='word_1_249' title='bbox 1284 3238 1298 3257; x_wconf 65' lang='lat'>2³</span> 
     </span>
     <span class='ocr_line' id='line_1_30' title="bbox 261 3318 1260 3399; baseline -0.004 -21"><span class='ocrx_word' id='word_1_250' title='bbox 261 3321 400 3378; x_wconf 88' lang='lat' dir='ltr'>adversus</span> <span class='ocrx_word' id='word_1_251' title='bbox 438 3322 578 3399; x_wconf 90' lang='lat' dir='ltr'>populum</span> <span class='ocrx_word' id='word_1_252' title='bbox 611 3323 776 3378; x_wconf 85' lang='lat' dir='ltr'>Romanum</span> <span class='ocrx_word' id='word_1_253' title='bbox 814 3318 974 3376; x_wconf 88' lang='lat' dir='ltr'>concitatos</span> <span class='ocrx_word' id='word_1_254' title='bbox 1007 3320 1162 3389; x_wconf 87' lang='lat' dir='ltr'>cernebat,</span> <span class='ocrx_word' id='word_1_255' title='bbox 1201 3338 1260 3375; x_wconf 86' lang='lat' dir='ltr'>ave</span> 
     </span>
     <span class='ocr_line' id='line_1_31' title="bbox 74 3424 1289 3558; baseline -0.004 -72"><span class='ocrx_word' id='word_1_256' title='bbox 74 3425 176 3558; x_wconf 57' lang='grc' dir='ltr'>ΛΜ</span> <span class='ocrx_word' id='word_1_257' title='bbox 231 3427 347 3485; x_wconf 81' lang='lat' dir='ltr'>&#39;letiam</span> <span class='ocrx_word' id='word_1_258' title='bbox 370 3428 407 3483; x_wconf 85' lang='lat' dir='ltr'>ab</span> <span class='ocrx_word' id='word_1_259' title='bbox 430 3426 582 3532; x_wconf 54' lang='lat' dir='ltr'>Syracupis</span> <span class='ocrx_word' id='word_1_260' title='bbox 605 3427 705 3502; x_wconf 89' lang='lat' dir='ltr'>coepit:</span> <span class='ocrx_word' id='word_1_261' title='bbox 734 3443 801 3482; x_wconf 88' lang='lat' dir='ltr'>nam</span> <span class='ocrx_word' id='word_1_262' title='bbox 830 3424 873 3479; x_wconf 83' lang='lat' dir='ltr'>ito</span> <span class='ocrx_word' id='word_1_263' title='bbox 895 3442 945 3481; x_wconf 89' lang='lat' dir='ltr'>eos</span> <span class='ocrx_word' id='word_1_264' title='bbox 966 3441 1068 3499; x_wconf 84' lang='lat' dir='ltr'>pacem</span> <span class='ocrx_word' id='word_1_265' title='bbox 1093 3425 1248 3499; x_wconf 84' lang='lat' dir='ltr'>pepigisse</span> <span class='ocrx_word' id='word_1_266' title='bbox 1286 3452 1289 3467; x_wconf 88' lang='lat'><strong>·</strong></span> 
     </span>
     <span class='ocr_line' id='line_1_32' title="bbox 260 3526 1292 3606; baseline -0.005 -16"><span class='ocrx_word' id='word_1_267' title='bbox 260 3531 414 3602; x_wconf 87' lang='lat' dir='ltr'>Romanis,</span> <span class='ocrx_word' id='word_1_268' title='bbox 439 3541 480 3602; x_wconf 87' lang='lat' dir='ltr'>ut,</span> <span class='ocrx_word' id='word_1_269' title='bbox 503 3533 665 3606; x_wconf 86' lang='lat' dir='ltr'>quicunque</span> <span class='ocrx_word' id='word_1_270' title='bbox 692 3529 792 3606; x_wconf 90' lang='lat' dir='ltr'>populi</span> <span class='ocrx_word' id='word_1_271' title='bbox 822 3530 876 3586; x_wconf 88' lang='lat' dir='ltr'>sub</span> <span class='ocrx_word' id='word_1_272' title='bbox 904 3527 1021 3603; x_wconf 86' lang='lat' dir='ltr'>regibus</span> <span class='ocrx_word' id='word_1_273' title='bbox 1050 3526 1192 3599; x_wconf 84' lang='lat' dir='ltr'>fuissent,</span> <span class='ocrx_word' id='word_1_274' title='bbox 1225 3539 1255 3585; x_wconf 91' lang='lat' dir='ltr'>et</span> <span class='ocrx_word' id='word_1_275' title='bbox 1276 3550 1292 3575; x_wconf 56' lang='lat' dir='ltr'>:-r</span> 
     </span>
     <span class='ocr_line' id='line_1_33' title="bbox 261 3631 1287 3708; baseline -0.005 -16"><span class='ocrx_word' id='word_1_276' title='bbox 261 3636 381 3693; x_wconf 88' lang='lat' dir='ltr'>dicionis</span> <span class='ocrx_word' id='word_1_277' title='bbox 403 3647 507 3708; x_wconf 87' lang='lat' dir='ltr'>essent,</span> <span class='ocrx_word' id='word_1_278' title='bbox 528 3655 582 3694; x_wconf 89' lang='lat' dir='ltr'>nec</span> <span class='ocrx_word' id='word_1_279' title='bbox 601 3637 659 3693; x_wconf 88' lang='lat' dir='ltr'>iam</span> <span class='ocrx_word' id='word_1_280' title='bbox 681 3637 815 3693; x_wconf 87' lang='lat' dir='ltr'>libertate</span> <span class='ocrx_word' id='word_1_281' title='bbox 832 3651 882 3691; x_wconf 84' lang='lat' dir='ltr'>eos</span> <span class='ocrx_word' id='word_1_282' title='bbox 901 3641 1051 3690; x_wconf 89' lang='lat' dir='ltr'>contentos</span> <span class='ocrx_word' id='word_1_283' title='bbox 1073 3649 1148 3702; x_wconf 82' lang='lat' dir='ltr'>esse,</span> <span class='ocrx_word' id='word_1_284' title='bbox 1173 3632 1233 3688; x_wconf 89' lang='lat' dir='ltr'>nisi</span> <span class='ocrx_word' id='word_1_285' title='bbox 1247 3631 1287 3688; x_wconf 66' lang='lat' dir='ltr'>ei:</span> 
     </span>
     <span class='ocr_line' id='line_1_34' title="bbox 230 3737 1292 3821; baseline -0.007 -20"><span class='ocrx_word' id='word_1_286' title='bbox 230 3747 380 3818; x_wconf 76' lang='lat' dir='ltr'>dregnent</span> <span class='ocrx_word' id='word_1_287' title='bbox 409 3761 443 3799; x_wconf 86' lang='lat' dir='ltr'>nc</span> <span class='ocrx_word' id='word_1_288' title='bbox 466 3743 658 3799; x_wconf 87' lang='lat' dir='ltr'>dominentur.</span> <span class='ocrx_word' id='word_1_289' title='bbox 706 3737 1049 3821; x_wconf 81' lang='lat' dir='ltr'>Renuntiandumigitur</span> <span class='ocrx_word' id='word_1_290' title='bbox 1070 3737 1112 3795; x_wconf 92' lang='lat' dir='ltr'>eis</span> <span class='ocrx_word' id='word_1_291' title='bbox 1137 3756 1215 3807; x_wconf 88' lang='lat' dir='ltr'>esse,</span> <span class='ocrx_word' id='word_1_292' title='bbox 1269 3762 1292 3785; x_wconf 57' lang='grc' dir='ltr'>ιν</span> 
     </span>
    </p>
   </div>
   <div class='ocr_carea' id='block_1_3' title="bbox 262 3841 1310 4024">
    <p class='ocr_par' dir='ltr' id='par_1_8' title="bbox 262 3841 1310 4024">
     <span class='ocr_line' id='line_1_35' title="bbox 262 3841 1287 3922; baseline -0.003 -18"><span class='ocrx_word' id='word_1_293' title='bbox 262 3849 336 3904; x_wconf 78' lang='lat' dir='ltr'>tinoa</span> <span class='ocrx_word' id='word_1_294' title='bbox 357 3865 473 3921; x_wconf 91' lang='lat' dir='ltr'>qnoque</span> <span class='ocrx_word' id='word_1_295' title='bbox 495 3865 608 3922; x_wconf 83' lang='lat' dir='ltr'>aequnm</span> <span class='ocrx_word' id='word_1_296' title='bbox 631 3841 747 3904; x_wconf 85' lang='lat' dir='ltr'>censere</span> <span class='ocrx_word' id='word_1_297' title='bbox 768 3845 877 3903; x_wconf 90' lang='lat' dir='ltr'>liberos</span> <span class='ocrx_word' id='word_1_298' title='bbox 898 3864 928 3902; x_wconf 82' lang='lat' dir='ltr'>sc</span> <span class='ocrx_word' id='word_1_299' title='bbox 947 3860 1019 3913; x_wconf 89' lang='lat' dir='ltr'>esse,</span> <span class='ocrx_word' id='word_1_300' title='bbox 1041 3842 1089 3899; x_wconf 88' lang='lat' dir='ltr'>vel</span> <span class='ocrx_word' id='word_1_301' title='bbox 1111 3844 1196 3916; x_wconf 90' lang='lat' dir='ltr'>quod</span> <span class='ocrx_word' id='word_1_302' title='bbox 1219 3843 1250 3901; x_wconf 91' lang='lat' dir='ltr'>in</span> <span class='ocrx_word' id='word_1_303' title='bbox 1272 3868 1287 3891; x_wconf 75' lang='lat'>-·</span> 
     </span>
     <span class='ocr_line' id='line_1_36' title="bbox 263 3947 1310 4024; baseline 0 -17"><span class='ocrx_word' id='word_1_304' title='bbox 263 3952 341 4009; x_wconf 85' lang='lat' dir='ltr'>urbis</span> <span class='ocrx_word' id='word_1_305' title='bbox 361 3970 421 4008; x_wconf 86' lang='lat' dir='ltr'>suen</span> <span class='ocrx_word' id='word_1_306' title='bbox 443 3960 583 4024; x_wconf 83' lang='lat' dir='ltr'>tyrannus</span> <span class='ocrx_word' id='word_1_307' title='bbox 607 3950 755 4019; x_wconf 89' lang='lat' dir='ltr'>ceciderit,</span> <span class='ocrx_word' id='word_1_308' title='bbox 780 3949 826 4006; x_wconf 89' lang='lat' dir='ltr'>vel</span> <span class='ocrx_word' id='word_1_309' title='bbox 849 3948 988 4024; x_wconf 91' lang='lat' dir='ltr'>quodibi</span> <span class='ocrx_word' id='word_1_310' title='bbox 1015 3947 1142 4022; x_wconf 85' lang='lat' dir='ltr'>primunr</span> <span class='ocrx_word' id='word_1_311' title='bbox 1167 3949 1286 4007; x_wconf 81' lang='lat' dir='ltr'>conclu</span> <span class='ocrx_word' id='word_1_312' title='bbox 1308 3989 1310 3992; x_wconf 92' lang='lat'>-</span> 
     </span>
    </p>
   </div>
   <div class='ocr_carea' id='block_1_4' title="bbox 0 0 1344 4532">
    <p class='ocr_par' dir='ltr' id='par_1_9' title="bbox 0 0 1344 4532">
     <span class='ocr_line' id='line_1_37' title="bbox 0 0 1344 4532; baseline 0 0"><span class='ocrx_word' id='word_1_313' title='bbox 0 0 1344 4532; x_wconf 95' lang='lat' dir='ltr'> </span> 
     </span>
    </p>
   </div>
  </div>
 </body>
</html>
