<?xml version="1.0" encoding="UTF-8"?>
<!DOCTYPE html PUBLIC "-//W3C//DTD XHTML 1.0 Transitional//EN"
    "http://www.w3.org/TR/xhtml1/DTD/xhtml1-transitional.dtd">
<html xmlns="http://www.w3.org/1999/xhtml" xml:lang="en" lang="en">
 <head>
  <title>
</title>
<meta http-equiv="Content-Type" content="text/html;charset=utf-8" />
  <meta name='ocr-system' content='tesseract 3.04.00' />
  <meta name='ocr-capabilities' content='ocr_page ocr_carea ocr_par ocr_line ocrx_word'/>
</head>
<body>
  <div class='ocr_page' id='page_1' title='image "./titiliviihistor01ussigoog/titiliviihistor01ussigoog_0434.png"; bbox 0 0 2700 4426; ppageno 0'>
   <div class='ocr_carea' id='block_1_1' title="bbox 371 156 1075 223">
    <p class='ocr_par' dir='ltr' id='par_1_1' title="bbox 371 156 1075 223">
     <span class='ocr_line' id='line_1_1' title="bbox 371 156 1075 223; baseline 0.013 -14"><span class='ocrx_word' id='word_1_1' title='bbox 371 159 449 209; x_wconf 75' lang='lat' dir='ltr'>aiter</span> <span class='ocrx_word' id='word_1_2' title='bbox 465 158 579 208; x_wconf 84' lang='lat' dir='ltr'>xxvn.</span> <span class='ocrx_word' id='word_1_3' title='bbox 616 158 662 223; x_wconf 79' lang='grc' dir='ltr'>(Δ.</span> <span class='ocrx_word' id='word_1_4' title='bbox 677 156 726 212; x_wconf 83' lang='lat' dir='ltr'>ch.</span> <span class='ocrx_word' id='word_1_5' title='bbox 740 158 810 220; x_wconf 81' lang='lat' dir='ltr'>aas.)</span> <span class='ocrx_word' id='word_1_6' title='bbox 1037 163 1075 218; x_wconf 83' lang='grc'>93</span> 
     </span>
    </p>
   </div>
   <div class='ocr_carea' id='block_1_2' title="bbox 52 341 1214 3562">
    <p class='ocr_par' dir='ltr' id='par_1_2' title="bbox 52 341 1214 3562">
     <span class='ocr_line' id='line_1_2' title="bbox 52 341 1168 417; baseline -0.003 -12"><span class='ocrx_word' id='word_1_7' title='bbox 52 346 254 405; x_wconf 84' lang='lat' dir='ltr'>Consentienti</span> <span class='ocrx_word' id='word_1_8' title='bbox 280 341 429 417; x_wconf 87' lang='lat' dir='ltr'>Crispino,</span> <span class='ocrx_word' id='word_1_9' title='bbox 472 359 537 399; x_wconf 89' lang='lat' dir='ltr'>cum</span> <span class='ocrx_word' id='word_1_10' title='bbox 584 342 727 415; x_wconf 88' lang='lat' dir='ltr'>equitibus</span> <span class='ocrx_word' id='word_1_11' title='bbox 766 343 895 400; x_wconf 90' lang='lat' dir='ltr'>ducentis</span> <span class='ocrx_word' id='word_1_12' title='bbox 931 343 1048 417; x_wconf 86' lang='lat' dir='ltr'>viginti,</span> <span class='ocrx_word' id='word_1_13' title='bbox 1082 364 1118 400; x_wconf 90' lang='lat' dir='ltr'>ex</span> <span class='ocrx_word' id='word_1_14' title='bbox 1135 348 1168 402; x_wconf 84' lang='lat' dir='ltr'>ll</span> 
     </span>
     <span class='ocr_line' id='line_1_3' title="bbox 53 446 1118 528; baseline -0.005 -17"><span class='ocrx_word' id='word_1_15' title='bbox 53 453 159 528; x_wconf 89' lang='lat' dir='ltr'>quibus</span> <span class='ocrx_word' id='word_1_16' title='bbox 186 447 380 526; x_wconf 84' lang='lat' dir='ltr'>qnadraginta</span> <span class='ocrx_word' id='word_1_17' title='bbox 401 446 583 520; x_wconf 80' lang='lat' dir='ltr'>Fregellani,</span> <span class='ocrx_word' id='word_1_18' title='bbox 619 448 707 504; x_wconf 89' lang='lat' dir='ltr'>ceteri</span> <span class='ocrx_word' id='word_1_19' title='bbox 727 448 842 505; x_wconf 77' lang='lat' dir='ltr'><strong>Etrusci</strong></span> <span class='ocrx_word' id='word_1_20' title='bbox 872 458 969 520; x_wconf 84' lang='lat' dir='ltr'>erant,</span> <span class='ocrx_word' id='word_1_21' title='bbox 1004 451 1118 524; x_wconf 87' lang='lat' dir='ltr'>profici·</span> 
     </span>
     <span class='ocr_line' id='line_1_4' title="bbox 55 551 1170 625; baseline 0 -11"><span class='ocrx_word' id='word_1_22' title='bbox 55 567 189 625; x_wconf 86' lang='lat' dir='ltr'>scuntur;</span> <span class='ocrx_word' id='word_1_23' title='bbox 226 555 317 612; x_wconf 88' lang='lat' dir='ltr'>secuti</span> <span class='ocrx_word' id='word_1_24' title='bbox 347 552 455 610; x_wconf 88' lang='lat' dir='ltr'>tribuni</span> <span class='ocrx_word' id='word_1_25' title='bbox 484 551 605 608; x_wconf 88' lang='lat' dir='ltr'>militnm</span> <span class='ocrx_word' id='word_1_26' title='bbox 634 553 675 608; x_wconf 92' lang='grc' dir='ltr'>Μ.</span> <span class='ocrx_word' id='word_1_27' title='bbox 698 553 863 624; x_wconf 77' lang='lat' dir='ltr'>Marcellus,</span> <span class='ocrx_word' id='word_1_28' title='bbox 886 553 1011 611; x_wconf 89' lang='lat' dir='ltr'>consulis</span> <span class='ocrx_word' id='word_1_29' title='bbox 1033 554 1118 624; x_wconf 90' lang='lat' dir='ltr'>filius,</span> <span class='ocrx_word' id='word_1_30' title='bbox 1136 556 1170 614; x_wconf 82' lang='lat'>12</span> 
     </span>
     <span class='ocr_line' id='line_1_5' title="bbox 53 655 1120 731; baseline -0.004 -11"><span class='ocrx_word' id='word_1_31' title='bbox 53 671 83 720; x_wconf 90' lang='lat' dir='ltr'>et</span> <span class='ocrx_word' id='word_1_32' title='bbox 105 664 143 720; x_wconf 86' lang='lat' dir='ltr'>A.</span> <span class='ocrx_word' id='word_1_33' title='bbox 164 660 309 730; x_wconf 87' lang='lat' dir='ltr'>Manlius,</span> <span class='ocrx_word' id='word_1_34' title='bbox 330 658 416 715; x_wconf 88' lang='lat' dir='ltr'>simul</span> <span class='ocrx_word' id='word_1_35' title='bbox 438 665 467 714; x_wconf 88' lang='lat' dir='ltr'>et</span> <span class='ocrx_word' id='word_1_36' title='bbox 488 656 546 712; x_wconf 92' lang='lat' dir='ltr'>duo</span> <span class='ocrx_word' id='word_1_37' title='bbox 567 655 695 731; x_wconf 82' lang='lat' dir='ltr'>praefecti</span> <span class='ocrx_word' id='word_1_38' title='bbox 717 658 843 725; x_wconf 89' lang='lat' dir='ltr'>socium,</span> <span class='ocrx_word' id='word_1_39' title='bbox 871 658 904 714; x_wconf 92' lang='lat' dir='ltr'>L.</span> <span class='ocrx_word' id='word_1_40' title='bbox 927 659 1069 716; x_wconf 87' lang='lat' dir='ltr'>Arrenius</span> <span class='ocrx_word' id='word_1_41' title='bbox 1091 668 1120 716; x_wconf 88' lang='lat' dir='ltr'>et</span> 
     </span>
     <span class='ocr_line' id='line_1_6' title="bbox 55 761 1170 837; baseline -0.002 -13"><span class='ocrx_word' id='word_1_42' title='bbox 55 769 106 827; x_wconf 88' lang='grc' dir='ltr'>Μ’.</span> <span class='ocrx_word' id='word_1_43' title='bbox 130 766 255 824; x_wconf 87' lang='lat' dir='ltr'>Avilius.</span> <span class='ocrx_word' id='word_1_44' title='bbox 302 763 475 821; x_wconf 87' lang='lat' dir='ltr'>Immolasse</span> <span class='ocrx_word' id='word_1_45' title='bbox 509 781 542 818; x_wconf 90' lang='lat' dir='ltr'>eo</span> <span class='ocrx_word' id='word_1_46' title='bbox 578 762 624 818; x_wconf 89' lang='lat' dir='ltr'>die</span> <span class='ocrx_word' id='word_1_47' title='bbox 654 761 772 835; x_wconf 87' lang='lat' dir='ltr'>quidam</span> <span class='ocrx_word' id='word_1_48' title='bbox 795 764 949 837; x_wconf 87' lang='lat' dir='ltr'>prodidere</span> <span class='ocrx_word' id='word_1_49' title='bbox 972 764 1119 821; x_wconf 88' lang='lat' dir='ltr'>memoriae</span> <span class='ocrx_word' id='word_1_50' title='bbox 1137 768 1170 822; x_wconf 87' lang='grc'>13</span> 
     </span>
     <span class='ocr_line' id='line_1_7' title="bbox 54 867 1119 944; baseline -0.002 -15"><span class='ocrx_word' id='word_1_51' title='bbox 54 872 201 930; x_wconf 88' lang='lat' dir='ltr'>consulem</span> <span class='ocrx_word' id='word_1_52' title='bbox 224 868 394 927; x_wconf 88' lang='lat' dir='ltr'>Marcellum</span> <span class='ocrx_word' id='word_1_53' title='bbox 422 877 459 937; x_wconf 88' lang='lat' dir='ltr'>et,</span> <span class='ocrx_word' id='word_1_54' title='bbox 488 868 583 941; x_wconf 90' lang='lat' dir='ltr'>prima</span> <span class='ocrx_word' id='word_1_55' title='bbox 609 867 705 924; x_wconf 87' lang='lat' dir='ltr'>hostia</span> <span class='ocrx_word' id='word_1_56' title='bbox 727 884 811 938; x_wconf 85' lang='lat' dir='ltr'>caesa,</span> <span class='ocrx_word' id='word_1_57' title='bbox 840 868 919 925; x_wconf 89' lang='lat' dir='ltr'>iecur</span> <span class='ocrx_word' id='word_1_58' title='bbox 941 869 1002 925; x_wconf 90' lang='lat' dir='ltr'>sine</span> <span class='ocrx_word' id='word_1_59' title='bbox 1024 870 1119 944; x_wconf 88' lang='lat' dir='ltr'>capite</span> 
     </span>
     <span class='ocr_line' id='line_1_8' title="bbox 54 971 1172 1046; baseline 0 -13"><span class='ocrx_word' id='word_1_60' title='bbox 54 977 211 1044; x_wconf 88' lang='lat' dir='ltr'>inventum,</span> <span class='ocrx_word' id='word_1_61' title='bbox 235 976 264 1030; x_wconf 93' lang='lat' dir='ltr'>in</span> <span class='ocrx_word' id='word_1_62' title='bbox 283 974 411 1030; x_wconf 89' lang='lat' dir='ltr'>secunda</span> <span class='ocrx_word' id='word_1_63' title='bbox 429 971 528 1028; x_wconf 86' lang='lat' dir='ltr'>omnia</span> <span class='ocrx_word' id='word_1_64' title='bbox 539 972 745 1046; x_wconf 88' lang='lat' dir='ltr'>comparuisse,</span> <span class='ocrx_word' id='word_1_65' title='bbox 768 991 832 1045; x_wconf 88' lang='lat' dir='ltr'>quae</span> <span class='ocrx_word' id='word_1_66' title='bbox 844 974 980 1044; x_wconf 79' lang='lat' dir='ltr'>assolent,</span> <span class='ocrx_word' id='word_1_67' title='bbox 1003 984 1118 1031; x_wconf 90' lang='lat' dir='ltr'>auctum</span> <span class='ocrx_word' id='word_1_68' title='bbox 1137 975 1172 1034; x_wconf 89' lang='grc'>14</span> 
     </span>
     <span class='ocr_line' id='line_1_9' title="bbox 54 1076 1119 1153; baseline -0.003 -14"><span class='ocrx_word' id='word_1_69' title='bbox 54 1083 143 1139; x_wconf 87' lang='lat' dir='ltr'>etiam</span> <span class='ocrx_word' id='word_1_70' title='bbox 165 1081 258 1137; x_wconf 87' lang='lat' dir='ltr'>visum</span> <span class='ocrx_word' id='word_1_71' title='bbox 281 1079 311 1135; x_wconf 90' lang='lat' dir='ltr'>in</span> <span class='ocrx_word' id='word_1_72' title='bbox 334 1077 444 1151; x_wconf 87' lang='lat' dir='ltr'>capite;</span> <span class='ocrx_word' id='word_1_73' title='bbox 476 1094 529 1134; x_wconf 89' lang='lat' dir='ltr'>nec</span> <span class='ocrx_word' id='word_1_74' title='bbox 552 1076 582 1132; x_wconf 93' lang='lat' dir='ltr'>id</span> <span class='ocrx_word' id='word_1_75' title='bbox 604 1095 674 1132; x_wconf 90' lang='lat' dir='ltr'>sane</span> <span class='ocrx_word' id='word_1_76' title='bbox 696 1077 844 1152; x_wconf 79' lang='lat' dir='ltr'>haruspici</span> <span class='ocrx_word' id='word_1_77' title='bbox 866 1079 1018 1152; x_wconf 80' lang='lat' dir='ltr'>placuisse,</span> <span class='ocrx_word' id='word_1_78' title='bbox 1041 1081 1119 1153; x_wconf 90' lang='lat' dir='ltr'>quod</span> 
     </span>
     <span class='ocr_line' id='line_1_10' title="bbox 54 1182 1118 1257; baseline -0.002 -14"><span class='ocrx_word' id='word_1_79' title='bbox 54 1185 212 1244; x_wconf 90' lang='lat' dir='ltr'>secundum</span> <span class='ocrx_word' id='word_1_80' title='bbox 249 1194 350 1240; x_wconf 89' lang='lat' dir='ltr'>trunca</span> <span class='ocrx_word' id='word_1_81' title='bbox 389 1190 417 1238; x_wconf 94' lang='lat' dir='ltr'>et</span> <span class='ocrx_word' id='word_1_82' title='bbox 456 1182 553 1255; x_wconf 87' lang='lat' dir='ltr'>turpia</span> <span class='ocrx_word' id='word_1_83' title='bbox 589 1190 657 1238; x_wconf 87' lang='lat' dir='ltr'>exta</span> <span class='ocrx_word' id='word_1_84' title='bbox 690 1183 775 1238; x_wconf 88' lang='lat' dir='ltr'>nimis</span> <span class='ocrx_word' id='word_1_85' title='bbox 808 1183 874 1239; x_wconf 80' lang='lat' dir='ltr'>laeta</span> <span class='ocrx_word' id='word_1_86' title='bbox 908 1184 1118 1257; x_wconf 82' lang='lat' dir='ltr'>apparuissent.</span> 
     </span>
     <span class='ocr_line' id='line_1_11' title="bbox 55 1285 1214 1360; baseline -0.002 -12"><span class='ocrx_word' id='word_1_87' title='bbox 55 1290 190 1348; x_wconf 86' lang='lat' dir='ltr'>Ceterum</span> <span class='ocrx_word' id='word_1_88' title='bbox 213 1288 360 1344; x_wconf 90' lang='lat' dir='ltr'>consulem</span> <span class='ocrx_word' id='word_1_89' title='bbox 378 1287 548 1344; x_wconf 88' lang='lat' dir='ltr'>Marcellum</span> <span class='ocrx_word' id='word_1_90' title='bbox 570 1295 652 1343; x_wconf 88' lang='lat' dir='ltr'>tanta</span> <span class='ocrx_word' id='word_1_91' title='bbox 672 1286 814 1360; x_wconf 85' lang='lat' dir='ltr'>cupiditas</span> <span class='ocrx_word' id='word_1_92' title='bbox 831 1289 947 1344; x_wconf 89' lang='lat' dir='ltr'>tenebat</span> <span class='ocrx_word' id='word_1_93' title='bbox 962 1289 1118 1346; x_wconf 89' lang='lat' dir='ltr'>dimicandi</span> <span class='ocrx_word' id='word_1_94' title='bbox 1172 1285 1214 1353; x_wconf 71' lang='lat'>27</span> 
     </span>
     <span class='ocr_line' id='line_1_12' title="bbox 54 1392 1118 1465; baseline -0.002 -12"><span class='ocrx_word' id='word_1_95' title='bbox 54 1415 120 1453; x_wconf 90' lang='lat' dir='ltr'>cum</span> <span class='ocrx_word' id='word_1_96' title='bbox 145 1392 327 1461; x_wconf 85' lang='lat' dir='ltr'>Hannibale,</span> <span class='ocrx_word' id='word_1_97' title='bbox 360 1401 392 1447; x_wconf 90' lang='lat' dir='ltr'>nt</span> <span class='ocrx_word' id='word_1_98' title='bbox 420 1410 569 1465; x_wconf 90' lang='lat' dir='ltr'>nunquam</span> <span class='ocrx_word' id='word_1_99' title='bbox 591 1392 661 1448; x_wconf 86' lang='lat' dir='ltr'>satis</span> <span class='ocrx_word' id='word_1_100' title='bbox 683 1402 781 1448; x_wconf 89' lang='lat' dir='ltr'>castra</span> <span class='ocrx_word' id='word_1_101' title='bbox 802 1392 905 1449; x_wconf 90' lang='lat' dir='ltr'>castris</span> <span class='ocrx_word' id='word_1_102' title='bbox 928 1394 1035 1450; x_wconf 91' lang='lat' dir='ltr'>collata</span> <span class='ocrx_word' id='word_1_103' title='bbox 1057 1413 1118 1450; x_wconf 87' lang='lat' dir='ltr'>cre·</span> 
     </span>
     <span class='ocr_line' id='line_1_13' title="bbox 55 1497 1149 1572; baseline 0 -15"><span class='ocrx_word' id='word_1_104' title='bbox 55 1503 150 1570; x_wconf 81' lang='lat' dir='ltr'>deret3</span> <span class='ocrx_word' id='word_1_105' title='bbox 173 1509 234 1555; x_wconf 89' lang='lat' dir='ltr'>tum</span> <span class='ocrx_word' id='word_1_106' title='bbox 257 1516 372 1571; x_wconf 89' lang='lat' dir='ltr'>quoqne</span> <span class='ocrx_word' id='word_1_107' title='bbox 393 1497 472 1553; x_wconf 86' lang='lat' dir='ltr'>vallo</span> <span class='ocrx_word' id='word_1_108' title='bbox 495 1497 645 1571; x_wconf 86' lang='lat' dir='ltr'>egrediens</span> <span class='ocrx_word' id='word_1_109' title='bbox 667 1498 780 1572; x_wconf 90' lang='lat' dir='ltr'>signum</span> <span class='ocrx_word' id='word_1_110' title='bbox 806 1497 893 1567; x_wconf 83' lang='lat' dir='ltr'>dedit,</span> <span class='ocrx_word' id='word_1_111' title='bbox 916 1506 947 1552; x_wconf 91' lang='lat' dir='ltr'>ut</span> <span class='ocrx_word' id='word_1_112' title='bbox 968 1498 1005 1554; x_wconf 93' lang='lat' dir='ltr'>ad</span> <span class='ocrx_word' id='word_1_113' title='bbox 1023 1498 1149 1557; x_wconf 76' lang='lat' dir='ltr'>locum2</span> 
     </span>
     <span class='ocr_line' id='line_1_14' title="bbox 56 1601 1118 1676; baseline -0.003 -13"><span class='ocrx_word' id='word_1_114' title='bbox 56 1607 138 1663; x_wconf 87' lang='lat' dir='ltr'>miles</span> <span class='ocrx_word' id='word_1_115' title='bbox 159 1612 235 1661; x_wconf 89' lang='lat' dir='ltr'>esset</span> <span class='ocrx_word' id='word_1_116' title='bbox 258 1611 394 1676; x_wconf 86' lang='lat' dir='ltr'>paratus,</span> <span class='ocrx_word' id='word_1_117' title='bbox 416 1611 462 1670; x_wconf 92' lang='lat' dir='ltr'>ut,</span> <span class='ocrx_word' id='word_1_118' title='bbox 490 1601 514 1657; x_wconf 88' lang='lat' dir='ltr'>si</span> <span class='ocrx_word' id='word_1_119' title='bbox 544 1601 635 1670; x_wconf 90' lang='lat' dir='ltr'>collis,</span> <span class='ocrx_word' id='word_1_120' title='bbox 664 1601 694 1656; x_wconf 90' lang='lat' dir='ltr'>in</span> <span class='ocrx_word' id='word_1_121' title='bbox 722 1620 806 1675; x_wconf 89' lang='lat' dir='ltr'>quem</span> <span class='ocrx_word' id='word_1_122' title='bbox 834 1602 1012 1676; x_wconf 88' lang='lat' dir='ltr'>speculatum</span> <span class='ocrx_word' id='word_1_123' title='bbox 1035 1603 1118 1674; x_wconf 89' lang='lat' dir='ltr'>irent,</span> 
     </span>
     <span class='ocr_line' id='line_1_15' title="bbox 56 1707 1150 1786; baseline -0.005 -19"><span class='ocrx_word' id='word_1_124' title='bbox 56 1710 228 1786; x_wconf 81' lang='lat' dir='ltr'>placuisset,</span> <span class='ocrx_word' id='word_1_125' title='bbox 262 1726 335 1764; x_wconf 88' lang='lat' dir='ltr'>vasa</span> <span class='ocrx_word' id='word_1_126' title='bbox 363 1707 531 1781; x_wconf 88' lang='lat' dir='ltr'>colligerent</span> <span class='ocrx_word' id='word_1_127' title='bbox 553 1716 582 1764; x_wconf 87' lang='lat' dir='ltr'>et</span> <span class='ocrx_word' id='word_1_128' title='bbox 609 1718 805 1778; x_wconf 85' lang='lat' dir='ltr'>sequerentur.</span> <span class='ocrx_word' id='word_1_129' title='bbox 852 1707 998 1780; x_wconf 86' lang='lat' dir='ltr'>Exiguum</span> <span class='ocrx_word' id='word_1_130' title='bbox 1023 1707 1150 1783; x_wconf 88' lang='lat' dir='ltr'>campi3</span> 
     </span>
     <span class='ocr_line' id='line_1_16' title="bbox 55 1811 1120 1886; baseline -0.004 -14"><span class='ocrx_word' id='word_1_131' title='bbox 55 1824 124 1872; x_wconf 89' lang='lat' dir='ltr'>ante</span> <span class='ocrx_word' id='word_1_132' title='bbox 145 1823 241 1870; x_wconf 88' lang='lat' dir='ltr'>castra</span> <span class='ocrx_word' id='word_1_133' title='bbox 263 1821 341 1881; x_wconf 88' lang='lat' dir='ltr'>erat;</span> <span class='ocrx_word' id='word_1_134' title='bbox 375 1812 442 1869; x_wconf 91' lang='lat' dir='ltr'>inde</span> <span class='ocrx_word' id='word_1_135' title='bbox 464 1812 493 1866; x_wconf 89' lang='lat' dir='ltr'>in</span> <span class='ocrx_word' id='word_1_136' title='bbox 516 1812 616 1868; x_wconf 87' lang='lat' dir='ltr'>collem</span> <span class='ocrx_word' id='word_1_137' title='bbox 641 1819 743 1885; x_wconf 89' lang='lat' dir='ltr'>aperta</span> <span class='ocrx_word' id='word_1_138' title='bbox 763 1811 891 1885; x_wconf 89' lang='lat' dir='ltr'>undique</span> <span class='ocrx_word' id='word_1_139' title='bbox 914 1818 942 1866; x_wconf 93' lang='lat' dir='ltr'>et</span> <span class='ocrx_word' id='word_1_140' title='bbox 964 1823 1120 1886; x_wconf 87' lang='lat' dir='ltr'>conspecta</span> 
     </span>
     <span class='ocr_line' id='line_1_17' title="bbox 54 1916 1120 1991; baseline 0 -16"><span class='ocrx_word' id='word_1_141' title='bbox 54 1918 168 1975; x_wconf 82' lang='lat' dir='ltr'>ferebat</span> <span class='ocrx_word' id='word_1_142' title='bbox 199 1917 257 1972; x_wconf 87' lang='lat' dir='ltr'>via.</span> <span class='ocrx_word' id='word_1_143' title='bbox 300 1916 436 1973; x_wconf 88' lang='lat' dir='ltr'>Numidis</span> <span class='ocrx_word' id='word_1_144' title='bbox 458 1916 632 1990; x_wconf 83' lang='lat' dir='ltr'>speculator,</span> <span class='ocrx_word' id='word_1_145' title='bbox 659 1933 844 1989; x_wconf 88' lang='lat' dir='ltr'>nequaquam</span> <span class='ocrx_word' id='word_1_146' title='bbox 874 1916 903 1971; x_wconf 92' lang='lat' dir='ltr'>in</span> <span class='ocrx_word' id='word_1_147' title='bbox 927 1934 1008 1991; x_wconf 90' lang='lat' dir='ltr'>spem</span> <span class='ocrx_word' id='word_1_148' title='bbox 1033 1927 1120 1975; x_wconf 79' lang='lat' dir='ltr'>tantca</span> 
     </span>
     <span class='ocr_line' id='line_1_18' title="bbox 55 2020 1121 2097; baseline 0 -17"><span class='ocrx_word' id='word_1_149' title='bbox 55 2023 98 2080; x_wconf 91' lang='lat' dir='ltr'>rei</span> <span class='ocrx_word' id='word_1_150' title='bbox 131 2023 257 2097; x_wconf 89' lang='lat' dir='ltr'>positus,</span> <span class='ocrx_word' id='word_1_151' title='bbox 294 2022 344 2077; x_wconf 88' lang='lat' dir='ltr'>sed</span> <span class='ocrx_word' id='word_1_152' title='bbox 377 2021 402 2076; x_wconf 93' lang='lat' dir='ltr'>si</span> <span class='ocrx_word' id='word_1_153' title='bbox 429 2038 502 2093; x_wconf 89' lang='lat' dir='ltr'>qnos</span> <span class='ocrx_word' id='word_1_154' title='bbox 536 2038 628 2094; x_wconf 87' lang='lat' dir='ltr'>vagos</span> <span class='ocrx_word' id='word_1_155' title='bbox 655 2021 754 2094; x_wconf 86' lang='lat' dir='ltr'>pabuli</span> <span class='ocrx_word' id='word_1_156' title='bbox 784 2029 834 2077; x_wconf 87' lang='lat' dir='ltr'>aut</span> <span class='ocrx_word' id='word_1_157' title='bbox 865 2020 1008 2095; x_wconf 87' lang='lat' dir='ltr'>lignorum</span> <span class='ocrx_word' id='word_1_158' title='bbox 1032 2040 1121 2081; x_wconf 89' lang='lat' dir='ltr'>causa</span> 
     </span>
     <span class='ocr_line' id='line_1_19' title="bbox 55 2125 1121 2203; baseline -0.001 -17"><span class='ocrx_word' id='word_1_159' title='bbox 55 2129 170 2203; x_wconf 87' lang='lat' dir='ltr'>longius</span> <span class='ocrx_word' id='word_1_160' title='bbox 193 2146 212 2184; x_wconf 88' lang='lat' dir='ltr'>a</span> <span class='ocrx_word' id='word_1_161' title='bbox 233 2127 335 2183; x_wconf 89' lang='lat' dir='ltr'>castris</span> <span class='ocrx_word' id='word_1_162' title='bbox 357 2142 528 2200; x_wconf 87' lang='lat' dir='ltr'>progressos</span> <span class='ocrx_word' id='word_1_163' title='bbox 552 2134 672 2199; x_wconf 89' lang='lat' dir='ltr'>possent</span> <span class='ocrx_word' id='word_1_164' title='bbox 693 2125 843 2198; x_wconf 88' lang='lat' dir='ltr'>excipere,</span> <span class='ocrx_word' id='word_1_165' title='bbox 865 2126 978 2200; x_wconf 89' lang='lat' dir='ltr'>signnm</span> <span class='ocrx_word' id='word_1_166' title='bbox 1001 2128 1067 2198; x_wconf 87' lang='lat' dir='ltr'>dat,</span> <span class='ocrx_word' id='word_1_167' title='bbox 1089 2137 1121 2185; x_wconf 89' lang='lat' dir='ltr'>nt</span> 
     </span>
     <span class='ocr_line' id='line_1_20' title="bbox 54 2229 1150 2309; baseline 0.003 -19"><span class='ocrx_word' id='word_1_168' title='bbox 54 2233 165 2309; x_wconf 88' lang='lat' dir='ltr'>pariter</span> <span class='ocrx_word' id='word_1_169' title='bbox 192 2233 229 2289; x_wconf 89' lang='lat' dir='ltr'>ab</span> <span class='ocrx_word' id='word_1_170' title='bbox 257 2231 386 2304; x_wconf 90' lang='lat' dir='ltr'>utrisque</span> <span class='ocrx_word' id='word_1_171' title='bbox 418 2229 556 2287; x_wconf 90' lang='lat' dir='ltr'>lateribus</span> <span class='ocrx_word' id='word_1_172' title='bbox 586 2239 782 2287; x_wconf 89' lang='lat' dir='ltr'>exorerentur.</span> <span class='ocrx_word' id='word_1_173' title='bbox 830 2231 899 2288; x_wconf 89' lang='lat' dir='ltr'>Non</span> <span class='ocrx_word' id='word_1_174' title='bbox 929 2242 996 2289; x_wconf 85' lang='lat' dir='ltr'>ante</span> <span class='ocrx_word' id='word_1_175' title='bbox 1030 2242 1150 2309; x_wconf 75' lang='lat' dir='ltr'>appa-l</span> 
     </span>
     <span class='ocr_line' id='line_1_21' title="bbox 56 2335 1119 2412; baseline -0.002 -17"><span class='ocrx_word' id='word_1_176' title='bbox 56 2357 153 2409; x_wconf 88' lang='lat' dir='ltr'>ruere,</span> <span class='ocrx_word' id='word_1_177' title='bbox 184 2338 288 2412; x_wconf 88' lang='lat' dir='ltr'>quibus</span> <span class='ocrx_word' id='word_1_178' title='bbox 314 2336 408 2393; x_wconf 88' lang='lat' dir='ltr'>obviis</span> <span class='ocrx_word' id='word_1_179' title='bbox 431 2338 468 2394; x_wconf 91' lang='lat' dir='ltr'>ab</span> <span class='ocrx_word' id='word_1_180' title='bbox 490 2337 559 2411; x_wconf 91' lang='lat' dir='ltr'>ingo</span> <span class='ocrx_word' id='word_1_181' title='bbox 581 2335 645 2411; x_wconf 91' lang='lat' dir='ltr'>ipso</span> <span class='ocrx_word' id='word_1_182' title='bbox 668 2336 898 2409; x_wconf 89' lang='lat' dir='ltr'>consurgendum</span> <span class='ocrx_word' id='word_1_183' title='bbox 924 2345 1001 2406; x_wconf 87' lang='lat' dir='ltr'>erat,</span> <span class='ocrx_word' id='word_1_184' title='bbox 1032 2347 1119 2410; x_wconf 87' lang='lat' dir='ltr'>quam</span> 
     </span>
     <span class='ocr_line' id='line_1_22' title="bbox 54 2439 1121 2516; baseline -0.001 -17"><span class='ocrx_word' id='word_1_185' title='bbox 54 2443 233 2512; x_wconf 86' lang='lat' dir='ltr'>circumiere,</span> <span class='ocrx_word' id='word_1_186' title='bbox 256 2441 305 2514; x_wconf 89' lang='lat' dir='ltr'>qui</span> <span class='ocrx_word' id='word_1_187' title='bbox 327 2442 365 2498; x_wconf 90' lang='lat' dir='ltr'>ab</span> <span class='ocrx_word' id='word_1_188' title='bbox 388 2449 470 2515; x_wconf 87' lang='lat' dir='ltr'>tergo</span> <span class='ocrx_word' id='word_1_189' title='bbox 487 2440 666 2497; x_wconf 89' lang='lat' dir='ltr'>includerent</span> <span class='ocrx_word' id='word_1_190' title='bbox 683 2439 778 2508; x_wconf 85' lang='lat' dir='ltr'>viam;</span> <span class='ocrx_word' id='word_1_191' title='bbox 800 2450 860 2497; x_wconf 87' lang='lat' dir='ltr'>tum</span> <span class='ocrx_word' id='word_1_192' title='bbox 877 2442 1004 2516; x_wconf 89' lang='lat' dir='ltr'>undique</span> <span class='ocrx_word' id='word_1_193' title='bbox 1020 2461 1121 2499; x_wconf 88' lang='lat' dir='ltr'>omnes</span> 
     </span>
     <span class='ocr_line' id='line_1_23' title="bbox 56 2544 1151 2618; baseline 0.004 -15"><span class='ocrx_word' id='word_1_194' title='bbox 56 2548 152 2604; x_wconf 84' lang='lat' dir='ltr'>exorti</span> <span class='ocrx_word' id='word_1_195' title='bbox 182 2555 210 2603; x_wconf 91' lang='lat' dir='ltr'>et</span> <span class='ocrx_word' id='word_1_196' title='bbox 237 2546 364 2602; x_wconf 89' lang='lat' dir='ltr'>clamore</span> <span class='ocrx_word' id='word_1_197' title='bbox 385 2547 499 2602; x_wconf 86' lang='lat' dir='ltr'>sublato</span> <span class='ocrx_word' id='word_1_198' title='bbox 521 2546 660 2618; x_wconf 88' lang='lat' dir='ltr'>impetum</span> <span class='ocrx_word' id='word_1_199' title='bbox 682 2544 784 2602; x_wconf 83' lang='lat' dir='ltr'>fecere.</span> <span class='ocrx_word' id='word_1_200' title='bbox 834 2546 931 2618; x_wconf 82' lang='lat' dir='ltr'>Quum</span> <span class='ocrx_word' id='word_1_201' title='bbox 945 2547 975 2602; x_wconf 91' lang='lat' dir='ltr'>in</span> <span class='ocrx_word' id='word_1_202' title='bbox 996 2566 1031 2604; x_wconf 89' lang='lat' dir='ltr'>ea</span> <span class='ocrx_word' id='word_1_203' title='bbox 1045 2547 1151 2607; x_wconf 75' lang='lat' dir='ltr'>valleb</span> 
     </span>
     <span class='ocr_line' id='line_1_24' title="bbox 55 2649 1120 2725; baseline 0.001 -18"><span class='ocrx_word' id='word_1_204' title='bbox 55 2650 189 2707; x_wconf 90' lang='lat' dir='ltr'>consules</span> <span class='ocrx_word' id='word_1_205' title='bbox 211 2657 315 2718; x_wconf 88' lang='lat' dir='ltr'>essent,</span> <span class='ocrx_word' id='word_1_206' title='bbox 337 2657 369 2704; x_wconf 91' lang='lat' dir='ltr'>ut</span> <span class='ocrx_word' id='word_1_207' title='bbox 390 2668 483 2722; x_wconf 87' lang='lat' dir='ltr'>neque</span> <span class='ocrx_word' id='word_1_208' title='bbox 504 2649 628 2704; x_wconf 89' lang='lat' dir='ltr'>evadere</span> <span class='ocrx_word' id='word_1_209' title='bbox 648 2659 768 2722; x_wconf 86' lang='lat' dir='ltr'>possent</span> <span class='ocrx_word' id='word_1_210' title='bbox 782 2650 812 2704; x_wconf 92' lang='lat' dir='ltr'>in</span> <span class='ocrx_word' id='word_1_211' title='bbox 831 2650 930 2724; x_wconf 88' lang='lat' dir='ltr'>iugum</span> <span class='ocrx_word' id='word_1_212' title='bbox 949 2660 1120 2725; x_wconf 89' lang='lat' dir='ltr'>occupatum</span> 
     </span>
     <span class='ocr_line' id='line_1_25' title="bbox 58 2753 1145 2834; baseline 0.002 -23"><span class='ocrx_word' id='word_1_213' title='bbox 58 2757 96 2811; x_wconf 90' lang='lat' dir='ltr'>ab</span> <span class='ocrx_word' id='word_1_214' title='bbox 117 2756 202 2811; x_wconf 90' lang='lat' dir='ltr'>hoste</span> <span class='ocrx_word' id='word_1_215' title='bbox 231 2771 284 2810; x_wconf 90' lang='lat' dir='ltr'>nec</span> <span class='ocrx_word' id='word_1_216' title='bbox 310 2763 456 2826; x_wconf 90' lang='lat' dir='ltr'>receptum</span> <span class='ocrx_word' id='word_1_217' title='bbox 478 2755 515 2809; x_wconf 89' lang='lat' dir='ltr'>ab</span> <span class='ocrx_word' id='word_1_218' title='bbox 532 2762 613 2834; x_wconf 78' lang='lat' dir='ltr'>tergo</span> <span class='ocrx_word' id='word_1_219' title='bbox 634 2753 821 2809; x_wconf 89' lang='lat' dir='ltr'>circumventi</span> <span class='ocrx_word' id='word_1_220' title='bbox 836 2754 985 2823; x_wconf 88' lang='lat' dir='ltr'>haberent,</span> <span class='ocrx_word' id='word_1_221' title='bbox 1008 2755 1145 2814; x_wconf 76' lang='lat' dir='ltr'>extrahi</span> 
     </span>
     <span class='ocr_line' id='line_1_26' title="bbox 55 2856 1122 2933; baseline -0.002 -17"><span class='ocrx_word' id='word_1_222' title='bbox 55 2868 156 2916; x_wconf 88' lang='lat' dir='ltr'>tamen</span> <span class='ocrx_word' id='word_1_223' title='bbox 178 2858 285 2916; x_wconf 89' lang='lat' dir='ltr'>diutius</span> <span class='ocrx_word' id='word_1_224' title='bbox 309 2866 456 2915; x_wconf 85' lang='lat' dir='ltr'>certamen</span> <span class='ocrx_word' id='word_1_225' title='bbox 480 2858 637 2932; x_wconf 88' lang='lat' dir='ltr'>potuisset,</span> <span class='ocrx_word' id='word_1_226' title='bbox 669 2856 699 2913; x_wconf 90' lang='lat' dir='ltr'>ni</span> <span class='ocrx_word' id='word_1_227' title='bbox 724 2867 820 2931; x_wconf 87' lang='lat' dir='ltr'>coepta</span> <span class='ocrx_word' id='word_1_228' title='bbox 840 2857 877 2914; x_wconf 89' lang='lat' dir='ltr'>ab</span> <span class='ocrx_word' id='word_1_229' title='bbox 898 2858 1029 2929; x_wconf 86' lang='lat' dir='ltr'>Etruscis</span> <span class='ocrx_word' id='word_1_230' title='bbox 1050 2857 1122 2933; x_wconf 87' lang='lat' dir='ltr'>fuga</span> 
     </span>
     <span class='ocr_line' id='line_1_27' title="bbox 57 2962 1152 3039; baseline -0.002 -18"><span class='ocrx_word' id='word_1_231' title='bbox 57 2983 197 3039; x_wconf 87' lang='lat' dir='ltr'>pavorem</span> <span class='ocrx_word' id='word_1_232' title='bbox 238 2963 339 3020; x_wconf 90' lang='lat' dir='ltr'>ceteris</span> <span class='ocrx_word' id='word_1_233' title='bbox 373 2962 526 3024; x_wconf 87' lang='lat' dir='ltr'>iniecisset.</span> <span class='ocrx_word' id='word_1_234' title='bbox 584 2963 654 3020; x_wconf 92' lang='lat' dir='ltr'>Non</span> <span class='ocrx_word' id='word_1_235' title='bbox 694 2970 792 3018; x_wconf 86' lang='lat' dir='ltr'>tamen</span> <span class='ocrx_word' id='word_1_236' title='bbox 833 2962 956 3020; x_wconf 89' lang='lat' dir='ltr'>omisere</span> <span class='ocrx_word' id='word_1_237' title='bbox 993 2965 1152 3038; x_wconf 82' lang='lat' dir='ltr'>pugnamb</span> 
     </span>
     <span class='ocr_line' id='line_1_28' title="bbox 57 3045 1121 3142; baseline -0.001 -17"><span class='ocrx_word' id='word_1_238' title='bbox 57 3070 164 3127; x_wconf 88' lang='lat' dir='ltr'>deserti</span> <span class='ocrx_word' id='word_1_239' title='bbox 186 3071 223 3126; x_wconf 90' lang='lat' dir='ltr'>ab</span> <span class='ocrx_word' id='word_1_240' title='bbox 245 3068 376 3126; x_wconf 85' lang='lat' dir='ltr'>Etruscis</span> <span class='ocrx_word' id='word_1_241' title='bbox 401 3067 575 3142; x_wconf 86' lang='lat' dir='ltr'>Fregellani,</span> <span class='ocrx_word' id='word_1_242' title='bbox 598 3045 690 3124; x_wconf 88' lang='lat' dir='ltr'>donec</span> <span class='ocrx_word' id='word_1_243' title='bbox 712 3067 816 3141; x_wconf 86' lang='lat' dir='ltr'>integri</span> <span class='ocrx_word' id='word_1_244' title='bbox 834 3068 966 3125; x_wconf 89' lang='lat' dir='ltr'>consules</span> <span class='ocrx_word' id='word_1_245' title='bbox 976 3068 1121 3125; x_wconf 87' lang='lat' dir='ltr'>hortando</span> 
     </span>
     <span class='ocr_line' id='line_1_29' title="bbox 58 3172 1151 3250; baseline 0 -21"><span class='ocrx_word' id='word_1_246' title='bbox 58 3174 171 3250; x_wconf 88' lang='lat' dir='ltr'>ipsique</span> <span class='ocrx_word' id='word_1_247' title='bbox 201 3193 239 3231; x_wconf 87' lang='lat' dir='ltr'>ex</span> <span class='ocrx_word' id='word_1_248' title='bbox 265 3183 347 3249; x_wconf 88' lang='lat' dir='ltr'>parte</span> <span class='ocrx_word' id='word_1_249' title='bbox 376 3173 533 3248; x_wconf 88' lang='lat' dir='ltr'>pugnando</span> <span class='ocrx_word' id='word_1_250' title='bbox 564 3191 625 3228; x_wconf 89' lang='lat' dir='ltr'>rem</span> <span class='ocrx_word' id='word_1_251' title='bbox 656 3172 851 3243; x_wconf 83' lang='lat' dir='ltr'>sustinebant3</span> <span class='ocrx_word' id='word_1_252' title='bbox 885 3173 935 3229; x_wconf 89' lang='lat' dir='ltr'>sed</span> <span class='ocrx_word' id='word_1_253' title='bbox 965 3176 1151 3248; x_wconf 73' lang='lat' dir='ltr'>postquami</span> 
     </span>
     <span class='ocr_line' id='line_1_30' title="bbox 58 3276 1122 3345; baseline -0.001 -11"><span class='ocrx_word' id='word_1_254' title='bbox 58 3280 224 3343; x_wconf 88' lang='lat' dir='ltr'>vulneratos</span> <span class='ocrx_word' id='word_1_255' title='bbox 247 3280 333 3335; x_wconf 90' lang='lat' dir='ltr'>ambo</span> <span class='ocrx_word' id='word_1_256' title='bbox 356 3278 498 3345; x_wconf 89' lang='lat' dir='ltr'>consules,</span> <span class='ocrx_word' id='word_1_257' title='bbox 522 3276 693 3332; x_wconf 87' lang='lat' dir='ltr'>Marcellum</span> <span class='ocrx_word' id='word_1_258' title='bbox 716 3276 802 3332; x_wconf 87' lang='lat' dir='ltr'>ctiam</span> <span class='ocrx_word' id='word_1_259' title='bbox 827 3280 998 3335; x_wconf 87' lang='lat' dir='ltr'>transfixum</span> <span class='ocrx_word' id='word_1_260' title='bbox 1020 3279 1122 3334; x_wconf 88' lang='lat' dir='ltr'>lancea</span> 
     </span>
     <span class='ocr_line' id='line_1_31' title="bbox 58 3380 1122 3457; baseline -0.001 -18"><span class='ocrx_word' id='word_1_261' title='bbox 58 3384 256 3457; x_wconf 87' lang='lat' dir='ltr'>prolabentem</span> <span class='ocrx_word' id='word_1_262' title='bbox 276 3402 313 3440; x_wconf 89' lang='lat' dir='ltr'>ex</span> <span class='ocrx_word' id='word_1_263' title='bbox 335 3400 410 3456; x_wconf 89' lang='lat' dir='ltr'>equo</span> <span class='ocrx_word' id='word_1_264' title='bbox 429 3380 631 3438; x_wconf 89' lang='lat' dir='ltr'>moribundum</span> <span class='ocrx_word' id='word_1_265' title='bbox 651 3380 759 3452; x_wconf 89' lang='lat' dir='ltr'>videre,</span> <span class='ocrx_word' id='word_1_266' title='bbox 781 3391 841 3438; x_wconf 85' lang='lat' dir='ltr'>tum</span> <span class='ocrx_word' id='word_1_267' title='bbox 861 3392 889 3438; x_wconf 87' lang='lat' dir='ltr'>et</span> <span class='ocrx_word' id='word_1_268' title='bbox 904 3382 960 3456; x_wconf 91' lang='lat' dir='ltr'>ipsi</span> <span class='ocrx_word' id='word_1_269' title='bbox 970 3381 1122 3456; x_wconf 81' lang='lat' dir='ltr'>(perpauci</span> 
     </span>
     <span class='ocr_line' id='line_1_32' title="bbox 59 3483 1121 3562; baseline 0 -19"><span class='ocrx_word' id='word_1_270' title='bbox 59 3497 156 3543; x_wconf 87' lang='lat' dir='ltr'>antem</span> <span class='ocrx_word' id='word_1_271' title='bbox 184 3487 365 3562; x_wconf 88' lang='lat' dir='ltr'>supererant)</span> <span class='ocrx_word' id='word_1_272' title='bbox 398 3506 461 3544; x_wconf 88' lang='lat' dir='ltr'>cum</span> <span class='ocrx_word' id='word_1_273' title='bbox 493 3483 627 3558; x_wconf 85' lang='lat' dir='ltr'>Crispino</span> <span class='ocrx_word' id='word_1_274' title='bbox 659 3487 776 3543; x_wconf 88' lang='lat' dir='ltr'>consule</span> <span class='ocrx_word' id='word_1_275' title='bbox 798 3488 910 3544; x_wconf 89' lang='lat' dir='ltr'>dnobus</span> <span class='ocrx_word' id='word_1_276' title='bbox 935 3486 1037 3543; x_wconf 90' lang='lat' dir='ltr'>iaculis</span> <span class='ocrx_word' id='word_1_277' title='bbox 1063 3487 1121 3543; x_wconf 90' lang='lat' dir='ltr'>icto</span> 
     </span>
    </p>
   </div>
   <div class='ocr_carea' id='block_1_3' title="bbox 57 3589 1152 3872">
    <p class='ocr_par' dir='ltr' id='par_1_3' title="bbox 57 3589 1152 3872">
     <span class='ocr_line' id='line_1_33' title="bbox 59 3589 1152 3664; baseline 0.001 -17"><span class='ocrx_word' id='word_1_278' title='bbox 59 3601 89 3647; x_wconf 89' lang='lat' dir='ltr'>et</span> <span class='ocrx_word' id='word_1_279' title='bbox 110 3591 249 3647; x_wconf 88' lang='lat' dir='ltr'>Marcello</span> <span class='ocrx_word' id='word_1_280' title='bbox 265 3592 457 3662; x_wconf 84' lang='lat' dir='ltr'>adolescente,</span> <span class='ocrx_word' id='word_1_281' title='bbox 479 3591 578 3648; x_wconf 89' lang='lat' dir='ltr'>sancio</span> <span class='ocrx_word' id='word_1_282' title='bbox 594 3599 622 3647; x_wconf 87' lang='lat' dir='ltr'>et</span> <span class='ocrx_word' id='word_1_283' title='bbox 637 3591 710 3664; x_wconf 89' lang='lat' dir='ltr'>ipso,</span> <span class='ocrx_word' id='word_1_284' title='bbox 732 3589 903 3664; x_wconf 81' lang='lat' dir='ltr'>effugerunt.</span> <span class='ocrx_word' id='word_1_285' title='bbox 949 3591 1152 3650; x_wconf 88' lang='lat' dir='ltr'>Interfectns8</span> 
     </span>
     <span class='ocr_line' id='line_1_34' title="bbox 57 3677 1119 3769; baseline 0.001 -17"><span class='ocrx_word' id='word_1_286' title='bbox 57 3699 98 3756; x_wconf 88' lang='grc' dir='ltr'>Α.</span> <span class='ocrx_word' id='word_1_287' title='bbox 123 3695 250 3752; x_wconf 90' lang='lat' dir='ltr'>Manlius</span> <span class='ocrx_word' id='word_1_288' title='bbox 278 3696 408 3752; x_wconf 89' lang='lat' dir='ltr'>tribunus</span> <span class='ocrx_word' id='word_1_289' title='bbox 430 3695 569 3762; x_wconf 88' lang='lat' dir='ltr'>militum,</span> <span class='ocrx_word' id='word_1_290' title='bbox 605 3704 634 3750; x_wconf 90' lang='lat' dir='ltr'>et</span> <span class='ocrx_word' id='word_1_291' title='bbox 656 3714 693 3752; x_wconf 89' lang='lat' dir='ltr'>ex</span> <span class='ocrx_word' id='word_1_292' title='bbox 713 3695 827 3751; x_wconf 91' lang='lat' dir='ltr'>duobus</span> <span class='ocrx_word' id='word_1_293' title='bbox 846 3694 989 3769; x_wconf 69' lang='lat' dir='ltr'>prefectis</span> <span class='ocrx_word' id='word_1_294' title='bbox 1010 3677 1119 3753; x_wconf 63' lang='lat' dir='ltr'>decium</span> 
     </span>
     <span class='ocr_line' id='line_1_35' title="bbox 59 3799 1120 3872; baseline -0.001 -17"><span class='ocrx_word' id='word_1_295' title='bbox 59 3801 109 3856; x_wconf 90' lang='lat' dir='ltr'>M’.</span> <span class='ocrx_word' id='word_1_296' title='bbox 134 3799 250 3856; x_wconf 82' lang='lat' dir='ltr'>Avilics</span> <span class='ocrx_word' id='word_1_297' title='bbox 273 3801 398 3870; x_wconf 86' lang='lat' dir='ltr'>occisas,</span> <span class='ocrx_word' id='word_1_298' title='bbox 434 3801 471 3858; x_wconf 87' lang='lat' dir='ltr'>L.</span> <span class='ocrx_word' id='word_1_299' title='bbox 493 3799 635 3858; x_wconf 89' lang='lat' dir='ltr'>Arrenius</span> <span class='ocrx_word' id='word_1_300' title='bbox 657 3808 774 3872; x_wconf 86' lang='lat' dir='ltr'>captus3</span> <span class='ocrx_word' id='word_1_301' title='bbox 796 3808 825 3854; x_wconf 90' lang='lat' dir='ltr'>et</span> <span class='ocrx_word' id='word_1_302' title='bbox 839 3799 955 3856; x_wconf 86' lang='lat' dir='ltr'>lictores</span> <span class='ocrx_word' id='word_1_303' title='bbox 971 3799 1120 3854; x_wconf 89' lang='lat' dir='ltr'>consulum</span> 
     </span>
    </p>
   </div>
   <div class='ocr_carea' id='block_1_4' title="bbox 58 3903 1151 3980">
    <p class='ocr_par' dir='ltr' id='par_1_4' title="bbox 58 3903 1151 3980">
     <span class='ocr_line' id='line_1_36' title="bbox 58 3903 1151 3980; baseline 0 -20"><span class='ocrx_word' id='word_1_304' title='bbox 58 3905 188 3979; x_wconf 87' lang='lat' dir='ltr'>quinque</span> <span class='ocrx_word' id='word_1_305' title='bbox 209 3903 270 3960; x_wconf 85' lang='lat' dir='ltr'>vivi</span> <span class='ocrx_word' id='word_1_306' title='bbox 291 3904 320 3961; x_wconf 91' lang='lat' dir='ltr'>in</span> <span class='ocrx_word' id='word_1_307' title='bbox 340 3905 468 3963; x_wconf 89' lang='lat' dir='ltr'>hostium</span> <span class='ocrx_word' id='word_1_308' title='bbox 492 3913 665 3980; x_wconf 86' lang='lat' dir='ltr'>potestatem</span> <span class='ocrx_word' id='word_1_309' title='bbox 687 3910 836 3972; x_wconf 87' lang='lat' dir='ltr'>venerunt,</span> <span class='ocrx_word' id='word_1_310' title='bbox 859 3903 946 3960; x_wconf 88' lang='lat' dir='ltr'>ceteri</span> <span class='ocrx_word' id='word_1_311' title='bbox 967 3913 1018 3960; x_wconf 91' lang='lat' dir='ltr'>aut</span> <span class='ocrx_word' id='word_1_312' title='bbox 1031 3904 1151 3960; x_wconf 84' lang='lat' dir='ltr'>inter-9</span> 
     </span>
    </p>
   </div>
   <div class='ocr_carea' id='block_1_5' title="bbox 0 0 1361 4426">
    <p class='ocr_par' dir='ltr' id='par_1_5' title="bbox 0 0 1361 4426">
     <span class='ocr_line' id='line_1_37' title="bbox 0 0 1361 4426; baseline 0 0"><span class='ocrx_word' id='word_1_313' title='bbox 0 0 1361 4426; x_wconf 95' lang='lat' dir='ltr'> </span> 
     </span>
    </p>
   </div>
  </div>
 </body>
</html>
