<?xml version="1.0" encoding="UTF-8"?>
<!DOCTYPE html PUBLIC "-//W3C//DTD XHTML 1.0 Transitional//EN"
    "http://www.w3.org/TR/xhtml1/DTD/xhtml1-transitional.dtd">
<html xmlns="http://www.w3.org/1999/xhtml" xml:lang="en" lang="en">
 <head>
  <title>
</title>
<meta http-equiv="Content-Type" content="text/html;charset=utf-8" />
  <meta name='ocr-system' content='tesseract 3.04.00' />
  <meta name='ocr-capabilities' content='ocr_page ocr_carea ocr_par ocr_line ocrx_word'/>
</head>
<body>
  <div class='ocr_page' id='page_1' title='image "./titiliviihistor01ussigoog/titiliviihistor01ussigoog_0539.png"; bbox 0 0 2748 4556; ppageno 0'>
   <div class='ocr_carea' id='block_1_1' title="bbox 293 268 995 333">
    <p class='ocr_par' dir='ltr' id='par_1_1' title="bbox 293 268 995 333">
     <span class='ocr_line' id='line_1_1' title="bbox 293 268 995 333; baseline -0.023 -1"><span class='ocrx_word' id='word_1_1' title='bbox 293 275 347 333; x_wconf 74' lang='lat' dir='ltr'><strong>llid</strong></span> <span class='ocrx_word' id='word_1_2' title='bbox 551 269 629 321; x_wconf 80' lang='lat' dir='ltr'><strong>Liber</strong></span> <span class='ocrx_word' id='word_1_3' title='bbox 646 268 747 320; x_wconf 83' lang='lat' dir='ltr'>XXIX.</span> <span class='ocrx_word' id='word_1_4' title='bbox 783 269 831 333; x_wconf 78' lang='lat' dir='ltr'><strong>(A.</strong></span> <span class='ocrx_word' id='word_1_5' title='bbox 844 284 870 318; x_wconf 83' lang='lat' dir='ltr'><strong>n.</strong></span> <span class='ocrx_word' id='word_1_6' title='bbox 884 284 906 317; x_wconf 93' lang='lat' dir='ltr'><strong>c.</strong></span> <span class='ocrx_word' id='word_1_7' title='bbox 921 269 995 329; x_wconf 79' lang='lat'><strong>550.)</strong></span> 
     </span>
    </p>
   </div>
   <div class='ocr_carea' id='block_1_2' title="bbox 156 451 1366 3169">
    <p class='ocr_par' dir='ltr' id='par_1_2' title="bbox 156 451 1366 3169">
     <span class='ocr_line' id='line_1_2' title="bbox 246 451 1296 532; baseline -0.008 -18"><span class='ocrx_word' id='word_1_8' title='bbox 246 456 316 514; x_wconf 83' lang='lat' dir='ltr'><strong>velit</strong></span> <span class='ocrx_word' id='word_1_9' title='bbox 337 456 461 532; x_wconf 91' lang='lat' dir='ltr'><strong>populus</strong></span> <span class='ocrx_word' id='word_1_10' title='bbox 475 458 639 525; x_wconf 63' lang='lat' dir='ltr'><strong>Romanum</strong></span> <span class='ocrx_word' id='word_1_11' title='bbox 663 471 778 530; x_wconf 87' lang='lat' dir='ltr'><strong>rogare,</strong></span> <span class='ocrx_word' id='word_1_12' title='bbox 800 454 841 510; x_wconf 93' lang='lat' dir='ltr'><strong>uti</strong></span> <span class='ocrx_word' id='word_1_13' title='bbox 863 453 918 510; x_wconf 90' lang='lat' dir='ltr'><strong>sihi</strong></span> <span class='ocrx_word' id='word_1_14' title='bbox 940 460 1038 528; x_wconf 89' lang='lat' dir='ltr'><strong>patres</strong></span> <span class='ocrx_word' id='word_1_15' title='bbox 1058 451 1165 509; x_wconf 89' lang='lat' dir='ltr'><strong>adeundi</strong></span> <span class='ocrx_word' id='word_1_16' title='bbox 1184 451 1296 525; x_wconf 86' lang='lat' dir='ltr'><strong>deplo-</strong></span> 
     </span>
     <span class='ocr_line' id='line_1_3' title="bbox 156 555 1298 636; baseline -0.013 -12"><span class='ocrx_word' id='word_1_17' title='bbox 156 557 193 624; x_wconf 81' lang='grc' dir='ltr'>Π</span> <span class='ocrx_word' id='word_1_18' title='bbox 246 560 387 635; x_wconf 74' lang='lat' dir='ltr'><strong>nandique</strong></span> <span class='ocrx_word' id='word_1_19' title='bbox 422 579 564 619; x_wconf 71' lang='lat' dir='ltr'><strong>aerumnas</strong></span> <span class='ocrx_word' id='word_1_20' title='bbox 596 580 664 619; x_wconf 87' lang='lat' dir='ltr'><strong>suas</strong></span> <span class='ocrx_word' id='word_1_21' title='bbox 696 569 868 636; x_wconf 86' lang='lat' dir='ltr'><strong>potestatem</strong></span> <span class='ocrx_word' id='word_1_22' title='bbox 900 558 1039 616; x_wconf 83' lang='lat' dir='ltr'><strong>facerent.</strong></span> <span class='ocrx_word' id='word_1_23' title='bbox 1089 557 1180 615; x_wconf 83' lang='lat' dir='ltr'><strong>Senatu</strong></span> <span class='ocrx_word' id='word_1_24' title='bbox 1211 555 1298 622; x_wconf 84' lang='lat' dir='ltr'><strong>dato,</strong></span> 
     </span>
     <span class='ocr_line' id='line_1_4' title="bbox 249 661 1300 740; baseline -0.008 -16"><span class='ocrx_word' id='word_1_25' title='bbox 249 667 392 724; x_wconf 85' lang='lat' dir='ltr'><strong>maximus</strong></span> <span class='ocrx_word' id='word_1_26' title='bbox 413 676 482 724; x_wconf 83' lang='lat' dir='ltr'><strong>natu</strong></span> <span class='ocrx_word' id='word_1_27' title='bbox 504 685 540 724; x_wconf 85' lang='lat' dir='ltr'><strong>ex</strong></span> <span class='ocrx_word' id='word_1_28' title='bbox 562 666 613 724; x_wconf 86' lang='lat' dir='ltr'><strong>iis:</strong></span> <span class='ocrx_word' id='word_1_29' title='bbox 648 665 751 736; x_wconf 65' lang='lat' dir='ltr'><strong>chio,</strong></span> <span class='ocrx_word' id='word_1_30' title='bbox 780 664 881 740; x_wconf 88' lang='lat' dir='ltr'><strong>quanti</strong></span> <span class='ocrx_word' id='word_1_31' title='bbox 904 664 1079 722; x_wconf 83' lang='lat' dir='ltr'><strong>aestimentur</strong></span> <span class='ocrx_word' id='word_1_32' title='bbox 1097 674 1189 719; x_wconf 75' lang='lat' dir='ltr'><strong>nostru</strong></span> <span class='ocrx_word' id='word_1_33' title='bbox 1215 661 1300 736; x_wconf 79' lang='lat' dir='ltr'><strong>apud</strong></span> 
     </span>
     <span class='ocr_line' id='line_1_5' title="bbox 248 767 1304 848; baseline -0.007 -19"><span class='ocrx_word' id='word_1_34' title='bbox 248 790 302 830; x_wconf 83' lang='lat' dir='ltr'><strong>ros</strong></span> <span class='ocrx_word' id='word_1_35' title='bbox 324 769 456 848; x_wconf 71' lang='lat' dir='ltr'><strong>querela,</strong></span> <span class='ocrx_word' id='word_1_36' title='bbox 477 780 574 848; x_wconf 87' lang='lat' dir='ltr'><strong>patrea</strong></span> <span class='ocrx_word' id='word_1_37' title='bbox 599 771 770 847; x_wconf 79' lang='lat' dir='ltr'><strong>conscripti,</strong></span> <span class='ocrx_word' id='word_1_38' title='bbox 793 769 947 846; x_wconf 88' lang='lat' dir='ltr'><strong>plurimum</strong></span> <span class='ocrx_word' id='word_1_39' title='bbox 966 770 997 827; x_wconf 92' lang='lat' dir='ltr'><strong>in</strong></span> <span class='ocrx_word' id='word_1_40' title='bbox 1019 788 1054 826; x_wconf 89' lang='lat' dir='ltr'><strong>eo</strong></span> <span class='ocrx_word' id='word_1_41' title='bbox 1075 767 1199 826; x_wconf 83' lang='lat' dir='ltr'><strong>momenti</strong></span> <span class='ocrx_word' id='word_1_42' title='bbox 1224 785 1304 829; x_wconf 72' lang='lat' dir='ltr'><strong>esse,</strong></span> 
     </span>
     <span class='ocr_line' id='line_1_6' title="bbox 248 873 1305 953; baseline -0.008 -18"><span class='ocrx_word' id='word_1_43' title='bbox 248 879 273 935; x_wconf 91' lang='lat' dir='ltr'><strong>si</strong></span> <span class='ocrx_word' id='word_1_44' title='bbox 294 878 386 953; x_wconf 89' lang='lat' dir='ltr'><strong>probe</strong></span> <span class='ocrx_word' id='word_1_45' title='bbox 413 876 525 945; x_wconf 84' lang='lat' dir='ltr'><strong>sciatis,</strong></span> <span class='ocrx_word' id='word_1_46' title='bbox 555 885 584 934; x_wconf 87' lang='lat' dir='ltr'><strong>et</strong></span> <span class='ocrx_word' id='word_1_47' title='bbox 606 877 753 952; x_wconf 89' lang='lat' dir='ltr'><strong>quomodo</strong></span> <span class='ocrx_word' id='word_1_48' title='bbox 780 876 887 950; x_wconf 92' lang='lat' dir='ltr'><strong>proditi</strong></span> <span class='ocrx_word' id='word_1_49' title='bbox 909 877 996 934; x_wconf 80' lang='lat' dir='ltr'><strong>Locri</strong></span> <span class='ocrx_word' id='word_1_50' title='bbox 1018 873 1168 932; x_wconf 80' lang='lat' dir='ltr'><strong>Hannibali</strong></span> <span class='ocrx_word' id='word_1_51' title='bbox 1187 873 1253 928; x_wconf 89' lang='lat' dir='ltr'><strong>sint</strong></span> <span class='ocrx_word' id='word_1_52' title='bbox 1275 881 1305 927; x_wconf 85' lang='lat' dir='ltr'><strong>et</strong></span> 
     </span>
     <span class='ocr_line' id='line_1_7' title="bbox 250 978 1303 1057; baseline -0.006 -18"><span class='ocrx_word' id='word_1_53' title='bbox 250 979 413 1056; x_wconf 75' lang='lat' dir='ltr'><strong>quomodo,</strong></span> <span class='ocrx_word' id='word_1_54' title='bbox 445 981 528 1057; x_wconf 89' lang='lat' dir='ltr'><strong>pulso</strong></span> <span class='ocrx_word' id='word_1_55' title='bbox 559 981 732 1040; x_wconf 76' lang='lat' dir='ltr'><strong>Hannibalis</strong></span> <span class='ocrx_word' id='word_1_56' title='bbox 760 981 911 1057; x_wconf 77' lang='lat' dir='ltr'><strong>praesidio,</strong></span> <span class='ocrx_word' id='word_1_57' title='bbox 946 982 1071 1039; x_wconf 75' lang='lat' dir='ltr'><strong>restituti</strong></span> <span class='ocrx_word' id='word_1_58' title='bbox 1104 980 1132 1036; x_wconf 92' lang='lat' dir='ltr'><strong>in</strong></span> <span class='ocrx_word' id='word_1_59' title='bbox 1157 978 1303 1035; x_wconf 82' lang='lat' dir='ltr'><strong>dicionem</strong></span> 
     </span>
     <span class='ocr_line' id='line_1_8' title="bbox 217 1085 1304 1164; baseline -0.009 -16"><span class='ocrx_word' id='word_1_60' title='bbox 217 1095 389 1158; x_wconf 63' lang='lat' dir='ltr'><strong>ivsstranm</strong></span> <span class='ocrx_word' id='word_1_61' title='bbox 411 1088 526 1164; x_wconf 91' lang='lat' dir='ltr'><strong>quippe,</strong></span> <span class='ocrx_word' id='word_1_62' title='bbox 548 1088 572 1145; x_wconf 89' lang='lat' dir='ltr'><strong>si</strong></span> <span class='ocrx_word' id='word_1_63' title='bbox 594 1095 623 1145; x_wconf 86' lang='lat' dir='ltr'><strong>et</strong></span> <span class='ocrx_word' id='word_1_64' title='bbox 646 1088 731 1162; x_wconf 90' lang='lat' dir='ltr'><strong>culpa</strong></span> <span class='ocrx_word' id='word_1_65' title='bbox 756 1086 924 1146; x_wconf 88' lang='lat' dir='ltr'><strong>defectionis</strong></span> <span class='ocrx_word' id='word_1_66' title='bbox 946 1088 1047 1164; x_wconf 91' lang='lat' dir='ltr'><strong>procul</strong></span> <span class='ocrx_word' id='word_1_67' title='bbox 1069 1085 1210 1160; x_wconf 93' lang='lat' dir='ltr'><strong>apublico</strong></span> <span class='ocrx_word' id='word_1_68' title='bbox 1231 1101 1304 1140; x_wconf 91' lang='lat' dir='ltr'><strong>con-</strong></span> 
     </span>
     <span class='ocr_line' id='line_1_9' title="bbox 248 1193 1304 1266; baseline -0.007 -16"><span class='ocrx_word' id='word_1_69' title='bbox 248 1193 312 1250; x_wconf 90' lang='lat' dir='ltr'><strong>silio</strong></span> <span class='ocrx_word' id='word_1_70' title='bbox 347 1194 438 1264; x_wconf 85' lang='lat' dir='ltr'><strong>absit,</strong></span> <span class='ocrx_word' id='word_1_71' title='bbox 472 1205 500 1250; x_wconf 90' lang='lat' dir='ltr'><strong>et</strong></span> <span class='ocrx_word' id='word_1_72' title='bbox 532 1193 655 1250; x_wconf 90' lang='lat' dir='ltr'><strong>reditum</strong></span> <span class='ocrx_word' id='word_1_73' title='bbox 687 1194 717 1250; x_wconf 92' lang='lat' dir='ltr'><strong>in</strong></span> <span class='ocrx_word' id='word_1_74' title='bbox 749 1203 874 1251; x_wconf 87' lang='lat' dir='ltr'><strong>vestram</strong></span> <span class='ocrx_word' id='word_1_75' title='bbox 908 1193 1048 1250; x_wconf 82' lang='lat' dir='ltr'><strong>dicionem</strong></span> <span class='ocrx_word' id='word_1_76' title='bbox 1079 1199 1210 1266; x_wconf 87' lang='lat' dir='ltr'><strong>appareat</strong></span> <span class='ocrx_word' id='word_1_77' title='bbox 1243 1206 1304 1244; x_wconf 88' lang='lat' dir='ltr'><strong>non</strong></span> 
     </span>
     <span class='ocr_line' id='line_1_10' title="bbox 247 1292 1304 1376; baseline -0.009 -20"><span class='ocrx_word' id='word_1_78' title='bbox 247 1299 395 1359; x_wconf 84' lang='lat' dir='ltr'><strong>voluntate</strong></span> <span class='ocrx_word' id='word_1_79' title='bbox 420 1300 527 1370; x_wconf 90' lang='lat' dir='ltr'><strong>solum,</strong></span> <span class='ocrx_word' id='word_1_80' title='bbox 560 1300 610 1357; x_wconf 84' lang='lat' dir='ltr'><strong>sed</strong></span> <span class='ocrx_word' id='word_1_81' title='bbox 648 1299 735 1356; x_wconf 87' lang='lat' dir='ltr'><strong>etiam</strong></span> <span class='ocrx_word' id='word_1_82' title='bbox 770 1319 825 1376; x_wconf 94' lang='lat' dir='ltr'><strong>ope</strong></span> <span class='ocrx_word' id='word_1_83' title='bbox 861 1308 889 1356; x_wconf 89' lang='lat' dir='ltr'><strong>et</strong></span> <span class='ocrx_word' id='word_1_84' title='bbox 920 1297 1026 1354; x_wconf 87' lang='lat' dir='ltr'><strong>virtute</strong></span> <span class='ocrx_word' id='word_1_85' title='bbox 1058 1307 1170 1366; x_wconf 89' lang='lat' dir='ltr'><strong>nostra,</strong></span> <span class='ocrx_word' id='word_1_86' title='bbox 1205 1292 1304 1367; x_wconf 86' lang='lat' dir='ltr'><strong>magis</strong></span> 
     </span>
     <span class='ocr_line' id='line_1_11' title="bbox 247 1399 1304 1481; baseline -0.006 -20"><span class='ocrx_word' id='word_1_87' title='bbox 247 1404 447 1481; x_wconf 81' lang='lat' dir='ltr'><strong>indignemini,</strong></span> <span class='ocrx_word' id='word_1_88' title='bbox 479 1405 562 1464; x_wconf 92' lang='lat' dir='ltr'><strong>bonis</strong></span> <span class='ocrx_word' id='word_1_89' title='bbox 595 1423 629 1461; x_wconf 87' lang='lat' dir='ltr'><strong>ec</strong></span> <span class='ocrx_word' id='word_1_90' title='bbox 658 1405 790 1464; x_wconf 90' lang='lat' dir='ltr'><strong>fidelibus</strong></span> <span class='ocrx_word' id='word_1_91' title='bbox 818 1405 903 1463; x_wconf 91' lang='lat' dir='ltr'><strong>sociis</strong></span> <span class='ocrx_word' id='word_1_92' title='bbox 933 1411 993 1458; x_wconf 86' lang='lat' dir='ltr'><strong>tam</strong></span> <span class='ocrx_word' id='word_1_93' title='bbox 1020 1402 1152 1477; x_wconf 88' lang='lat' dir='ltr'><strong>indignae</strong></span> <span class='ocrx_word' id='word_1_94' title='bbox 1182 1399 1304 1457; x_wconf 88' lang='lat' dir='ltr'><strong>iniurias</strong></span> 
     </span>
     <span class='ocr_line' id='line_1_12' title="bbox 217 1505 1302 1586; baseline -0.01 -14"><span class='ocrx_word' id='word_1_95' title='bbox 217 1511 285 1572; x_wconf 72' lang='lat' dir='ltr'><strong>sats</strong></span> <span class='ocrx_word' id='word_1_96' title='bbox 313 1511 411 1586; x_wconf 86' lang='lat' dir='ltr'><strong>legato</strong></span> <span class='ocrx_word' id='word_1_97' title='bbox 439 1521 535 1569; x_wconf 87' lang='lat' dir='ltr'><strong>vestro</strong></span> <span class='ocrx_word' id='word_1_98' title='bbox 567 1510 761 1586; x_wconf 82' lang='lat' dir='ltr'><strong>militibusque</strong></span> <span class='ocrx_word' id='word_1_99' title='bbox 782 1510 852 1570; x_wconf 88' lang='lat' dir='ltr'><strong>fieri.</strong></span> <span class='ocrx_word' id='word_1_100' title='bbox 901 1508 959 1567; x_wconf 87' lang='lat' dir='ltr'><strong>Sed</strong></span> <span class='ocrx_word' id='word_1_101' title='bbox 981 1525 1036 1582; x_wconf 89' lang='lat' dir='ltr'><strong>ego</strong></span> <span class='ocrx_word' id='word_1_102' title='bbox 1060 1526 1175 1564; x_wconf 88' lang='lat' dir='ltr'><strong>causam</strong></span> <span class='ocrx_word' id='word_1_103' title='bbox 1197 1505 1302 1562; x_wconf 88' lang='lat' dir='ltr'><strong>utrius·</strong></span> 
     </span>
     <span class='ocr_line' id='line_1_13' title="bbox 248 1611 1305 1690; baseline -0.009 -17"><span class='ocrx_word' id='word_1_104' title='bbox 248 1635 304 1690; x_wconf 92' lang='lat' dir='ltr'><strong>que</strong></span> <span class='ocrx_word' id='word_1_105' title='bbox 331 1615 498 1675; x_wconf 87' lang='lat' dir='ltr'><strong>defectionis</strong></span> <span class='ocrx_word' id='word_1_106' title='bbox 526 1629 633 1675; x_wconf 85' lang='lat' dir='ltr'><strong>nostrae</strong></span> <span class='ocrx_word' id='word_1_107' title='bbox 659 1619 688 1675; x_wconf 92' lang='lat' dir='ltr'><strong>in</strong></span> <span class='ocrx_word' id='word_1_108' title='bbox 718 1616 795 1674; x_wconf 89' lang='lat' dir='ltr'><strong>aliud</strong></span> <span class='ocrx_word' id='word_1_109' title='bbox 823 1624 936 1690; x_wconf 87' lang='lat' dir='ltr'><strong>tempus</strong></span> <span class='ocrx_word' id='word_1_110' title='bbox 963 1611 1151 1671; x_wconf 87' lang='lat' dir='ltr'><strong>differendam</strong></span> <span class='ocrx_word' id='word_1_111' title='bbox 1179 1611 1305 1669; x_wconf 84' lang='lat' dir='ltr'><strong>arbitror</strong></span> 
     </span>
     <span class='ocr_line' id='line_1_14' title="bbox 216 1717 1301 1800; baseline -0.007 -21"><span class='ocrx_word' id='word_1_112' title='bbox 216 1733 311 1785; x_wconf 74' lang='lat' dir='ltr'><strong>‹tesse</strong></span> <span class='ocrx_word' id='word_1_113' title='bbox 332 1722 454 1778; x_wconf 86' lang='lat' dir='ltr'><strong>duarum</strong></span> <span class='ocrx_word' id='word_1_114' title='bbox 475 1743 572 1782; x_wconf 89' lang='lat' dir='ltr'><strong>rerum</strong></span> <span class='ocrx_word' id='word_1_115' title='bbox 593 1725 708 1800; x_wconf 86' lang='lat' dir='ltr'><strong>gratio,</strong></span> <span class='ocrx_word' id='word_1_116' title='bbox 728 1720 828 1788; x_wconf 84' lang='lat' dir='ltr'><strong>unius,</strong></span> <span class='ocrx_word' id='word_1_117' title='bbox 849 1727 882 1775; x_wconf 86' lang='lat' dir='ltr'><strong>nt</strong></span> <span class='ocrx_word' id='word_1_118' title='bbox 903 1739 1001 1777; x_wconf 88' lang='lat' dir='ltr'><strong>coram</strong></span> <span class='ocrx_word' id='word_1_119' title='bbox 1024 1721 1058 1780; x_wconf 90' lang='lat' dir='ltr'><strong>P.</strong></span> <span class='ocrx_word' id='word_1_120' title='bbox 1084 1719 1229 1793; x_wconf 77' lang='lat' dir='ltr'><strong>Scipione,</strong></span> <span class='ocrx_word' id='word_1_121' title='bbox 1253 1717 1301 1789; x_wconf 90' lang='lat' dir='ltr'><strong>qui</strong></span> 
     </span>
     <span class='ocr_line' id='line_1_15' title="bbox 249 1823 1300 1904; baseline -0.004 -23"><span class='ocrx_word' id='word_1_122' title='bbox 249 1826 359 1883; x_wconf 86' lang='lat' dir='ltr'><strong>Locros</strong></span> <span class='ocrx_word' id='word_1_123' title='bbox 387 1829 495 1904; x_wconf 88' lang='lat' dir='ltr'><strong>recepit</strong></span> <span class='ocrx_word' id='word_1_124' title='bbox 526 1839 551 1886; x_wconf 86' lang='lat' dir='ltr'><strong>et</strong></span> <span class='ocrx_word' id='word_1_125' title='bbox 579 1829 706 1899; x_wconf 82' lang='lat' dir='ltr'><strong>omnium</strong></span> <span class='ocrx_word' id='word_1_126' title='bbox 728 1826 812 1884; x_wconf 89' lang='lat' dir='ltr'><strong>nobis</strong></span> <span class='ocrx_word' id='word_1_127' title='bbox 833 1835 911 1884; x_wconf 89' lang='lat' dir='ltr'><strong>recte</strong></span> <span class='ocrx_word' id='word_1_128' title='bbox 931 1844 1142 1902; x_wconf 85' lang='lat' dir='ltr'><strong>perperamque</strong></span> <span class='ocrx_word' id='word_1_129' title='bbox 1162 1823 1300 1881; x_wconf 83' lang='lat' dir='ltr'><strong>factorum</strong></span> 
     </span>
     <span class='ocr_line' id='line_1_16' title="bbox 248 1931 1301 2010; baseline -0.003 -22"><span class='ocrx_word' id='word_1_130' title='bbox 248 1939 292 1988; x_wconf 84' lang='lat' dir='ltr'><strong>est</strong></span> <span class='ocrx_word' id='word_1_131' title='bbox 315 1931 410 2001; x_wconf 85' lang='lat' dir='ltr'><strong>testis,</strong></span> <span class='ocrx_word' id='word_1_132' title='bbox 432 1943 553 2010; x_wconf 83' lang='lat' dir='ltr'><strong>egetur,</strong></span> <span class='ocrx_word' id='word_1_133' title='bbox 574 1935 707 2006; x_wconf 80' lang='lat' dir='ltr'><strong>alterius,</strong></span> <span class='ocrx_word' id='word_1_134' title='bbox 729 1933 822 2008; x_wconf 83' lang='lat' dir='ltr'><strong>quod&#39;,</strong></span> <span class='ocrx_word' id='word_1_135' title='bbox 846 1932 1060 2006; x_wconf 89' lang='lat' dir='ltr'><strong>qualescunque</strong></span> <span class='ocrx_word' id='word_1_136' title='bbox 1082 1949 1195 2000; x_wconf 91' lang='lat' dir='ltr'><strong>sumus,</strong></span> <span class='ocrx_word' id='word_1_137' title='bbox 1216 1939 1301 1985; x_wconf 77' lang='lat' dir='ltr'><strong>tomen</strong></span> 
     </span>
     <span class='ocr_line' id='line_1_17' title="bbox 217 2037 1303 2116; baseline -0.004 -24"><span class='ocrx_word' id='word_1_138' title='bbox 217 2049 293 2106; x_wconf 83' lang='lat' dir='ltr'><strong>5eu,</strong></span> <span class='ocrx_word' id='word_1_139' title='bbox 326 2055 387 2111; x_wconf 83' lang='lat' dir='ltr'><strong>qucc</strong></span> <span class='ocrx_word' id='word_1_140' title='bbox 417 2043 500 2112; x_wconf 80' lang='lat' dir='ltr'><strong>passi</strong></span> <span class='ocrx_word' id='word_1_141' title='bbox 529 2059 639 2110; x_wconf 83' lang='lat' dir='ltr'><strong>eumue,</strong></span> <span class='ocrx_word' id='word_1_142' title='bbox 676 2040 738 2116; x_wconf 87' lang='lat' dir='ltr'><strong>pati</strong></span> <span class='ocrx_word' id='word_1_143' title='bbox 768 2058 826 2096; x_wconf 92' lang='lat' dir='ltr'><strong>non</strong></span> <span class='ocrx_word' id='word_1_144' title='bbox 856 2037 1015 2096; x_wconf 88' lang='lat' dir='ltr'><strong>debuimus.</strong></span> <span class='ocrx_word' id='word_1_145' title='bbox 1061 2037 1131 2094; x_wconf 85' lang='lat' dir='ltr'><strong>Non</strong></span> <span class='ocrx_word' id='word_1_146' title='bbox 1152 2051 1303 2111; x_wconf 88' lang='lat' dir='ltr'><strong>possumus</strong></span> 
     </span>
     <span class='ocr_line' id='line_1_18' title="bbox 249 2139 1365 2221; baseline -0.003 -22"><span class='ocrx_word' id='word_1_147' title='bbox 249 2142 445 2214; x_wconf 85' lang='lat' dir='ltr'><strong>dissimulare,</strong></span> <span class='ocrx_word' id='word_1_148' title='bbox 468 2154 567 2221; x_wconf 90' lang='lat' dir='ltr'><strong>patres</strong></span> <span class='ocrx_word' id='word_1_149' title='bbox 590 2145 759 2220; x_wconf 82' lang='lat' dir='ltr'><strong>conscripti,</strong></span> <span class='ocrx_word' id='word_1_150' title='bbox 780 2162 844 2214; x_wconf 91' lang='lat' dir='ltr'><strong>nos,</strong></span> <span class='ocrx_word' id='word_1_151' title='bbox 867 2162 955 2218; x_wconf 92' lang='lat' dir='ltr'><strong>quum</strong></span> <span class='ocrx_word' id='word_1_152' title='bbox 976 2143 1141 2218; x_wconf 81' lang='lat' dir='ltr'><strong>praesidium</strong></span> <span class='ocrx_word' id='word_1_153' title='bbox 1164 2142 1299 2199; x_wconf 89' lang='lat' dir='ltr'><strong>Punicum</strong></span> <span class='ocrx_word' id='word_1_154' title='bbox 1364 2139 1365 2188; x_wconf 76' lang='lat' dir='ltr'><strong>l</strong></span> 
     </span>
     <span class='ocr_line' id='line_1_19' title="bbox 246 2247 1299 2324; baseline -0.002 -20"><span class='ocrx_word' id='word_1_155' title='bbox 246 2247 276 2304; x_wconf 89' lang='lat' dir='ltr'><strong>in</strong></span> <span class='ocrx_word' id='word_1_156' title='bbox 298 2267 364 2305; x_wconf 87' lang='lat' dir='ltr'><strong>arce</strong></span> <span class='ocrx_word' id='word_1_157' title='bbox 385 2259 484 2308; x_wconf 87' lang='lat' dir='ltr'><strong>nostra</strong></span> <span class='ocrx_word' id='word_1_158' title='bbox 505 2253 692 2321; x_wconf 85' lang='lat' dir='ltr'><strong>haberemus,</strong></span> <span class='ocrx_word' id='word_1_159' title='bbox 730 2249 821 2307; x_wconf 85' lang='lat' dir='ltr'><strong>multa</strong></span> <span class='ocrx_word' id='word_1_160' title='bbox 847 2248 925 2306; x_wconf 84' lang='lat' dir='ltr'><strong>foeda</strong></span> <span class='ocrx_word' id='word_1_161' title='bbox 953 2260 981 2306; x_wconf 89' lang='lat' dir='ltr'><strong>et</strong></span> <span class='ocrx_word' id='word_1_162' title='bbox 1001 2250 1121 2324; x_wconf 88' lang='lat' dir='ltr'><strong>indigna</strong></span> <span class='ocrx_word' id='word_1_163' title='bbox 1143 2260 1172 2305; x_wconf 86' lang='lat' dir='ltr'><strong>et</strong></span> <span class='ocrx_word' id='word_1_164' title='bbox 1192 2267 1211 2304; x_wconf 86' lang='lat' dir='ltr'><strong>a</strong></span> <span class='ocrx_word' id='word_1_165' title='bbox 1231 2265 1299 2322; x_wconf 72' lang='lat' dir='ltr'><strong>prze-</strong></span> 
     </span>
     <span class='ocr_line' id='line_1_20' title="bbox 246 2351 1299 2430; baseline -0.002 -21"><span class='ocrx_word' id='word_1_166' title='bbox 246 2351 322 2410; x_wconf 83' lang='lat' dir='ltr'><strong>fecto</strong></span> <span class='ocrx_word' id='word_1_167' title='bbox 346 2355 471 2430; x_wconf 76' lang='lat' dir='ltr'><strong>praesidii</strong></span> <span class='ocrx_word' id='word_1_168' title='bbox 494 2357 663 2416; x_wconf 85' lang='lat' dir='ltr'><strong>Hamilcare</strong></span> <span class='ocrx_word' id='word_1_169' title='bbox 687 2367 716 2412; x_wconf 88' lang='lat' dir='ltr'><strong>et</strong></span> <span class='ocrx_word' id='word_1_170' title='bbox 736 2356 774 2413; x_wconf 87' lang='lat' dir='ltr'><strong>ab</strong></span> <span class='ocrx_word' id='word_1_171' title='bbox 796 2356 931 2413; x_wconf 90' lang='lat' dir='ltr'><strong>Numidis</strong></span> <span class='ocrx_word' id='word_1_172' title='bbox 946 2354 1087 2430; x_wconf 83' lang='lat' dir='ltr'><strong>Afrisque</strong></span> <span class='ocrx_word' id='word_1_173' title='bbox 1108 2373 1212 2430; x_wconf 87' lang='lat' dir='ltr'><strong>passos</strong></span> <span class='ocrx_word' id='word_1_174' title='bbox 1227 2369 1299 2418; x_wconf 80' lang='lat' dir='ltr'><strong>essc3</strong></span> 
     </span>
     <span class='ocr_line' id='line_1_21' title="bbox 216 2456 1297 2536; baseline 0.001 -24"><span class='ocrx_word' id='word_1_175' title='bbox 216 2456 296 2522; x_wconf 74' lang='lat' dir='ltr'><strong>(tsed</strong></span> <span class='ocrx_word' id='word_1_176' title='bbox 319 2456 388 2530; x_wconf 91' lang='lat' dir='ltr'><strong>quid</strong></span> <span class='ocrx_word' id='word_1_177' title='bbox 409 2458 459 2516; x_wconf 86' lang='lat' dir='ltr'><strong>ille</strong></span> <span class='ocrx_word' id='word_1_178' title='bbox 479 2471 553 2533; x_wconf 86' lang='lat' dir='ltr'><strong>sunt,</strong></span> <span class='ocrx_word' id='word_1_179' title='bbox 569 2463 675 2520; x_wconf 85' lang='lat' dir='ltr'><strong>collata</strong></span> <span class='ocrx_word' id='word_1_180' title='bbox 696 2481 760 2520; x_wconf 88' lang='lat' dir='ltr'><strong>cum</strong></span> <span class='ocrx_word' id='word_1_181' title='bbox 782 2460 826 2531; x_wconf 87' lang='lat' dir='ltr'><strong>iis,</strong></span> <span class='ocrx_word' id='word_1_182' title='bbox 848 2480 912 2536; x_wconf 86' lang='lat' dir='ltr'><strong>quae</strong></span> <span class='ocrx_word' id='word_1_183' title='bbox 932 2460 1018 2518; x_wconf 93' lang='lat' dir='ltr'><strong>hodie</strong></span> <span class='ocrx_word' id='word_1_184' title='bbox 1036 2457 1184 2536; x_wconf 85' lang='lat' dir='ltr'><strong>patimur?</strong></span> <span class='ocrx_word' id='word_1_185' title='bbox 1230 2456 1297 2515; x_wconf 87' lang='lat' dir='ltr'><strong>Cum</strong></span> 
     </span>
     <span class='ocr_line' id='line_1_22' title="bbox 246 2561 1298 2642; baseline 0.003 -26"><span class='ocrx_word' id='word_1_186' title='bbox 246 2561 323 2617; x_wconf 87' lang='lat' dir='ltr'><strong>bona</strong></span> <span class='ocrx_word' id='word_1_187' title='bbox 337 2563 431 2634; x_wconf 85' lang='lat' dir='ltr'><strong>venia,</strong></span> <span class='ocrx_word' id='word_1_188' title='bbox 453 2582 560 2638; x_wconf 83' lang='lat' dir='ltr'><strong>quaeso,</strong></span> <span class='ocrx_word' id='word_1_189' title='bbox 585 2567 719 2638; x_wconf 87' lang='lat' dir='ltr'><strong>audiatis,</strong></span> <span class='ocrx_word' id='word_1_190' title='bbox 743 2577 840 2642; x_wconf 86' lang='lat' dir='ltr'><strong>putres</strong></span> <span class='ocrx_word' id='word_1_191' title='bbox 859 2566 1023 2641; x_wconf 87' lang='lat' dir='ltr'><strong>conscripti,</strong></span> <span class='ocrx_word' id='word_1_192' title='bbox 1047 2567 1087 2636; x_wconf 91' lang='lat' dir='ltr'><strong>id,</strong></span> <span class='ocrx_word' id='word_1_193' title='bbox 1103 2567 1182 2640; x_wconf 92' lang='lat' dir='ltr'><strong>quod</strong></span> <span class='ocrx_word' id='word_1_194' title='bbox 1198 2564 1298 2621; x_wconf 85' lang='lat' dir='ltr'><strong>invitas</strong></span> 
     </span>
     <span class='ocr_line' id='line_1_23' title="bbox 247 2667 1296 2747; baseline 0.001 -23"><span class='ocrx_word' id='word_1_195' title='bbox 247 2667 350 2724; x_wconf 85' lang='lat' dir='ltr'><strong>dicem.</strong></span> <span class='ocrx_word' id='word_1_196' title='bbox 398 2669 433 2725; x_wconf 93' lang='lat' dir='ltr'><strong>ln</strong></span> <span class='ocrx_word' id='word_1_197' title='bbox 454 2671 617 2730; x_wconf 90' lang='lat' dir='ltr'><strong>discrimine</strong></span> <span class='ocrx_word' id='word_1_198' title='bbox 639 2682 682 2730; x_wconf 91' lang='lat' dir='ltr'><strong>est</strong></span> <span class='ocrx_word' id='word_1_199' title='bbox 704 2691 781 2730; x_wconf 89' lang='lat' dir='ltr'><strong>nuno</strong></span> <span class='ocrx_word' id='word_1_200' title='bbox 801 2674 958 2730; x_wconf 90' lang='lat' dir='ltr'><strong>humanum</strong></span> <span class='ocrx_word' id='word_1_201' title='bbox 980 2691 1064 2728; x_wconf 86' lang='lat' dir='ltr'><strong>omne</strong></span> <span class='ocrx_word' id='word_1_202' title='bbox 1085 2689 1187 2747; x_wconf 87' lang='lat' dir='ltr'><strong>genus,</strong></span> <span class='ocrx_word' id='word_1_203' title='bbox 1208 2681 1296 2727; x_wconf 85' lang='lat' dir='ltr'><strong>utrum</strong></span> 
     </span>
     <span class='ocr_line' id='line_1_24' title="bbox 216 2765 1297 2853; baseline 0.006 -25"><span class='ocrx_word' id='word_1_204' title='bbox 216 2786 300 2838; x_wconf 84' lang='lat' dir='ltr'><strong>7vos</strong></span> <span class='ocrx_word' id='word_1_205' title='bbox 322 2791 358 2829; x_wconf 86' lang='lat' dir='ltr'><strong>un</strong></span> <span class='ocrx_word' id='word_1_206' title='bbox 383 2773 636 2853; x_wconf 85' lang='lat' dir='ltr'><strong>Carthaginienses</strong></span> <span class='ocrx_word' id='word_1_207' title='bbox 657 2778 803 2853; x_wconf 87' lang='lat' dir='ltr'><strong>principes</strong></span> <span class='ocrx_word' id='word_1_208' title='bbox 826 2787 966 2834; x_wconf 87' lang='lat' dir='ltr'><strong>terrarum</strong></span> <span class='ocrx_word' id='word_1_209' title='bbox 989 2765 1096 2834; x_wconf 78' lang='lat' dir='ltr'><strong>videat.</strong></span> <span class='ocrx_word' id='word_1_210' title='bbox 1146 2777 1178 2836; x_wconf 86' lang='lat' dir='ltr'><strong>Si</strong></span> <span class='ocrx_word' id='word_1_211' title='bbox 1202 2796 1238 2834; x_wconf 84' lang='lat' dir='ltr'><strong>ex</strong></span> <span class='ocrx_word' id='word_1_212' title='bbox 1259 2775 1297 2835; x_wconf 82' lang='lat' dir='ltr'><strong>iis.</strong></span> 
     </span>
     <span class='ocr_line' id='line_1_25' title="bbox 246 2881 1296 2958; baseline 0 -22"><span class='ocrx_word' id='word_1_213' title='bbox 246 2897 310 2952; x_wconf 81' lang='lat' dir='ltr'><strong>quae</strong></span> <span class='ocrx_word' id='word_1_214' title='bbox 332 2881 491 2940; x_wconf 87' lang='lat' dir='ltr'><strong>Locrenses</strong></span> <span class='ocrx_word' id='word_1_215' title='bbox 514 2893 563 2941; x_wconf 89' lang='lat' dir='ltr'><strong>aut</strong></span> <span class='ocrx_word' id='word_1_216' title='bbox 584 2885 621 2941; x_wconf 94' lang='lat' dir='ltr'><strong>ab</strong></span> <span class='ocrx_word' id='word_1_217' title='bbox 643 2884 700 2940; x_wconf 92' lang='lat' dir='ltr'><strong>illis</strong></span> <span class='ocrx_word' id='word_1_218' title='bbox 721 2883 801 2958; x_wconf 88' lang='lat' dir='ltr'><strong>possi</strong></span> <span class='ocrx_word' id='word_1_219' title='bbox 823 2901 923 2940; x_wconf 88' lang='lat' dir='ltr'><strong>sumus</strong></span> <span class='ocrx_word' id='word_1_220' title='bbox 944 2894 995 2940; x_wconf 88' lang='lat' dir='ltr'><strong>aut</strong></span> <span class='ocrx_word' id='word_1_221' title='bbox 1016 2903 1034 2940; x_wconf 93' lang='lat' dir='ltr'><strong>a</strong></span> <span class='ocrx_word' id='word_1_222' title='bbox 1048 2893 1147 2940; x_wconf 87' lang='lat' dir='ltr'><strong>vestro</strong></span> <span class='ocrx_word' id='word_1_223' title='bbox 1168 2881 1296 2957; x_wconf 75' lang='lat' dir='ltr'><strong>prasidio</strong></span> 
     </span>
     <span class='ocr_line' id='line_1_26' title="bbox 244 2987 1296 3065; baseline 0.001 -24"><span class='ocrx_word' id='word_1_224' title='bbox 244 3003 320 3043; x_wconf 90' lang='lat' dir='ltr'><strong>nunc</strong></span> <span class='ocrx_word' id='word_1_225' title='bbox 341 3005 429 3061; x_wconf 89' lang='lat' dir='ltr'><strong>quum</strong></span> <span class='ocrx_word' id='word_1_226' title='bbox 451 2989 576 3046; x_wconf 85' lang='lat' dir='ltr'><strong>maxime</strong></span> <span class='ocrx_word' id='word_1_227' title='bbox 590 2991 725 3065; x_wconf 87' lang='lat' dir='ltr'><strong>patimur,</strong></span> <span class='ocrx_word' id='word_1_228' title='bbox 747 2989 947 3046; x_wconf 84' lang='lat' dir='ltr'><strong>aestimandum</strong></span> <span class='ocrx_word' id='word_1_229' title='bbox 969 2991 1134 3046; x_wconf 86' lang='lat' dir='ltr'><strong>Romanum</strong></span> <span class='ocrx_word' id='word_1_230' title='bbox 1156 3007 1192 3044; x_wconf 86' lang='lat' dir='ltr'><strong>ac</strong></span> <span class='ocrx_word' id='word_1_231' title='bbox 1213 2987 1296 3046; x_wconf 84' lang='lat' dir='ltr'><strong>Puni-</strong></span> 
     </span>
     <span class='ocr_line' id='line_1_27' title="bbox 245 3093 1366 3169; baseline 0.004 -23"><span class='ocrx_word' id='word_1_232' title='bbox 245 3107 308 3147; x_wconf 89' lang='lat' dir='ltr'><strong>cum</strong></span> <span class='ocrx_word' id='word_1_233' title='bbox 341 3093 492 3169; x_wconf 88' lang='lat' dir='ltr'><strong>imperinm</strong></span> <span class='ocrx_word' id='word_1_234' title='bbox 524 3094 576 3165; x_wconf 89' lang='lat' dir='ltr'><strong>sit,</strong></span> <span class='ocrx_word' id='word_1_235' title='bbox 608 3113 693 3152; x_wconf 89' lang='lat' dir='ltr'><strong>nemo</strong></span> <span class='ocrx_word' id='word_1_236' title='bbox 722 3113 781 3152; x_wconf 91' lang='lat' dir='ltr'><strong>non</strong></span> <span class='ocrx_word' id='word_1_237' title='bbox 807 3095 872 3152; x_wconf 90' lang='lat' dir='ltr'><strong>illos</strong></span> <span class='ocrx_word' id='word_1_238' title='bbox 902 3095 957 3152; x_wconf 88' lang='lat' dir='ltr'><strong>sibi</strong></span> <span class='ocrx_word' id='word_1_239' title='bbox 988 3113 1074 3168; x_wconf 89' lang='lat' dir='ltr'><strong>quam</strong></span> <span class='ocrx_word' id='word_1_240' title='bbox 1096 3112 1152 3150; x_wconf 88' lang='lat' dir='ltr'><strong>vos</strong></span> <span class='ocrx_word' id='word_1_241' title='bbox 1171 3095 1296 3152; x_wconf 92' lang='lat' dir='ltr'><strong>dominos</strong></span> <span class='ocrx_word' id='word_1_242' title='bbox 1365 3119 1366 3160; x_wconf 83' lang='lat' dir='ltr'><strong>t</strong></span> 
     </span>
    </p>
   </div>
   <div class='ocr_carea' id='block_1_3' title="bbox 215 3199 1366 3334">
    <p class='ocr_par' dir='ltr' id='par_1_3' title="bbox 215 3199 1366 3334">
     <span class='ocr_line' id='line_1_28' title="bbox 215 3199 1366 3276; baseline 0.003 -23"><span class='ocrx_word' id='word_1_243' title='bbox 215 3206 232 3262; x_wconf 86' lang='lat'>8</span> <span class='ocrx_word' id='word_1_244' title='bbox 244 3207 392 3273; x_wconf 80' lang='lat' dir='ltr'><strong>praeoptet.</strong></span> <span class='ocrx_word' id='word_1_245' title='bbox 438 3201 477 3258; x_wconf 87' lang='lat' dir='ltr'><strong>Et</strong></span> <span class='ocrx_word' id='word_1_246' title='bbox 499 3209 595 3257; x_wconf 88' lang='lat' dir='ltr'><strong>tamen</strong></span> <span class='ocrx_word' id='word_1_247' title='bbox 616 3199 728 3270; x_wconf 86' lang='lat' dir='ltr'><strong>videte,</strong></span> <span class='ocrx_word' id='word_1_248' title='bbox 750 3201 993 3274; x_wconf 90' lang='lat' dir='ltr'><strong>quemadmodum</strong></span> <span class='ocrx_word' id='word_1_249' title='bbox 1013 3199 1044 3256; x_wconf 90' lang='lat' dir='ltr'><strong>in</strong></span> <span class='ocrx_word' id='word_1_250' title='bbox 1065 3217 1120 3257; x_wconf 87' lang='lat' dir='ltr'><strong>vos</strong></span> <span class='ocrx_word' id='word_1_251' title='bbox 1142 3201 1296 3258; x_wconf 87' lang='lat' dir='ltr'><strong>Locrenses</strong></span> <span class='ocrx_word' id='word_1_252' title='bbox 1364 3223 1366 3276; x_wconf 68' lang='grc' dir='ltr'>Ι</span> 
     </span>
     <span class='ocr_line' id='line_1_29' title="bbox 1365 3299 1366 3334; baseline 0 0"><span class='ocrx_word' id='word_1_253' title='bbox 1365 3299 1366 3334; x_wconf 82' lang='lat' dir='ltr'><strong>t</strong></span> 
     </span>
    </p>
   </div>
   <div class='ocr_carea' id='block_1_4' title="bbox 245 3303 1295 3380">
    <p class='ocr_par' dir='ltr' id='par_1_4' title="bbox 245 3303 1295 3380">
     <span class='ocr_line' id='line_1_30' title="bbox 245 3303 1295 3380; baseline 0.001 -21"><span class='ocrx_word' id='word_1_254' title='bbox 245 3304 366 3361; x_wconf 85' lang='lat' dir='ltr'><strong>animati</strong></span> <span class='ocrx_word' id='word_1_255' title='bbox 387 3305 452 3363; x_wconf 89' lang='lat' dir='ltr'><strong>sint.</strong></span> <span class='ocrx_word' id='word_1_256' title='bbox 501 3305 596 3379; x_wconf 83' lang='lat' dir='ltr'><strong>Quum</strong></span> <span class='ocrx_word' id='word_1_257' title='bbox 619 3323 637 3360; x_wconf 87' lang='lat' dir='ltr'><strong>a</strong></span> <span class='ocrx_word' id='word_1_258' title='bbox 659 3303 946 3380; x_wconf 84' lang='lat' dir='ltr'><strong>Carthaginiensibus</strong></span> <span class='ocrx_word' id='word_1_259' title='bbox 964 3306 1083 3362; x_wconf 86' lang='lat' dir='ltr'><strong>iniurias</strong></span> <span class='ocrx_word' id='word_1_260' title='bbox 1105 3316 1189 3363; x_wconf 88' lang='lat' dir='ltr'><strong>tanto</strong></span> <span class='ocrx_word' id='word_1_261' title='bbox 1211 3305 1295 3362; x_wconf 92' lang='lat' dir='ltr'><strong>mino·</strong></span> 
     </span>
    </p>
   </div>
   <div class='ocr_carea' id='block_1_5' title="bbox 194 3410 1366 4128">
    <p class='ocr_par' dir='ltr' id='par_1_5' title="bbox 244 3410 1366 3502">
     <span class='ocr_line' id='line_1_31' title="bbox 244 3410 1366 3502; baseline 0 -36"><span class='ocrx_word' id='word_1_262' title='bbox 244 3429 291 3466; x_wconf 89' lang='lat' dir='ltr'><strong>res</strong></span> <span class='ocrx_word' id='word_1_263' title='bbox 313 3410 521 3486; x_wconf 86' lang='lat' dir='ltr'><strong>acciperemus,</strong></span> <span class='ocrx_word' id='word_1_264' title='bbox 543 3411 581 3469; x_wconf 87' lang='lat' dir='ltr'><strong>ud</strong></span> <span class='ocrx_word' id='word_1_265' title='bbox 602 3418 729 3467; x_wconf 89' lang='lat' dir='ltr'><strong>vostrum</strong></span> <span class='ocrx_word' id='word_1_266' title='bbox 751 3411 954 3486; x_wconf 87' lang='lat' dir='ltr'><strong>imperatorem</strong></span> <span class='ocrx_word' id='word_1_267' title='bbox 977 3411 1178 3487; x_wconf 84' lang='lat' dir='ltr'><strong>confugimus3</strong></span> <span class='ocrx_word' id='word_1_268' title='bbox 1214 3431 1293 3486; x_wconf 90' lang='lat' dir='ltr'><strong>quum</strong></span> <span class='ocrx_word' id='word_1_269' title='bbox 1365 3427 1366 3502; x_wconf 54' lang='lat' dir='ltr'><strong>q</strong></span> 
     </span>
    </p>

    <p class='ocr_par' dir='ltr' id='par_1_6' title="bbox 213 3516 1294 3701">
     <span class='ocr_line' id='line_1_32' title="bbox 244 3516 1294 3593; baseline 0.004 -23"><span class='ocrx_word' id='word_1_270' title='bbox 244 3534 263 3571; x_wconf 90' lang='lat' dir='ltr'><strong>a</strong></span> <span class='ocrx_word' id='word_1_271' title='bbox 284 3527 381 3574; x_wconf 87' lang='lat' dir='ltr'><strong>vestro</strong></span> <span class='ocrx_word' id='word_1_272' title='bbox 403 3518 536 3592; x_wconf 87' lang='lat' dir='ltr'><strong>preasidio</strong></span> <span class='ocrx_word' id='word_1_273' title='bbox 557 3516 621 3592; x_wconf 91' lang='lat' dir='ltr'><strong>plus</strong></span> <span class='ocrx_word' id='word_1_274' title='bbox 644 3535 730 3591; x_wconf 91' lang='lat' dir='ltr'><strong>quam</strong></span> <span class='ocrx_word' id='word_1_275' title='bbox 756 3518 873 3575; x_wconf 86' lang='lat' dir='ltr'><strong>hostilia</strong></span> <span class='ocrx_word' id='word_1_276' title='bbox 894 3518 1055 3593; x_wconf 86' lang='lat' dir='ltr'><strong>patiamur,</strong></span> <span class='ocrx_word' id='word_1_277' title='bbox 1076 3537 1221 3592; x_wconf 89' lang='lat' dir='ltr'><strong>nusquam</strong></span> <span class='ocrx_word' id='word_1_278' title='bbox 1242 3519 1294 3575; x_wconf 87' lang='lat' dir='ltr'><strong>alio</strong></span> 
     </span>
     <span class='ocr_line' id='line_1_33' title="bbox 213 3622 1293 3701; baseline -0.003 -19"><span class='ocrx_word' id='word_1_279' title='bbox 213 3628 331 3695; x_wconf 71' lang='lat' dir='ltr'><strong>equam</strong></span> <span class='ocrx_word' id='word_1_280' title='bbox 355 3624 392 3679; x_wconf 88' lang='lat' dir='ltr'><strong>ad</strong></span> <span class='ocrx_word' id='word_1_281' title='bbox 414 3642 467 3681; x_wconf 87' lang='lat' dir='ltr'><strong>vos</strong></span> <span class='ocrx_word' id='word_1_282' title='bbox 489 3622 620 3698; x_wconf 89' lang='lat' dir='ltr'><strong>querelas</strong></span> <span class='ocrx_word' id='word_1_283' title='bbox 642 3622 804 3680; x_wconf 87' lang='lat' dir='ltr'><strong>detulimus.</strong></span> <span class='ocrx_word' id='word_1_284' title='bbox 852 3626 914 3681; x_wconf 81' lang='lat' dir='ltr'><strong>Aut</strong></span> <span class='ocrx_word' id='word_1_285' title='bbox 933 3641 986 3680; x_wconf 89' lang='lat' dir='ltr'><strong>vos</strong></span> <span class='ocrx_word' id='word_1_286' title='bbox 1000 3623 1161 3698; x_wconf 87' lang='lat' dir='ltr'><strong>respicietis</strong></span> <span class='ocrx_word' id='word_1_287' title='bbox 1175 3625 1293 3701; x_wconf 80' lang='lat' dir='ltr'><strong>perrlitas</strong></span> 
     </span>
    </p>

    <p class='ocr_par' dir='ltr' id='par_1_7' title="bbox 194 3728 1366 3920">
     <span class='ocr_line' id='line_1_34' title="bbox 243 3728 1290 3805; baseline 0.007 -24"><span class='ocrx_word' id='word_1_288' title='bbox 243 3743 291 3782; x_wconf 87' lang='lat' dir='ltr'><strong>res</strong></span> <span class='ocrx_word' id='word_1_289' title='bbox 311 3737 442 3799; x_wconf 90' lang='lat' dir='ltr'><strong>nostras,</strong></span> <span class='ocrx_word' id='word_1_290' title='bbox 463 3739 561 3805; x_wconf 89' lang='lat' dir='ltr'><strong>patres</strong></span> <span class='ocrx_word' id='word_1_291' title='bbox 585 3728 755 3803; x_wconf 91' lang='lat' dir='ltr'><strong>conscripti,</strong></span> <span class='ocrx_word' id='word_1_292' title='bbox 779 3735 830 3785; x_wconf 90' lang='lat' dir='ltr'><strong>aut</strong></span> <span class='ocrx_word' id='word_1_293' title='bbox 850 3748 887 3786; x_wconf 91' lang='lat' dir='ltr'><strong>ne</strong></span> <span class='ocrx_word' id='word_1_294' title='bbox 909 3730 946 3786; x_wconf 89' lang='lat' dir='ltr'><strong>ab</strong></span> <span class='ocrx_word' id='word_1_295' title='bbox 968 3729 1022 3786; x_wconf 85' lang='lat' dir='ltr'><strong>diis</strong></span> <span class='ocrx_word' id='word_1_296' title='bbox 1045 3731 1162 3804; x_wconf 90' lang='lat' dir='ltr'><strong>quidem</strong></span> <span class='ocrx_word' id='word_1_297' title='bbox 1184 3732 1290 3788; x_wconf 91' lang='lat' dir='ltr'><strong>immor·</strong></span> 
     </span>
     <span class='ocr_line' id='line_1_35' title="bbox 194 3829 1366 3920; baseline 0.005 -34"><span class='ocrx_word' id='word_1_298' title='bbox 194 3829 365 3900; x_wconf 81' lang='lat' dir='ltr'><strong>totalibus,</strong></span> <span class='ocrx_word' id='word_1_299' title='bbox 400 3834 478 3906; x_wconf 92' lang='lat' dir='ltr'><strong>qnod</strong></span> <span class='ocrx_word' id='word_1_300' title='bbox 507 3852 672 3909; x_wconf 90' lang='lat' dir='ltr'><strong>precemur,</strong></span> <span class='ocrx_word' id='word_1_301' title='bbox 705 3835 859 3910; x_wconf 89' lang='lat' dir='ltr'><strong>quicquum</strong></span> <span class='ocrx_word' id='word_1_302' title='bbox 888 3844 1026 3909; x_wconf 82' lang='lat' dir='ltr'><strong>superest</strong></span> <span class='ocrx_word' id='word_1_303' title='bbox 1082 3837 1119 3909; x_wconf 83' lang='lat' dir='ltr'><strong>Q.</strong></span> <span class='ocrx_word' id='word_1_304' title='bbox 1143 3837 1291 3894; x_wconf 90' lang='lat' dir='ltr'><strong>Pleminius</strong></span> <span class='ocrx_word' id='word_1_305' title='bbox 1364 3899 1366 3920; x_wconf 53' lang='grc' dir='ltr'>Ι</span> 
     </span>
    </p>

    <p class='ocr_par' dir='ltr' id='par_1_8' title="bbox 240 3937 1366 4015">
     <span class='ocr_line' id='line_1_36' title="bbox 240 3937 1366 4015; baseline 0.004 -22"><span class='ocrx_word' id='word_1_306' title='bbox 240 3937 354 4012; x_wconf 84' lang='lat' dir='ltr'><strong>legatus</strong></span> <span class='ocrx_word' id='word_1_307' title='bbox 386 3937 490 3995; x_wconf 89' lang='lat' dir='ltr'><strong>missus</strong></span> <span class='ocrx_word' id='word_1_308' title='bbox 521 3950 565 3996; x_wconf 87' lang='lat' dir='ltr'><strong>est</strong></span> <span class='ocrx_word' id='word_1_309' title='bbox 598 3959 661 3998; x_wconf 91' lang='lat' dir='ltr'><strong>cum</strong></span> <span class='ocrx_word' id='word_1_310' title='bbox 698 3941 831 4015; x_wconf 82' lang='lat' dir='ltr'><strong>praesidio</strong></span> <span class='ocrx_word' id='word_1_311' title='bbox 861 3943 898 3999; x_wconf 89' lang='lat' dir='ltr'><strong>sd</strong></span> <span class='ocrx_word' id='word_1_312' title='bbox 926 3941 1106 4015; x_wconf 90' lang='lat' dir='ltr'><strong>recipiendos</strong></span> <span class='ocrx_word' id='word_1_313' title='bbox 1137 3963 1158 4000; x_wconf 91' lang='lat' dir='ltr'><strong>a</strong></span> <span class='ocrx_word' id='word_1_314' title='bbox 1179 3942 1290 4001; x_wconf 86' lang='lat' dir='ltr'><strong>Carthe-</strong></span> <span class='ocrx_word' id='word_1_315' title='bbox 1365 3947 1366 3950; x_wconf 75' lang='grc'>’</span> 
     </span>
    </p>

    <p class='ocr_par' dir='ltr' id='par_1_9' title="bbox 241 4043 1366 4128">
     <span class='ocr_line' id='line_1_37' title="bbox 241 4043 1366 4128; baseline 0.004 -28"><span class='ocrx_word' id='word_1_316' title='bbox 241 4043 417 4118; x_wconf 83' lang='lat' dir='ltr'><strong>giniensibus</strong></span> <span class='ocrx_word' id='word_1_317' title='bbox 439 4045 566 4116; x_wconf 87' lang='lat' dir='ltr'><strong>Locros,</strong></span> <span class='ocrx_word' id='word_1_318' title='bbox 602 4055 631 4128; x_wconf 79' lang='lat' dir='ltr'><strong>et</strong></span> <span class='ocrx_word' id='word_1_319' title='bbox 658 4062 722 4102; x_wconf 90' lang='lat' dir='ltr'><strong>cum</strong></span> <span class='ocrx_word' id='word_1_320' title='bbox 754 4047 855 4103; x_wconf 90' lang='lat' dir='ltr'><strong>eodem</strong></span> <span class='ocrx_word' id='word_1_321' title='bbox 882 4045 922 4104; x_wconf 91' lang='lat' dir='ltr'><strong>ibi</strong></span> <span class='ocrx_word' id='word_1_322' title='bbox 948 4047 1063 4105; x_wconf 86' lang='lat' dir='ltr'><strong>relictus</strong></span> <span class='ocrx_word' id='word_1_323' title='bbox 1093 4057 1138 4106; x_wconf 88' lang='lat' dir='ltr'><strong>est</strong></span> <span class='ocrx_word' id='word_1_324' title='bbox 1159 4049 1288 4126; x_wconf 78' lang='lat' dir='ltr'><strong>praesidio.</strong></span> <span class='ocrx_word' id='word_1_325' title='bbox 1365 4049 1366 4060; x_wconf 60' lang='lat'>¹</span> 
     </span>
    </p>
   </div>
   <div class='ocr_carea' id='block_1_6' title="bbox 0 0 1378 4556">
    <p class='ocr_par' dir='ltr' id='par_1_10' title="bbox 0 0 1378 4556">
     <span class='ocr_line' id='line_1_38' title="bbox 0 0 1378 4556; baseline 0 2"><span class='ocrx_word' id='word_1_326' title='bbox 0 0 1378 4556; x_wconf 95' lang='lat' dir='ltr'><strong> </strong></span> 
     </span>
    </p>
   </div>
  </div>
 </body>
</html>
