2812 4556
682 275 690 286 ’
745 283 829 336 ΙΧΠ

268 466 489 538 affimnatioaem.
541 461 639 537 Neque
668 463 755 520 etiam
784 469 871 536 atque
905 463 990 520 etiam
1013 481 1134 537 anquam
1164 465 1253 522 estin
1276 463 1362 521 dies

272 546 374 621 magis.
432 545 488 606 Cic.
510 546 550 602 ad
569 546 651 602 Fam.
679 545 734 616 VI,
762 546 803 601 22
822 547 993 620 apertissime
1026 564 1086 602 cum
1108 545 1245 603 Lambino
1269 550 1359 605 seri-
1401 539 1402 628 J

270 630 388 686 bendum
410 638 465 685 est:
487 628 576 684 nihilo
591 627 712 684 meliora
726 637 794 684 sunt
807 647 884 684 nunc
905 637 993 702 atque
1015 628 1101 685 etiam
1124 630 1214 686 multo
1237 631 1358 705 despe-

271 712 396 780 ratiora3
419 713 477 768 ibd.
491 710 578 779 XVI,
602 711 618 764 7
633 713 673 767 sic
687 711 946 785 interpunqendam:
969 710 1057 779 Cura,
1078 721 1110 768 ut
1125 713 1234 783 valeas,
1250 713 1357 769 etiam

272 803 360 868 atque
375 794 423 866 et.)
447 798 465 852 6
481 792 521 867 (P
531 794 581 849 sed
597 793 739 850 Punicum
755 793 914 850 abhorrens
936 795 974 850 ab
996 793 1167 851 Latinorum
1189 795 1355 852 nominum

272 896 325 952 pro
351 875 471 938 Casino.
514 874 691 949 Supplevere,
709 885 850 950 praeunte
874 895 907 932 ea
922 885 1009 951 parte
1026 874 1173 948 Gronorio,
1195 877 1356 953 Hauptius

268 969 297 1016 et
326 959 439 1032 Weiss.)
458 956 464 1037 1
485 961 502 1016 6
527 955 749 1032 Caiatinumque
771 959 845 1030 (Mq.
859 958 925 1017 Em.
940 959 1000 1014 237
1022 977 1036 1014 e
1056 958 1098 1014 P:
1114 959 1354 1034 allifanumque3

270 1040 362 1098 Drab.
386 1039 623 1116 Calatinumque)
646 1041 734 1111 XIV,
771 1045 781 1096 l
800 1038 854 1115 (Ut
875 1060 955 1110 vero,
977 1049 1133 1116 postquam
1156 1041 1253 1099 Anca.
1270 1043 1353 1099 eP:

272 1132 395 1180 atvero
429 1143 527 1196 quam.
580 1123 673 1184 Drab.
704 1124 747 1182 Ut
767 1141 838 1179 vero
867 1124 906 1180 ad
937 1123 1033 1183 V....
1061 1124 1309 1200 exurebaturque)
1345 1123 1349 1190 ,ι

270 1205 415 1262 seditione
442 1206 556 1262 accensi
586 1224 599 1261 e
628 1208 695 1262 coni.
727 1206 821 1280 (Lupe.
843 1206 873 1261 P
897 1206 933 1262 de
964 1207 1077 1280 integro
1106 1207 1209 1264 seditio
1241 1226 1276 1264 ac
1304 1208 1352 1264 de

270 1288 413 1346 seditione
429 1289 541 1346 accensi
558 1289 675 1363 quidam
692 1287 817 1346 fueraut.
839 1287 969 1364 Apparet
983 1308 1062 1345 error
1077 1291 1187 1346 librarii
1199 1291 1350 1346 redeuntis

269 1371 311 1427 ad
333 1371 369 1428 de
395 1381 420 1427 et
441 1372 481 1427 ad
501 1371 532 1426 id
552 1371 781 1428 accommodantia
802 1371 957 1441 seditione,
990 1381 1046 1428 tam
1068 1373 1181 1429 accensi
1202 1373 1244 1428 ad
1275 1374 1347 1446 qui-

270 1455 348 1510 dam.
397 1453 443 1510 De
465 1454 635 1527 quieverant
657 1463 785 1527 corrupto
806 1453 862 1514 vid.
882 1454 946 1514 Em.
970 1452 1050 1530 617.)
1088 1455 1347 1530 48ρεοιαιιιιιιιιο

270 1538 326 1593 huc
352 1532 434 1609 (Lau.
452 1537 480 1605 4,
503 1537 573 1593 Mm.
588 1537 617 1591 2.
641 1536 841 1611 Pspectatum
857 1545 901 1592 est
923 1537 989 1594 hoc.
1033 1537 1219 1594 Probabibiter
1241 1539 1347 1595 deinde

270 1617 358 1674 Gran.
381 1618 549 1692 Spectatum
572 1619 642 1679 huc.
656 1661 663 1678 .
678 1660 700 1688 „
728 1628 760 1674 ut
790 1637 852 1674 rem
882 1618 1034 1676 fruendam
1068 1621 1168 1690 oculis,
1190 1620 1345 1695 sociorum

267 1701 330 1772 cet.)
365 1704 381 1757 6
406 1709 620 1777 praeterquam
643 1719 735 1776 nuper
757 1719 838 1757 oram
860 1701 901 1757 illi
923 1719 1006 1758 suam
1030 1702 1157 1759 Punicas
1179 1703 1236 1775 (ed.
1250 1703 1344 1761 Frob.

271 1783 359 1842 1531.
378 1785 409 1840 'P
426 1792 618 1859 praeterquam
640 1802 693 1857 per
715 1802 797 1839 oram
812 1782 854 1839 illi
869 1801 952 1840 suam
973 1784 1111 1844 Punicas.
1145 1784 1218 1860 ,Sea
1238 1805 1293 1860 per
1317 1797 1346 1843 et

268 1884 351 1922 suam
374 1875 442 1922 nata
469 1875 534 1922 sant
560 1868 631 1922 male
652 1867 680 1930 in
701 1885 783 1921 anam
811 1884 900 1923 vocem
924 1870 1071 1923 contractis
1093 1868 1202 1924 duabus
1231 1878 1343 1942 praeter

268 1967 366 2022 quam.
416 1948 505 2008 Suam
534 1967 582 2004 uec
603 1950 656 2021 gillo
684 1950 741 2004 loeo
760 1951 830 2022 poni
856 1957 969 2022 poterat
1000 1958 1025 2005 et
1047 1951 1118 2006 male
1148 1951 1179 2006 id
1199 1953 1341 2024 eeprimit,

266 2032 346 2105 qaod
366 2040 422 2088 tota
449 2033 579 2087 sententia
601 2030 738 2104 efficitur.)
771 2035 785 2088 7
809 2030 867 2086 laeti
890 2029 943 2106 (ed.
968 2031 1106 2107 Moqaat.)
1131 2036 1147 2089 8
1170 2051 1225 2089 nos
1248 2052 1340 2108 quam

269 2111 352 2188 (Lao.
364 2113 396 2189 4)
422 2117 454 2171 ιι
475 2132 539 2188 qua
565 2131 641 2169 nunc
663 2111 763 2189 (nescio
779 2115 906 2186 quisset.
922 2115 1019 2190 editor.
1041 2115 1107 2188 Pq.
1119 2112 1206 2190 nunc)
1236 2120 1272 2173 14
1291 2135 1340 2173 ar·

269 2195 344 2252 mari
376 2197 476 2271 copias
498 2204 612 2269 oportet
645 2193 720 2270 (Μ).
741 2195 806 2251 Em.
833 2196 901 2252 238.
924 2197 1080 2254 Parmani
1103 2197 1212 2271 capias.
1274 2198 1339 2255 De·

267 2279 392 2336 scandas
421 2297 477 2353 pro
513 2277 695 2334 deducendas
729 2279 788 2349 Mq.
823 2287 848 2333 et
879 2276 1002 2355 Heerw.)
1051 2285 1084 2338 15
1109 2277 1223 2355 (ducem
1250 2279 1340 2339 Gran.

268 2359 460 2436 probabiliter)
483 2359 561 2428 XV,
601 2366 611 2416 l
639 2361 749 2434 pariter
775 2361 850 2417 inter
879 2379 948 2417 suos
977 2359 1032 2436 (ed.
1056 2363 1134 2423 Med.
1159 2365 1247 2432 reat,
1270 2364 1339 2421 Em

267 2443 329 2499 239
340 2442 379 2519 η.)
399 2443 403 2517 Ι
422 2444 502 2517 prius
518 2444 555 2499 ab
579 2443 643 2499 aliis
666 2440 721 2518 (ed.
736 2443 804 2502 Par.
825 2443 913 2512 1573,
928 2443 993 2500 Em.
1009 2444 1077 2520 ibd.)
1104 2447 1120 2501 2
1138 2444 1266 2521 (summa
1282 2465 1340 2520 ope

193 2539 197 2546 ‘
267 2526 350 2600 petiti
366 2526 462 2585 Anat.
478 2526 506 2581 P
524 2543 638 2582 summa
660 2525 789 2599 oppetiti.
803 2526 895 2586 Drab.
919 2544 1103 2601 summopere
1123 2525 1196 2603 pet.)
1221 2532 1237 2583 5
1254 2528 1339 2599 vidit,

267 2627 321 2682 per
332 2609 514 2666 occasionem
531 2607 572 2681 (et
582 2609 650 2667 add.
663 2609 724 2679 Mq.
737 2610 759 2664 P
770 2627 822 2681 per
834 2608 1028 2682 occasionem)
1049 2615 1064 2665 7
1077 2611 1171 2685 ipsum
1184 2608 1317 2685 (Weiss.)
1333 2609 1336 2688 i

268 2692 437 2764 pertrahere
460 2688 553 2763 (codd.
575 2709 641 2748 rece.
688 2690 734 2746 De
757 2693 830 2746 eaita
854 2700 880 2747 et
901 2693 995 2764 effecta
1016 2694 1059 2748 rei
1076 2711 1164 2767 prave
1187 2693 1339 2764 infinitivus

263 2773 401 2846 ponitur.)
443 2777 476 2829 ll
504 2773 553 2845 (ab
574 2773 712 2831 Sinuessa
736 2771 822 2829 Gran.
844 2774 874 2829 P
892 2774 1076 2835 adminuisse.
1125 2775 1217 2833 Drab.
1240 2775 1337 2832 inmu-

268 2853 341 2931 nito)
373 2855 466 2923 XVI,
504 2857 521 2911 2
547 2856 689 2930 expeditis
710 2856 848 2930 peditibus
870 2857 1072 2931 equitibusque
1101 2875 1115 2912 e
1142 2861 1210 2915 coni.
1265 2855 1338 2933 (Sed

265 2937 395 3014 expediti
416 2939 539 2994 absolute
556 2939 664 3012 pedites
686 2936 835 3015 dicantar.)
860 2943 877 2999 4
895 2936 1094 3014 (perhorridas
1116 2939 1206 2996 silvas
1235 2939 1335 3000 Weiss,

266 3039 280 3077 e
303 3021 340 3076 P:
364 3020 551 3094 perhorridas
573 3021 672 3077 situas.
720 3021 814 3078 Drah.
837 3030 999 3094 stagnaque
1019 3022 1193 3096 perhorrida
1214 3020 1284 3098 situ)
1318 3028 1333 3079 7

265 3102 509 3177 praeliganturque
534 3102 627 3180 (codd.
650 3123 735 3170 recc.,·
758 3105 824 3160 Em.
847 3101 919 3179 214)
959 3107 975 3159 8
999 3103 1107 3174 datum,
1131 3113 1163 3160 ut
1189 3124 1242 3180 per
1262 3124 1335 3162 noc-

267 3197 324 3241 tem
349 3203 362 3240 e
390 3188 458 3245 coni.
490 3183 607 3261 (Weiss.
635 3187 664 3242 P
687 3188 787 3243 datum
815 3194 856 3242 ut.
873 3185 974 3260 primis
1005 3187 1131 3244 tenebris
1158 3197 1273 3244 noctem
1304 3189 1336 3245 id

267 3285 339 3323 arm.
382 3268 451 3324 Duc
470 3270 553 3326 verba
575 3288 608 3325 ec
622 3271 749 3342 inferiore
765 3271 821 3325 loco
836 3277 957 3325 retracta
979 3279 1051 3326 sant.
1094 3271 1198 3327 Primis
1217 3271 1335 3328 tenebris

266 3347 320 3405 iter
341 3359 455 3426 caeptam
479 3360 526 3422 est,
543 3362 618 3427 post,
640 3353 748 3408 abiud
767 3353 875 3408 radices
896 3355 1025 3408 montium
1048 3361 1164 3423 ventam,
1193 3363 1334 3410 sarmenta

261 3431 402 3508 accensa.)
425 3433 530 3504 XVII,
564 3438 580 3491 3
604 3435 731 3509 virgulta
757 3435 858 3491 ardere
889 3433 940 3510 (A.
963 3435 1060 3504 Perit,
1084 3437 1145 3508 Mq.
1167 3435 1234 3495 Em.
1257 3436 1332 3512 239)
1401 3481 1402 3504 ,

264 3513 429 3588 6(maiore
452 3518 575 3582 tumultu
600 3516 686 3574 Gran.
707 3518 737 3573 P
754 3517 864 3574 maiore
886 3514 987 3576 multo.
1031 3517 1123 3574 Drah.
1148 3517 1216 3575 mai.
1240 3521 1332 3594 metu)
1401 3519 1402 3524 ’

264 3597 386 3666 XVIII,
409 3599 426 3654 2
449 3601 628 3673 pervenisset
650 3597 764 3675 (Gran)
790 3602 807 3656 3
826 3609 914 3674 atque
938 3600 1031 3657 levior
1053 3598 1094 3676 (P
1112 3619 1146 3658 ac
1167 3601 1330 3676 leviorque)
1401 3623 1402 3628 ¹

269 3683 302 3736 10
327 3679 446 3752 desisse,
477 3684 515 3739 ab
537 3683 679 3739 continuis
702 3680 796 3758 (codd.
812 3701 898 3753 recc.,·
922 3684 1037 3756 aliquot,
1060 3684 1123 3740 edd.
1139 3685 1216 3757 vett.)
1237 3684 1328 3754 XIX,

265 3765 282 3819 3
305 3763 428 3820 navibus
450 3783 542 3839 prope
563 3774 671 3822 terram
695 3765 852 3822 exercitum
875 3764 950 3840 (Mq.
972 3765 1037 3824 Em.
1059 3763 1131 3841 240)
1180 3770 1214 3823 10
1237 3767 1329 3824 evecti

262 3853 395 3902 tenentur
417 3864 431 3902 e
453 3850 521 3903 coni.
545 3846 585 3923 (P
596 3849 799 3916 eveherentur3
822 3866 894 3906 corr.
912 3847 999 3909 Gran.
1042 3849 1197 3919 Iudicatur,
1219 3851 1247 3905 in
1269 3853 1329 3924 qui-

267 3929 318 3984 bas
338 3929 453 4002 aqeadis
477 3948 560 4003 qaam
582 3933 698 3986 maaime
713 3932 837 4003 fuerim,-
862 3932 904 3987 ad
923 3950 982 3987 eam
1004 3951 1061 3989 rem
1080 3939 1213 3990 tenentur
1234 3941 1330 4007 aptam

196 4031 202 4036 ·
261 4029 316 4067 non
338 4007 426 4086 est.)1
447 4012 545 4088 omnia
570 4031 755 4088 praepropere
779 4009 898 4089 (Drab.)
935 4018 966 4070 ll
993 4015 1102 4072 turbati
1130 4023 1158 4072 et
1186 4023 1328 4090 temptata

261 4091 366 4168 (Gran.
412 4093 475 4150 Hoc
508 4095 579 4165 loco,
608 4096 656 4152 ubi
683 4103 802 4160 secutum
831 4098 950 4154 atreum
974 4115 1007 4154 ee
1033 4100 1120 4155 altero
1150 4099 1328 4172 siqnificatar,
