2700 4426
218 205 273 259 130
465 201 544 250 Liber
561 200 687 250 XXVIII.
726 201 775 264 (Δ.
790 216 813 250 u.
829 217 852 254 c.
866 203 941 266 547.)

143 386 304 460 8totidem)
327 386 499 460 Anticyram
526 386 645 444 traiecit.
692 386 765 443 Inde
795 387 1049 462 quinqueremibus
1077 399 1190 467 septem
1211 401 1237 448 et

172 493 273 550 lembis
293 492 395 567 viginti
424 492 561 566 amplius,
598 510 682 566 quos,
710 502 742 548 ut
763 493 933 568 adiungeret
954 493 1236 573 Carthaginiensium

173 599 272 669 classi,
308 599 427 655 miserat
454 598 484 655 in
507 596 687 655 Corinthium
713 599 826 671 sinum,
857 599 1005 674 profectus
1035 602 1073 660 ad
1096 603 1237 679 Erythras

172 706 358 774 AEtolorum,
394 722 458 777 quae
490 722 581 778 prope
616 703 772 778 Eupalium
812 718 893 776 sunt,
929 709 1129 766 escensionem
1166 709 1238 766 fecit

142 812 262 870 9Haud
282 809 384 868 fefellit
404 809 538 880 AEtolos;
571 828 638 866 nam
665 811 813 868 hominum
848 815 927 887 quod
955 824 1007 871 aut
1035 814 1065 871 in
1089 814 1171 890 agris
1193 825 1239 872 ant

171 919 201 976 in
232 916 401 993 propinquis
433 915 558 972 castellis
592 915 754 973 Potidaniae
787 927 874 993 atque
909 920 1076 995 Apolloniae
1110 919 1183 989 fuit,
1212 921 1239 978 in

123 1026 259 1083 lOsilvas
290 1032 461 1097 montesque
491 1019 615 1095 refugit3
655 1040 778 1096 pecora,
815 1044 879 1099 quae
914 1026 989 1082 inter
1021 1025 1238 1084 festinationem

172 1131 250 1208 abigi
277 1130 463 1204 nequierant,
494 1136 560 1185 sunt
592 1127 704 1202 direpta
733 1137 761 1185 et
787 1130 817 1185 in
844 1148 934 1187 naves
956 1132 1119 1206 compulsa.
1167 1131 1240 1190 Cum

170 1240 205 1296 iis
226 1246 379 1310 ceteraque
393 1234 492 1310 praeda
512 1233 614 1304 Nicia,
635 1242 758 1308 praetore
779 1237 963 1308 Achaeorum,
989 1236 1115 1312 AEgium
1140 1238 1240 1309 misso,

171 1364 259 1419 quum
286 1341 456 1400 Corinthum
480 1340 613 1415 petisset,
636 1340 784 1414 pedestres
804 1340 871 1396 inde
893 1342 992 1416 copias
1012 1362 1066 1418 per
1088 1344 1239 1401 Boeotiam

121 1450 153 1504 ll
169 1459 246 1506 terra
279 1449 344 1505 duci
378 1446 474 1514 iussit3
508 1446 570 1520 ipse
599 1445 635 1501 ab
664 1443 818 1502 Cenchreis
846 1458 950 1521 praeter
970 1459 1079 1506 terram
1104 1451 1240 1508 Atticam

169 1573 255 1629 super
276 1553 396 1611 Sunium
418 1551 560 1625 navigans
588 1551 663 1606 inter
692 1552 803 1607 medias
840 1572 932 1627 prope
964 1555 1093 1612 hostium
1127 1555 1238 1612 classes

120 1661 156 1716 12
169 1659 334 1717 Chalcidem
357 1657 496 1732 pervenit.
541 1655 627 1725 Inde,
662 1655 827 1712 collaudata
853 1658 909 1715 fide
939 1678 973 1716 ac
995 1660 1122 1731 virtute,
1161 1662 1238 1734 quod

169 1784 261 1840 neque
286 1765 374 1820 timor
411 1780 463 1819 nec
492 1779 558 1836 spes
584 1761 711 1818 flexisset
742 1781 841 1820 eorum
868 1763 996 1836 animos,
1031 1766 1238 1842 hortatusque,

120 1873 155 1928 13
168 1891 200 1928 aa
221 1870 413 1946 Opuntiorum
439 1866 585 1924 fortunam
608 1867 734 1937 mallent,
762 1869 800 1924 ab
823 1862 960 1926 Chalcide
977 1869 1086 1929 Oreum
1103 1875 1238 1949 navigat,

167 1977 387 2052 principumque
411 1975 462 2045 iis,
496 1973 545 2047 qui
571 1972 671 2048 fugere
703 1983 790 2048 capta
818 1974 889 2030 urbe
921 1994 1007 2049 quam
1037 1996 1069 2034 se
1090 1980 1239 2038 Romanis

167 2084 281 2139 tradere
303 2081 483 2150 maluerant,
515 2097 628 2136 summa
654 2098 750 2136 rerum
774 2088 803 2136 et
824 2081 956 2137 custodia
977 2083 1056 2140 urbis
1078 2086 1240 2158 permissa,

166 2189 229 2263 ipse
250 2187 467 2245 Demetriadem
492 2186 528 2242 ab
550 2183 680 2254 Euboea,
720 2186 794 2241 unde
816 2186 940 2259 primum
965 2189 1002 2244 ad
1024 2208 1113 2263 opem
1138 2190 1237 2248 feren·

120 2300 155 2352 14
169 2294 236 2349 dam
262 2293 347 2349 sociis
374 2290 520 2366 profectus
544 2298 621 2360 erat,
649 2291 769 2346 traiecit.
818 2290 1008 2350 Cassandreae
1029 2295 1138 2354 deinde
1162 2317 1236 2354 cen-

169 2407 227 2491 tmq
249 2397 367 2453 navium
389 2397 540 2471 longarum
564 2395 668 2451 carinis
693 2396 794 2469 positis
817 2406 1022 2471 contractaque
1037 2401 1075 2455 ad
1091 2399 1233 2459 effectum

169 2502 228 2559 eiua
251 2503 346 2577 operis
369 2502 549 2558 multitudine
570 2501 720 2559 fabrorum
742 2502 899 2574 navalium,
923 2505 990 2578 quia
1004 2524 1050 2562 res
1064 2506 1095 2562 in
1112 2508 1236 2567 Graecia

167 2609 336 2682 tranquillas
365 2617 393 2665 et
421 2607 562 2684 profectio
584 2607 680 2664 Attali
708 2607 818 2665 fecerat
839 2609 916 2666 etin
939 2618 1067 2685 tempore
1090 2613 1234 2672 laboran-

167 2715 243 2771 tibus
265 2715 350 2771 sociis
371 2716 461 2772 latum
484 2715 521 2770 ab
543 2732 574 2769 se
596 2713 750 2782 auxilium,
783 2723 860 2770 retro
882 2715 912 2770 iu
933 2734 1052 2791 regnum
1074 2722 1234 2790 concessit,

86 2850 90 2866 ι
168 2828 199 2875 ut
218 2820 321 2877 Maedis
343 2821 449 2878 bellum
470 2820 596 2876 inferret.

250 2928 391 2985 Extremo
420 2928 527 2984 astatis
560 2928 637 2996 eius,
673 2944 730 2999 qua
758 2927 819 2982 haec
845 2925 874 2982 in
902 2925 1018 2984 Graecia
1043 2937 1130 3002 gesta
1152 2941 1232 3000 sunt,

168 3051 256 3106 quum
284 3033 318 3104 Q.
341 3034 451 3090 Fabius
474 3032 597 3090 Maximi
626 3032 701 3088 filius
723 3032 836 3106 legatus
865 3033 901 3088 ab
931 3033 973 3089 M.
994 3034 1079 3090 Livio
1109 3039 1232 3094 consule

167 3137 291 3193 Romam
314 3138 351 3193 ad
372 3148 502 3194 senatum
524 3138 692 3206 nuntiasset,
717 3138 863 3195 consulem
884 3139 954 3195 satis
976 3140 1102 3213 praesidii
1120 3143 1232 3200 Galliae

122 3268 123 3271 ¹
166 3242 321 3316 provinciae
343 3244 458 3299 credere
479 3245 514 3300 L.
536 3243 672 3299 Porcium
696 3262 759 3299 cum
784 3244 843 3300 suis
862 3244 1022 3320 legionibus
1045 3264 1117 3316 esse,
1141 3250 1231 3308 dece-

135 3345 234 3404 2dere
260 3367 292 3405 se
317 3349 383 3405 inde
412 3367 446 3404 ac
474 3347 576 3405 deduci
599 3349 754 3405 exercitum
778 3351 957 3408 consularem
985 3369 1088 3425 posse,
1125 3364 1231 3428 patres

165 3473 223 3510 non
244 3455 286 3511 M.
309 3455 424 3511 Livium
447 3462 557 3510 tantum
578 3453 672 3510 redire
694 3456 732 3511 ad
754 3457 863 3526 urbem,
886 3457 936 3512 sed
952 3458 1091 3533 collegam
1108 3478 1231 3536 quoque

135 3557 227 3615 3eius
259 3557 292 3615 C.
316 3557 467 3616 Claudium
498 3559 650 3616 iusserunt.
704 3561 741 3616 Id
767 3563 854 3618 modo
882 3563 912 3619 in
940 3565 1054 3621 decreto
1085 3566 1230 3638 interfuit,

167 3665 244 3737 quod
272 3666 312 3722 Μ.
335 3666 411 3722 Livii
440 3667 596 3723 exercitum
624 3667 738 3737 reduci,
770 3668 895 3725 Neronis
915 3669 1042 3745 legiones
1063 3671 1232 3732 Hannibali

134 3771 312 3845 ‹toppositas
339 3791 457 3828 manere
486 3771 515 3827 in
542 3773 691 3846 provincia
720 3774 871 3830 iusserunt.
919 3776 999 3833 Inter
1029 3779 1164 3835 consules
1187 3782 1232 3839 ita

164 3896 217 3952 per
252 3877 360 3934 litteras
397 3877 545 3946 convenit,
582 3886 628 3948 ut,
661 3879 902 3952 quemadmodum
936 3900 992 3938 uno
1025 3882 1124 3939 animo
1164 3906 1230 3944 rem
