2812 4556
294 232 311 288 s
578 229 657 278 aanor
673 229 746 279 ιιι.
788 203 905 292 (amc.
919 227 992 291 sas.)

251 410 368 470 obviam
398 411 437 468 ad
464 429 545 470 mare
575 412 654 470 missi
683 411 721 469 ab
743 413 919 484 Hannibale,
941 412 992 487 qui
1011 411 1154 482 dicerent,
1184 427 1258 468 neo
1285 416 1355 466 tuto
1395 441 1396 462 ι

252 533 302 574 ens
333 515 463 574 adituros
487 519 562 576 inter
588 527 634 576 tot
660 529 720 576 tarn
750 517 956 578 effrenatarum
982 517 1111 594 gentium
1140 533 1259 585 arma,
1297 533 1356 570 nee
1387 564 1388 571 ,

251 621 411 678 Hannibali
444 623 474 680 in
506 633 590 682 tanto
621 623 787 682 discrimine
819 643 916 682 rarum
939 643 1035 700 opera
1068 641 1133 680 esse
1160 619 1356 696 legationes

220 725 363 784 laudire.
413 729 597 804 Apparebat,
624 747 683 788 uon
716 729 860 787 admissos
881 730 1013 805 protinus
1034 729 1263 804 Carthaginem
1289 726 1355 781 itu-

251 848 309 888 ros.
348 832 476 890 Litteras
496 833 586 909 igitur
607 833 784 908 nuntiosque
806 835 844 894 ad
866 837 1011 917 principes
1032 834 1168 892 factionis
1189 829 1355 890 Barcinae
1392 860 1393 873 ι

190 949 196 975 t
251 937 408 1012 praemittit,
431 945 463 994 ut
477 949 677 1014 prapararent
699 959 818 998 suorum
842 942 965 1011 animos,
986 959 1024 998 ne
1045 941 1116 1015 quid
1139 953 1214 1014 pars
1243 937 1355 994 altera
1392 912 1393 929 Χ

158 1031 202 1100 lb
257 1043 416 1114 gratificari
436 1044 546 1118 populo
568 1045 703 1102 Romano
723 1056 832 1120 posset.
880 1049 999 1122 ltaque,
1024 1055 1226 1122 praeterquam
1258 1041 1353 1116 quod

256 1147 375 1205 admissi
397 1147 546 1223 auditique
574 1158 657 1220 sunt,
687 1169 723 1208 ea
750 1169 867 1226 qunque
896 1171 974 1209 vana
1001 1159 1090 1226 atque
1113 1149 1197 1207 irrita
1218 1148 1351 1223 legatio

223 1249 318 1312 afuit.
364 1253 473 1309 Hanno
496 1270 570 1309 nnus
601 1253 741 1314 adversus
765 1265 896 1314 senatum
923 1275 1042 1314 causam
1068 1255 1188 1312 foederis
1216 1271 1349 1328 magno

252 1358 366 1415 silentio
382 1364 502 1432 propter
515 1357 717 1416 anctoritatem
741 1379 834 1433 suam,
856 1381 910 1419 non
925 1380 991 1418 curn
1007 1377 1128 1420 assensu
1144 1358 1347 1418 audientium

222 1464 325 1540 aegit,
349 1461 493 1537 perdens
514 1461 655 1520 foedemm
682 1466 808 1524 arbitros
831 1485 866 1524 ac
893 1474 982 1524 testes
1008 1473 1141 1523 senatum
1164 1466 1345 1528 obtestans,

251 1570 482 1626 ne'Romanum
510 1585 574 1624 cum
609 1568 771 1645 Saguntino
804 1573 978 1630 suscitarent
1009 1569 1132 1628 bellum=
1165 1569 1343 1634 monuisse,

251 1673 421 1749 praedixisse
444 1690 485 1740 se,
514 1691 551 1731 ne
571 1673 750 1733 Hamilcaris
778 1677 948 1752 progeniem
974 1677 1011 1733 ad
1042 1677 1203 1734 exercitum
1225 1676 1342 1732 mitte-

252 1787 329 1848 rent3
351 1797 411 1834 non
432 1793 541 1849 manes,
564 1797 622 1836 non
644 1781 763 1856 stirpem
790 1782 852 1838 eius
875 1781 1079 1855 conquiescere
1101 1782 1167 1852 viri,
1189 1799 1248 1839 nec
1274 1797 1339 1836 un-

255 1903 357 1959 quam,
378 1885 470 1940 donee
492 1885 641 1960 sanguinis
662 1887 846 1961 nominisque
867 1886 986 1944 Barcini
1008 1885 1164 1960 quisquam
1187 1884 1339 1962 supersit,

224 1968 389 2074 tquietnra
422 1990 558 2048 Romana
589 1989 711 2050 foedera.
780 1993 937 2062 „iuvenem
977 1992 1149 2065 flagrantem
1190 1987 1337 2066 cupidine

254 2096 336 2170 regni
361 2096 498 2168 viamque
526 2113 614 2152 unam
643 2097 680 2152 ad
708 2098 737 2154 id
759 2107 938 2167 cernentem,
970 2096 996 2152 si
1017 2114 1055 2152 ex
1074 2096 1160 2152 bellis
1178 2096 1262 2153 bella
1283 2111 1335 2149 se-

257 2202 348 2259 rendo
377 2201 538 2259 succinctus
569 2201 657 2258 ermis
685 2199 906 2274 legionibusque
937 2201 1033 2268 vivat,
1066 2202 1146 2258 velut
1171 2199 1333 2257 materiam

257 2307 318 2382 igni
339 2307 515 2381 praebentes,
545 2307 583 2362 ad
616 2305 759 2362 exercitus
782 2305 909 2362 misistis.
962 2305 1085 2362 Aluistis
1112 2289 1182 2381 ergo
1203 2306 1264 2362 hoc
1286 2303 1333 2358 in-

226 2411 414 2482 buendium,
437 2429 495 2486 qno
527 2429 603 2467 nune
630 2410 747 2470 ardet-is.
806 2409 968 2486 Saguntum
999 2410 1088 2468 vestri
1115 2409 1332 2468 circumsedent

258 2517 416 2588 exercitus,
449 2517 526 2573 unde
557 2523 693 2573 arcentur
716 2513 838 2584 foedere3
871 2533 941 2572 mox
965 2514 1171 2590 Carthaginem
1203 2514 1331 2572 circum-

256 2622 397 2678 sedebunt
424 2623 565 2678 Romanae
598 2620 743 2694 legiones,
772 2597 894 2676 ducibus
923 2620 1025 2676 iisdem
1058 2619 1131 2689 diis,
1165 2637 1218 2694 per
1250 2632 1330 2692 quos

226 2725 243 2778 6
255 2727 353 2801 priore
375 2725 451 2782 bello
472 2733 560 2799 rupta
580 2725 692 2782 foedera
720 2733 786 2780 sunt
817 2725 878 2784 ulti.
930 2726 1037 2784 Utrum
1067 2726 1182 2782 hostem
1210 2741 1248 2780 an
1271 2737 1330 2780 vos

256 2850 295 2888 an
314 2829 463 2887 fortunam
486 2830 635 2904 utriusque
656 2831 758 2906 populi
778 2828 939 2904 ignoratis?
964 2831 1094 2904 Legatos
1121 2829 1159 2885 ab
1182 2828 1272 2886 soniis
1298 2829 1328 2880 et

256 2953 310 3009 pro
339 2933 425 2990 sociis
454 2933 601 2990 venientes
633 2937 726 2992 bonus
760 2936 920 3010 imperator
947 2943 1044 2991 vester
1073 2933 1103 2990 in
1135 2941 1234 2991 castra
1265 2949 1326 2988 non

257 3036 387 3105 admisit3
419 3036 464 3092 ius
496 3038 626 3112 gentium
656 3040 784 3108 sustulit3
816 3039 847 3102 hi
876 3047 988 3109 tamen,
1019 3039 1095 3096 unde
1128 3055 1165 3094 ne
1195 3039 1327 3094 hostium

257 3142 372 3215 quidem
389 3141 478 3216 legati
497 3149 640 3213 areentur,
663 3141 747 3217 pulsi,
770 3145 808 3202 ad
828 3161 882 3200 nos
904 3154 1059 3212 venerunt3
1082 3159 1130 3200 ras
1152 3161 1190 3199 ex
1210 3141 1324 3199 foedere

257 3253 404 3319 repetunt;
431 3255 463 3303 ut
483 3246 601 3320 publica
621 3247 703 3304 fraus
725 3250 810 3320 absit,
832 3259 979 3306 auctorem
1003 3249 1095 3324 culpae
1116 3256 1145 3304 et
1166 3265 1248 3303 reum
1270 3244 1325 3304 eri-

229 3350 343 3407 lmiuis
374 3351 544 3425 deposcunt,
602 3353 668 3426 Quo
698 3355 790 3411 lenius
818 3362 922 3429 agunt,
952 3354 1068 3426 segnius
1094 3351 1252 3426 incipiunt,
1280 3369 1324 3418 eo,

257 3436 346 3528 quum
376 3458 530 3532 coeperint,
562 3475 675 3528 vereor,
704 3477 740 3515 ne
762 3457 996 3534 perseverantius
1018 3457 1149 3518 saeviant.
1198 3458 1324 3532 AEgates

258 3559 367 3616 insulas
390 3561 576 3638 Erycemque
599 3570 666 3620 aute
688 3564 788 3621 oeulos
806 3563 976 3638 proponite,
1007 3580 1072 3636 qua
1093 3570 1171 3618 terra
1193 3562 1322 3636 merique

228 3665 312 3740 8per
342 3676 481 3740 quattuor
500 3673 529 3724 et
550 3667 653 3742 viginti
675 3684 767 3724 anuos
789 3667 869 3740 passi
896 3665 967 3724 sitis.
1016 3668 1081 3725 Nee
1102 3683 1175 3742 puer
1195 3666 1244 3723 hie
1265 3665 1322 3721 dux

260 3780 332 3840 erat,
358 3772 409 3828 sed
431 3781 515 3846 pater
536 3773 599 3847 ipse
621 3771 782 3840 Hamilcar,
805 3772 887 3828 Mars
908 3774 991 3843 alter,
1013 3780 1045 3828 ut
1065 3771 1114 3828 isti
1135 3769 1253 3840 volnut3
1273 3767 1321 3826 sed

260 3877 406 3947 Tarento,
432 3877 529 3934 idest
559 3877 661 3946 Italia,
690 3893 748 3930 non
771 3853 1002 3934 abstinueramus
1030 3895 1066 3932 ex
1095 3875 1220 3946 foedere,
1254 3877 1323 3933 moute
1391 3907 1393 3964 ¹}

227 3979 334 4038 9nunc
358 3981 492 4055 Sagunto
521 3997 581 4036 non
610 3979 797 4040 abstinemus.
851 3981 992 4038 Vieerunt
1020 3999 1090 4056 ergo
1122 3979 1163 4046 dii
1183 3981 1319 4046 homines,
