2680 4546
310 221 370 278 268
459 259 469 278 ,
582 215 662 266 Liber
678 213 767 268 XXV.
805 212 1014 278 (anates.)

268 402 315 458 die
347 400 447 458 oblata
476 399 568 458 oculis
596 398 759 474 animisque
786 397 891 456 vestris
921 397 1118 456 memorabile
1149 398 1220 456 illud
1244 397 1307 463 edila

219 511 254 565 10
268 507 411 582 proelium,
436 523 494 580 quo
520 505 724 562 documentum
747 502 865 560 dedistis
887 503 1029 574 hostibus,
1052 521 1115 559 non
1139 523 1205 562 oum
1225 503 1327 579 Scipio,

268 614 352 670 nibus
375 613 547 669 exstinctum
570 627 634 666 csse
655 627 761 666 nomen
783 611 948 666 Romanum
972 617 1017 678 et,
1052 609 1139 666 cuins
1167 610 1257 685 populi
1275 609 1327 682 tlt

269 729 356 793 atque
376 717 468 774 virtus
490 735 549 774 non
571 716 676 773 obrute
697 714 734 770 sit
754 711 901 771 Cannensi
924 713 1015 785 clade,
1041 733 1079 772 ex
1104 715 1188 772 omni
1207 712 1304 789 prostat
1326 757 1327 792 ,

218 826 252 881 ll
269 825 380 882 saevitia
409 821 532 880 fortunat
554 839 731 878 emersuram
763 838 837 881 esse.
893 821 990 892 Nunc,
1021 820 1094 894 quia
1127 828 1235 876 tantum
1263 815 1306 877 ιη’

269 929 339 1001 estis
369 935 473 1004 sponte
503 936 616 997 vestra,
650 904 776 1000 experiri
807 926 894 994 libet,
926 936 1067 1001 qnantum
1103 925 1234 986 audeatis
1257 924 1327 998 duct,

269 1043 366 1092 vestro
388 1042 515 1092 auctore.
559 1033 629 1090 Non
651 1033 726 1089 enim
749 1033 884 1090 hesterno
906 1032 963 1101 die,
985 1049 1075 1106 quum
1098 1031 1215 1106 signum
1234 1049 1327 1112 recep,

268 1141 311 1198 tui
332 1139 398 1196 dedi
417 1138 604 1212 sequentibus
633 1136 725 1194 effuse
751 1138 835 1194 vobis
863 1138 1011 1194 turbatum
1038 1137 1173 1205 hostem,
1205 1135 1327 1210 franges

269 1244 421 1302 audaciam
451 1253 594 1312 vestram,
629 1243 679 1300 sed
712 1241 829 1300 differre
860 1244 891 1302 in
923 1242 1064 1300 maiorem
1093 1240 1220 1316 gloriam
1245 1251 1308 1314 stqm

139 1331 143 1340 ¹
219 1349 255 1404 12
269 1349 515 1425 opportunitatem
537 1348 625 1419 volui,
647 1357 679 1404 ut
700 1349 856 1423 postmodo
877 1347 1035 1424 preparati
1057 1346 1205 1416 incautos,
1231 1343 1327 1427 arntip

268 1457 391 1512 inermes
417 1463 505 1528 atque
527 1454 615 1511 etiam
635 1455 823 1529 sopitospsr
845 1453 1027 1511 occasionem
1056 1451 1182 1526 aggredi
1205 1451 1305 1527 possetis
1326 1497 1327 1530 ,

269 1562 332 1618 Nec
355 1560 441 1616 huius
464 1559 624 1616 occasionis
647 1577 743 1634 spem,
773 1559 895 1627 milites,
926 1557 1003 1614 forte
1024 1565 1147 1628 temere,
1172 1558 1222 1614 sed
1241 1577 1270 1612 ex
1285 1573 1327 1637 ni

216 1664 255 1718 13
268 1667 333 1740 ipsa
366 1673 534 1739 conceptam
567 1667 672 1725 habeo.
733 1667 763 1722 A
795 1665 880 1722 vobis
913 1681 1030 1738 quoque
1057 1663 1194 1738 profecto
1219 1661 1307 1736 siquis

270 1780 394 1846 quaeret,
427 1789 554 1844 quonam
588 1772 675 1828 modo
708 1770 795 1845 pauci
827 1789 845 1827 a
878 1769 992 1840 multis,
1024 1768 1096 1826 victi
1130 1789 1150 1826 e
1181 1768 1327 1851 victoribut3

269 1887 366 1934 castra
396 1877 480 1933 tutati
502 1875 579 1945 sitis,
613 1877 683 1933 nihil
712 1876 791 1932 eliud
817 1849 1033 1950 respondeatis,
1064 1893 1156 1950 quam
1186 1875 1215 1931 id
1237 1874 1306 1948 ipsun

269 1983 401 2039 timentes
424 2000 477 2039 vos
499 1981 597 2040 omnia
618 1993 647 2040 ct
674 1981 809 2057 operibus
831 1981 948 2037 firmata
968 1981 1108 2037 habuisse
1139 1990 1165 2038 ct
1185 1981 1255 2056 ipsos
1271 1995 1305 2051 ps·

221 2089 255 2140 14
270 2082 349 2144 ratos
371 2088 585 2161 instructosque
606 2086 705 2144 fuisse.
747 2087 787 2144 Et
805 2088 846 2143 ita
868 2104 900 2142 se
916 2103 967 2142 res
988 2087 1097 2142 habet:
1126 2086 1228 2154 adid,
1251 2079 1327 2166 quol,

268 2211 305 2249 ne
329 2193 474 2262 timeatur,
501 2192 621 2250 fortuna
647 2191 734 2262 facit,
766 2191 961 2249 minimo-tuti
982 2199 1050 2246 sunt
1080 2191 1226 2260 homines,
1252 2189 1305 2262 qula

219 2298 255 2352 15
270 2299 348 2372 quod
380 2297 557 2372 neglexeris,
595 2299 743 2355 incautum
779 2307 868 2372 atque
914 2304 1047 2370 apertum
1081 2297 1203 2354 habeas.
1249 2289 1306 2352 n'itt

269 2403 396 2480 omnium
419 2421 495 2458 nuno
521 2403 614 2459 minus
638 2411 768 2459 metuunt
788 2403 887 2458 hostes
909 2419 996 2474 quam
1029 2420 1085 2470 ne,
1116 2403 1226 2459 obsessi
1244 2398 1304 2456 molo

268 2508 324 2582 ipsi
345 2517 434 2581 etque
458 2507 628 2582 oppugnati,
657 2518 756 2564 castra
784 2525 838 2564 sua
860 2506 935 2564 ultro
958 2524 1175 2580 oppugnemus.
1216 2504 1304 2563 Audes·

239 2677 240 2682 η
270 2631 342 2683 mus,
364 2613 443 2686 quod
464 2613 541 2669 credi
562 2631 619 2669 non
642 2622 739 2688 potest
761 2631 883 2670 ausuros
905 2629 973 2682 nos;
1005 2631 1041 2668 eo
1062 2613 1149 2687 ipso,
1175 2613 1247 2687 quod
1270 2607 1305 2663 dil·

220 2717 424 2780 lbficillimum
455 2717 582 2788 videtur,
611 2717 725 2775 facilius
754 2719 817 2774 erit.
865 2718 968 2776 Tertia
995 2717 1099 2792 vigilia
1130 2717 1221 2776 noctis
1240 2709 1304 2770 silsut'

270 2825 385 2898 agmins
407 2823 510 2879 ducam
533 2841 595 2880 vos.
638 2823 832 2897 Exploratum
855 2823 960 2891 habeo,
987 2841 1047 2880 non
1070 2822 1234 2896 vigiliarum
1253 2815 1303 2874 ordi·

220 2935 255 2988 ¹7
269 2947 344 2997 nem,
366 2947 425 2984 non
446 2927 585 2984 stationes
608 2927 700 2984 iustas
723 2945 795 2986 essa.
840 2926 960 2986 Clamor
987 2928 1017 2984 in
1045 2928 1142 3002 portis
1173 2927 1274 2984 auditus
1287 2933 1304 2974 u

268 3034 378 3108 primus
406 3032 533 3106 impetus
559 3041 656 3088 castra
685 3035 802 3108 ceperit.
854 3035 931 3090 Tum
963 3033 1038 3090 inter
1068 3034 1201 3108 torpidos
1231 3045 1303 3087 soum

269 3130 466 3214 pasentesque
488 3136 525 3194 ad
547 3120 750 3212 necopinatum
773 3130 925 3196 tumultum
946 3147 975 3196 ct
994 3139 1123 3196 inermes
1144 3133 1303 3196 ineuntibus

268 3245 328 3302 suis
361 3261 517 3318 oppressos
548 3243 600 3298 illa
630 3244 723 3300 cedes
750 3244 868 3313 edatur,
902 3263 921 3300 a
946 3264 1006 3320 qua
1037 3264 1092 3302 vos
1126 3247 1253 3302 hesterno
1274 3237 1302 3290 dit

221 3353 422 3409 lssrevocatos
452 3367 528 3423 segre
554 3347 700 3406 ferebatis.
745 3347 812 3407 Scio
840 3328 939 3406 audax
968 3349 1062 3406 videri
1089 3351 1246 3414 consilinm
1269 3339 1301 3398 sal

268 3457 298 3512 in'
321 3457 416 3516 rebus,
431 3454 542 3530 asperis
558 3463 588 3510 et
608 3455 687 3510 tenui
708 3472 760 3528 spe
781 3453 942 3532 fortissima
964 3473 1088 3530 quaeque
1110 3455 1226 3512 consilia
1244 3447 1301 3506 tuu-

269 3560 343 3616 sima
364 3570 440 3628 sunt,
469 3559 546 3633 quia,
572 3559 647 3615 siin
669 3559 830 3616 occasionis
852 3569 1016 3628 momento,
1045 3561 1129 3618 cuius
1149 3551 1301 3636 proetcrvoltt

269 3665 480 3740 opportunitas,
502 3672 653 3720 cunctatus
675 3663 794 3738 paulum
808 3664 915 3735 ¹fueris,
938 3665 1133 3740 nequicquam
1154 3681 1220 3722 mox
1238 3654 1300 3714 oub-

219 3769 255 3823 19
269 3789 330 3827 sam
355 3789 474 3844 queres.
529 3770 614 3828 Unus
642 3770 786 3827 exercitus
818 3771 848 3826 in
875 3769 1041 3846 propinquo
1075 3779 1132 3839 ost;
1163 3769 1217 3824 duo
1243 3755 1299 3818 lsud

269 3876 370 3950 procul
391 3876 506 3934 absunt.
554 3875 642 3932 Nunc
662 3875 897 3952 aggredientibus
920 3893 987 3951 spes
1013 3876 1114 3950 aliqua
1135 3881 1187 3941 ost;
1210 3879 1235 3926 et
1256 3865 1296 3919 itm

218 3977 257 4030 2⁰
269 3981 402 4036 tentastis
434 3988 547 4036 vestras
579 3989 668 4054 atque
695 3981 810 4038 illorum
840 3981 932 4050 vires3
963 3975 1086 4038 sidiam
1106 3975 1260 4056 proferimus
1277 3977 1295 4020 ²¹
