2700 4426
391 136 469 184 Liber
486 133 601 184 XXVII.
638 135 685 198 (A.
700 134 747 187 Ch.
760 136 833 199 208.)
1038 143 1092 197 tot

63 317 214 387 Ceterum,
247 336 334 393 quum
357 319 415 375 duo
445 318 612 376 consulares
639 320 873 380 exercitantum
904 339 996 396 prope
1023 323 1169 382 hostem9

64 422 130 479 aine
152 423 272 480 ducibus
298 434 408 495 essent,
437 425 570 482 omnibus
594 425 658 481 aliis
681 426 796 483 omissis
817 446 876 484 una
897 427 1045 502 praecipua
1067 447 1137 486 cura

65 535 166 600 patres
196 527 394 603 populumque
423 530 540 587 incessit
575 532 708 588 consules
742 531 836 606 primo
864 550 981 606 quoque
1008 542 1139 609 tempore

64 632 199 700 creandi,
233 642 259 688 et
288 642 320 689 ut
342 653 391 690 eos
421 645 552 692 crearent
579 637 771 711 potissimum,
802 655 924 711 quorum
952 638 1044 695 virtus
1066 640 1137 697 satia

64 745 131 793 tuta
163 757 182 793 a
220 737 323 795 fraude
352 740 466 796 Punica
496 749 588 798 esset:
627 761 715 816 quum
745 751 808 798 toto
838 761 872 798 eo
895 741 971 800 bello
994 744 1137 801 damnosa
1155 743 1191 795 ¹0
1237 788 1246 794 .

66 862 255 918 praepropera
284 863 318 900 ac
340 844 454 902 fervida
475 845 591 920 ingenia
612 848 822 922 imperatorum
844 846 983 916 fuissent,
1018 858 1078 905 tum
1102 869 1137 907 eo

64 948 132 1023 ipso
167 968 238 1004 anno
272 950 404 1007 consules
441 951 531 1007 nimia
563 952 721 1026 cupiditate
755 953 923 1029 censerandi
959 972 1023 1011 cum
1054 955 1138 1010 hoste

65 1073 186 1110 manum
215 1054 244 1110 in
274 1055 476 1129 necopinatam
514 1055 646 1113 fraudem
680 1036 783 1132 lapsos
807 1076 882 1127 esse3
919 1066 1044 1114 ceterum
1068 1057 1138 1112 deos
1154 1057 1186 1110 tt

64 1159 262 1230 immortales,
302 1160 447 1216 miseritos
479 1161 604 1217 nominis
638 1161 781 1231 Romani,
817 1162 981 1236 pepercisse
1012 1161 1138 1218 innoxiis

65 1265 251 1336 exercitibus,
276 1266 466 1336 temeritatem
489 1265 639 1323 consulum
662 1266 793 1341 ipsorum
817 1267 959 1342 capitibus
971 1267 1135 1323 damnasse.

65 1369 164 1442 Quum
199 1370 451 1447 circumspicerent
493 1380 608 1446 patres,
646 1389 787 1445 quosnam
826 1372 958 1429 consules
996 1371 1135 1442 facerent,
1191 1361 1235 1430 34

65 1475 154 1550 longe
186 1487 253 1533 ante
286 1459 359 1533 alios
393 1477 538 1533 eminebat
571 1473 604 1535 O.
638 1473 779 1534 Claudius
814 1477 907 1534 Nero.
955 1476 992 1533 Ei
1024 1475 1169 1550 collega2

64 1582 268 1653 quaerebatur;
302 1591 331 1638 et
361 1583 454 1638 virum
480 1582 596 1656 quidem
625 1600 689 1638 eum
717 1582 864 1656 egregium
888 1582 1048 1650 ducebant,
1085 1581 1135 1638 sed

67 1688 276 1762 promptiorem
299 1689 508 1761 acrioremque,
528 1707 615 1762 quam
638 1697 772 1763 tempora
793 1687 861 1744 belli
881 1687 1060 1761 postularent
1087 1694 1137 1743 aut

65 1792 160 1848 bostis
197 1793 360 1863 Hanniba13
402 1790 620 1866 temperandum
660 1809 726 1846 acre
764 1791 909 1865 ingenium
949 1793 1009 1848 eius
1040 1791 1171 1850 mode-3
1269 1856 1278 1864 p

68 1908 133 1954 rato
164 1907 192 1954 et
220 1898 354 1973 prudenti
376 1898 439 1953 viro
470 1895 605 1951 adiuncto
627 1895 739 1969 collega
761 1898 926 1952 censebant.
974 1897 1016 1956 M.
1037 1895 1139 1952 Livius
1216 1874 1219 1879 r

66 2013 141 2074 erat,
163 2004 261 2059 multis
285 2002 367 2058 annis
390 2011 457 2058 ante
478 2020 515 2056 ex
545 2000 696 2056 consulatu
718 2000 820 2075 populi
848 2000 955 2058 iudicio
977 2001 1141 2070 damnatus,

68 2127 160 2191 quam
183 2107 371 2182 ignominiam
395 2107 469 2163 adeo
491 2124 567 2179 aegre
599 2105 721 2174 tulerat,
755 2114 786 2161 ut
807 2123 857 2161 rus
880 2106 1018 2180 migraret
1040 2115 1069 2162 et
1089 2109 1172 2181 peri

68 2213 178 2268 multos
191 2221 286 2268 'annos
309 2221 338 2268 et
360 2212 430 2267 urbe
454 2220 481 2268 et
504 2210 581 2266 omni
605 2218 680 2266 coetu
699 2219 812 2267 careret
831 2210 990 2266 hominum.
1027 2209 1173 2268 Octavob

67 2317 163 2374 ierme
190 2328 257 2391 post
288 2317 504 2373 damnationem
534 2333 610 2371 anno
640 2316 682 2373 M.
706 2313 844 2372 Claudius
867 2315 1025 2371 Marcellus
1046 2325 1075 2372 et
1097 2317 1140 2375 M.

73 2423 209 2478 Valerius
242 2423 377 2479 Laevinus
412 2421 544 2478 consules
575 2421 753 2478 reduxerant
785 2439 849 2476 eum
882 2420 912 2475 in
939 2422 1056 2490 urbem;
1090 2421 1141 2478 sed

68 2537 136 2583 erat
158 2536 237 2582 veste
257 2526 388 2583 obsoleta
410 2527 574 2600 capilloque
595 2535 624 2582 et
645 2526 739 2582 barba
753 2525 907 2599 promissa,
931 2525 1142 2598 praeseferens
1205 2577 1207 2582 .

71 2632 101 2686 in
130 2631 211 2686 vultu
248 2630 408 2703 habituque
440 2630 582 2703 insignem
611 2630 780 2686 memoriam
811 2629 977 2703 ignominiae
1005 2640 1141 2704 acceptae·

73 2737 106 2795 L.
129 2734 267 2792 Veturius
291 2743 319 2790 et
342 2736 378 2794 P.
395 2734 522 2791 Licinius
546 2751 680 2791 censores
703 2751 767 2788 eum
791 2732 905 2788 tonderi
926 2742 955 2789 et
975 2735 1173 2807 squaloremss

68 2841 219 2913 deponere
248 2848 276 2894 et
304 2839 333 2894 in
367 2848 497 2896 senatum
522 2839 621 2896 venire
647 2838 788 2912 iungique
810 2836 875 2893 aliis
893 2838 1019 2915 publicis
1042 2858 1141 2896 mune·
1175 2899 1178 2904 ,

72 2947 152 3002 ribus
178 2952 351 3018 coegerunt,
373 2945 423 3000 sed
446 2952 505 2999 tum
532 2961 648 3017 quoque
671 2951 722 2999 aut
743 2944 833 2998 verbo
857 2943 1069 3001 assentiebatur
1091 2949 1171 3000 out7

72 3050 193 3123 pedibus
215 3051 244 3105 in
267 3049 436 3105 sententiam
458 3049 537 3117 ibat,
560 3048 652 3103 donec
674 3048 792 3121 cognati
813 3047 938 3104 hominis
960 3068 1025 3106 eum
1051 3068 1142 3107 causa

72 3155 113 3216 Μ,
140 3155 216 3211 Livii
238 3154 357 3223 Macati,
381 3172 468 3227 quum
492 3152 573 3209 fama
595 3153 656 3209 eius
679 3160 824 3227 ageretur,
846 3161 969 3209 stantem
993 3155 1089 3229 coegit
1110 3156 1140 3211 in

67 3268 173 3316 senatu
205 3259 376 3314 sententiam
408 3259 513 3315 dicere.
562 3259 646 3316 Tunc
675 3277 713 3315 ex
740 3267 822 3314 tanto
849 3257 1002 3315 intervallo
1025 3260 1172 3322 anditusss

67 3365 216 3421 convertit
236 3383 289 3419 ora
310 3363 460 3419 hominum
482 3364 512 3419 in
534 3382 565 3420 sa
593 3381 770 3438 causamque
802 3363 983 3419 sermonibus
1008 3365 1139 3443 praebuit,

71 3469 190 3542 indigno
212 3469 345 3525 iniuriam
372 3487 390 3523 a
411 3468 520 3543 populo
542 3451 661 3539 factam,
684 3486 850 3542 magnoque
864 3467 893 3523 id
912 3468 1019 3522 damno
1040 3466 1139 3535 fuisse,

68 3574 151 3646 -quod
182 3583 240 3630 tam
268 3571 352 3648 gravi
379 3572 457 3629 bello
485 3593 538 3630 nec
568 3593 658 3648 opera
685 3592 738 3630 nec
765 3572 886 3630 consilio
914 3571 980 3628 talis
1009 3572 1064 3628 viri
1086 3592 1140 3631 usa

69 3697 118 3735 res
149 3678 266 3753 publica
302 3686 391 3748 esset;
428 3677 461 3736 Ο.
485 3679 597 3736 Neroni
629 3696 723 3752 neque
756 3677 792 3749 Q.
815 3676 940 3733 Fabium
973 3696 1067 3751 neque
1096 3679 1169 3741 Ma

72 3783 223 3840 Valerium
247 3783 397 3840 Laevinum
425 3782 490 3840 dari
519 3783 648 3858 collegas
677 3799 778 3856 posse,
811 3781 881 3854 quia
903 3782 976 3839 duos
998 3782 1137 3856 patricios

66 3888 164 3944 creari
186 3906 243 3943 non
264 3887 381 3957 licaret3
415 3889 536 3945 eandem
567 3907 685 3945 causam
714 3887 744 3943 in
766 3888 803 3946 T.
825 3886 937 3942 Manlio
960 3905 1041 3955 esse,
1064 3898 1190 3961 prae-10
