2748 4556
366 259 443 310 Liber
460 261 545 311 XXX.
587 263 635 326 (Δ.
650 262 697 313 Ch.
711 263 786 326 tot.)
1007 270 1067 326 245

5 442 141 498 licitur
175 442 339 517 legatorum
362 446 452 502 verba
474 445 599 506 audisse.
654 447 815 522 Postquam
839 449 916 505 edita
938 461 1004 506 sunt
1026 453 1141 508 man·2

5 549 115 617 data,
155 548 244 616 „Iam
269 566 327 606 non
349 549 506 624 perplexe“
527 551 635 626 inquit,
667 552 736 621 „sed
757 552 855 627 palam
877 569 1033 626 revocant,
1060 556 1110 629 qui

5 654 168 710 vetando
199 653 428 728 supplementum
464 664 492 712 ct
522 659 674 731 pecuniam
704 657 777 714 mitti
796 657 855 715 iam
878 655 989 731 pridem
1011 657 1108 714 trahe·

5 763 109 820 bant.
170 759 253 815 Vicit
281 777 350 834 ergo
376 760 572 818 Hannibalem
604 781 663 820 non
683 763 807 839 populus
834 765 995 832 Romanus,
1023 761 1139 822 toties3

5 882 125 921 cassus
161 863 360 939 fugatusque,
392 864 443 921 sed
471 876 589 924 senatus
615 866 863 943 Carthaginiensis
896 867 1107 924 obtrectatione

12 981 123 1044 atque
164 969 291 1036 invidia3
326 987 420 1043 neque
452 971 508 1026 hac
540 971 723 1030 deformitate
759 973 867 1030 reditas
898 972 955 1029 mei
983 984 1042 1030 tam
1071 973 1138 1033 Ρ.4

18 1075 141 1150 Scipio
167 1074 327 1131 exsultabit
348 1084 435 1148 atque
457 1074 557 1133 efferet
580 1095 643 1134 sese
665 1098 753 1153 quam
775 1079 893 1147 Hanno,
916 1077 966 1150 qui
985 1078 1103 1134 domum

15 1191 183 1250 nostram,
209 1179 326 1253 quando
349 1181 407 1237 alia
427 1201 459 1238 re
480 1200 538 1238 non
560 1182 662 1256 potuit,
685 1183 769 1240 ruina
781 1181 966 1256 Carthaginis
985 1201 1108 1257 oppres-

17 1288 99 1342 sit.“
156 1286 223 1343 Iam
252 1285 308 1341 hoc
334 1285 428 1359 ipsum
456 1287 631 1362 presagiens
664 1289 761 1344 animo
794 1298 1011 1361 praeparaverat
1041 1297 1140 1346 anteo

22 1409 141 1447 naves.
192 1391 298 1463 Itaque
319 1390 412 1447 inutili
437 1391 557 1449 militum
581 1394 668 1450 turba
688 1391 813 1467 preasidii
837 1392 976 1466 speciein
999 1393 1108 1468 oppida

23 1496 149 1552 Bruttii
177 1496 250 1569 agri,
274 1514 337 1570 quoe
361 1514 456 1570 pauca
477 1498 571 1573 inagis
593 1507 670 1554 metu
695 1515 782 1570 quam
805 1497 860 1553 fide
875 1499 1107 1568 continebantur,

24 1601 172 1671 dimissa,
196 1602 274 1674 quod
296 1602 410 1658 roboris
432 1602 461 1658 in
481 1605 607 1662 exercitu
631 1612 707 1672 erat,
726 1602 756 1659 in
780 1601 913 1660 Africam
936 1604 1107 1673 transvexit,

29 1706 139 1763 multis
164 1706 260 1763 Italici
282 1707 410 1781 generis,
443 1709 512 1782 quia
538 1708 567 1764 in
596 1709 729 1766 Africam
766 1720 916 1765 secuturos
948 1711 1139 1766 abnuentesh

29 1822 248 1868 concesserant
268 1813 298 1868 in
319 1811 439 1868 lunonis
455 1813 582 1869 Laciniae
603 1812 765 1883 delubrum,
787 1813 957 1870 inviolatum
980 1815 1018 1870 ad
1041 1833 1106 1872 eam

33 1918 136 1985 diem,
172 1917 201 1972 in
234 1918 342 1992 templo
378 1918 442 1992 ipso
475 1915 551 1974 foede
585 1917 752 1975 interfectis.
812 1920 892 1975 Raro
931 1922 1137 1991 quemquami

34 2023 141 2091 alium,
163 2023 288 2096 patriam
310 2022 403 2079 exsilii
422 2039 511 2078 causa
531 2022 756 2097 delinquentem,
779 2033 835 2079 tam
858 2033 988 2079 maestum
1012 2023 1108 2080 abisse

37 2128 141 2183 ferunt
173 2146 260 2200 quam
284 2126 494 2198 Hannibalem,
529 2128 654 2185 hostium
692 2137 770 2183 terra
809 2126 1013 2195 excedentem3
1063 2147 1108 2183 re·

39 2232 175 2308 spexisse
196 2250 273 2308 saepe
294 2233 386 2290 Italiae
415 2232 514 2302 litora,
554 2241 583 2288 et
611 2232 681 2288 deos
708 2230 898 2305 hominesque
924 2241 1108 2289 accusantem

39 2343 73 2397 in
106 2357 137 2394 se
163 2316 283 2412 ⁸quoque
316 2356 350 2395 ac
382 2357 466 2394 suum
493 2336 583 2411 ipsius
605 2348 692 2411 caput
713 2346 911 2406 exsecratum,
948 2337 1026 2410 quod
1049 2339 1139 2397 non8

41 2453 194 2501 cruentum
239 2444 276 2499 ab
311 2442 456 2499 Cannensi
492 2441 616 2498 victoria
651 2441 768 2498 militem
803 2443 928 2500 Romam
967 2443 1106 2500 duxisset
1149 2497 1152 2502 ,

44 2550 209 2624 Scipionem
231 2549 272 2604 ire
302 2548 339 2604 ad
361 2545 567 2621 Carthaginem
597 2566 715 2616 ausum,
748 2547 798 2620 qui
818 2549 919 2605 consul
940 2550 1052 2604 hostem
1076 2547 1105 2604 iu

46 2655 137 2712 ltalia
157 2655 277 2710 Poenum
303 2672 359 2708 non
385 2652 517 2720 vidissem
549 2669 589 2722 se,
625 2661 738 2708 centum
777 2651 901 2710 millibus
928 2656 1138 2710 armatorumit

48 2762 89 2817 ad
103 2762 329 2816 Trasumennum
352 2771 402 2812 aut
417 2755 535 2812 Cannas
557 2757 647 2826 cassis,
669 2757 747 2813 eirca
762 2755 920 2814 Casilinum
939 2756 1106 2831 Cumasque

48 2878 81 2923 ct
102 2865 203 2922 Nolam
225 2862 418 2920 consenuisse.
465 2862 537 2918 Haec
568 2878 708 2918 accusans
731 2880 911 2937 querensque
932 2879 969 2918 ax
991 2863 1103 2919 diutina

52 2970 227 3046 possessione
249 2967 343 3024 ltaliae
364 2977 407 3022 est
428 2967 584 3022 detractus.

134 3075 251 3130 Romam
285 3091 337 3147 per
370 3071 486 3132 eosdem
520 3071 580 3127 dies
614 3082 643 3127 et
669 3071 826 3146 Magonem
857 3082 885 3128 et
907 3071 1103 3128 Hannibalem
1161 3071 1201 3138 21

55 3178 191 3255 profectos
227 3178 346 3233 allatum
382 3153 433 3232 est.
492 3175 581 3232 Cuius
614 3176 736 3251 duplicis
768 3175 971 3250 gratulationis
1006 3177 1107 3232 minuit

57 3284 184 3352 laetitiam,
205 3295 234 3340 et
255 3283 333 3356 quod
354 3300 457 3357 parum
481 3282 568 3338 duces
588 3282 618 3337 in
637 3281 792 3340 retinendis
811 3282 856 3350 iis,
880 3301 966 3357 quum
979 3282 1009 3338 id
1025 3301 1107 3338 man·

57 3391 150 3446 datum
177 3389 212 3443 ab
241 3396 342 3444 senatu
366 3395 454 3456 esset,
488 3397 539 3442 aut
559 3385 648 3442 animi
670 3397 720 3442 aut
742 3387 845 3444 virium
869 3387 1005 3443 habuisse
1026 3388 1107 3444 vide·

60 3496 164 3560 bantur,
184 3503 210 3548 et
232 3491 309 3564 quod
330 3489 445 3546 solliciti
460 3502 552 3562 erant,
574 3492 652 3548 omni
671 3489 739 3548 belli
751 3492 827 3548 mole
845 3493 874 3548 in
892 3511 978 3548 unum
995 3493 1137 3552 exorsi-2

62 3611 117 3654 tum
135 3597 284 3670 ducemque
305 3595 459 3664 inclinata,
482 3613 540 3668 quo
559 3613 681 3652 eumuna
704 3597 779 3653 esset
800 3615 857 3654 res.
907 3599 966 3654 Per
988 3593 1137 3660 eosdem3

63 3703 119 3760 dies
155 3701 237 3776 legati
279 3701 431 3775 Saguntini
468 3709 622 3771 venerunt,
658 3718 844 3776 comprensos
883 3721 947 3758 cum
982 3703 1106 3776 pecunia

65 3807 219 3864 adducentes
250 3805 519 3881 Carthaginienses,
555 3807 605 3880 qui
640 3807 677 3862 ad
710 3807 898 3863 conducenda
930 3807 1040 3864 auxilia
1076 3809 1105 3864 in
1134 3823 1138 3832 ’
1164 3827 1167 3832 ·

66 3912 217 3987 Hispaniam
263 3910 451 3969 traiecissent.
526 3913 661 3968 Ducenta
705 3921 734 3968 et
780 3911 990 3989 quinquaginta
1033 3910 1138 3982 aurat

63 4017 209 4091 octingenta
252 4017 350 4091 pondo
397 4016 510 4090 argenti
533 4017 536 4024 ’
560 4014 590 4071 in
625 4016 768 4096 vestibulo
811 4017 897 4075 curiae
932 4032 1102 4094 posuerunt.
