2812 4556
407 284 484 332 Liber
501 283 576 332 xxl.
613 284 659 346 (a.
675 282 721 334 ch.
735 283 806 344 ara.)
1056 287 1093 342 27

52 449 258 541 ingredienti·
275 466 400 542 praebet;
431 473 461 522 et
492 473 553 522 tum
581 463 658 522 forte
685 465 827 524 imbribus
858 474 959 523 auctus
990 466 1135 541 ingentem
1155 470 1188 525 12

50 571 351 644 transgredientibus
373 571 527 626 tumultum
549 569 631 639 fecit,
661 588 750 643 quum
780 589 868 645 super
889 579 985 626 cetera
1007 569 1136 644 trepida·

51 675 130 730 tione
153 675 222 750 ipsi
248 695 304 732 sua
325 684 413 749 atque
433 675 550 732 incertis
571 675 746 732 clamoribus
770 677 964 732 turbarentur.
988 685 992 694 ’

136 781 180 836 Ρ.
207 777 369 836 Cornelius
391 777 492 834 consul
513 779 609 836 triduo
637 779 698 836 fere
724 791 804 854 post,
832 797 920 854 qoam
942 776 1092 834 Hannibal
1120 796 1138 833 a
1188 776 1232 844 32

51 883 117 958 ripa
150 883 304 942 Rhodani
341 881 448 952 movit,
485 883 628 956 quadrato
662 884 777 958 agmine
810 885 848 942 ad
880 892 978 941 castra
1010 881 1137 938 hostium

51 996 200 1056 venerat,
237 987 348 1044 nullam
375 985 532 1043 dimicandi
558 1005 669 1044 moram
692 986 834 1058 facturum
860 997 986 1046 ceterum
1014 986 1064 1042 nbi
1086 985 1168 1046 de·2

53 1101 135 1147 serta
158 1093 353 1148 munimenta
374 1108 427 1148 nec
447 1090 533 1148 facile
554 1109 585 1148 se
607 1099 719 1148 tautum
741 1108 917 1166 praegressos
939 1100 1136 1147 assecmuram

54 1194 146 1264 videt,
172 1197 220 1252 ad
245 1215 326 1254 mare
349 1214 385 1254 ac
406 1214 496 1252 naves
518 1195 612 1264 rediit,
641 1197 731 1252 tutius
752 1196 924 1272 faciliusque
952 1195 994 1252 ita
1016 1195 1137 1252 deseen-

55 1300 138 1356 denti
180 1303 226 1358 ab
259 1301 388 1375 Alpibus
424 1299 584 1358 Hannibali
616 1319 796 1360 occursurus.
854 1303 902 1359 Ne
931 1309 1027 1356 tamen
1059 1299 1169 1360 nuda3

57 1405 182 1462 auxiliis
216 1405 361 1462 Romanis
390 1405 535 1479 Hispania
571 1415 662 1477 esset,
696 1425 783 1480 quam
811 1405 990 1480 provinciam
1005 1403 1138 1460 sortitus

60 1518 133 1577 erat,
158 1509 220 1566 Cn.
245 1509 412 1583 Scipionem
433 1508 553 1566 fratrem
575 1528 640 1566 cum
662 1512 792 1568 maxima
806 1520 889 1586 parte
911 1509 1060 1583 copiarum
1085 1507 1156 1564 ad-‘

59 1630 166 1670 versus
192 1614 416 1670 Hasdrubalem
441 1613 528 1685 misit7
551 1635 609 1672 non
632 1617 670 1674 ad
693 1615 816 1672 tuendos
837 1615 1038 1670 tantummodo
1059 1621 1170 1673 vete-4

61 1735 107 1773 res
142 1719 249 1776 socios
282 1719 536 1794 conciliandosque
565 1740 673 1792 noros,
706 1721 758 1778 sed
787 1720 873 1776 etiam
907 1719 944 1776 ad
976 1718 1138 1793 pellendum

62 1823 219 1897 Hispania
247 1823 473 1883 Hasdrubalem.
524 1825 592 1900 Ipse
621 1843 686 1882 cum
719 1825 874 1882 admodum
906 1823 1018 1896 exiguis
1049 1821 1169 1895 copiis5

65 1926 210 1984 Genuam
232 1929 338 2003 repetit
359 1925 409 1998 ed,
438 1927 488 2002 qui
517 1929 595 1986 circa
616 1929 732 1986 Padum
755 1939 818 1986 erat
848 1928 1001 1995 exercitus,
1023 1925 1138 1982 Italiam

68 2029 256 2093 deiensums

152 2136 310 2194 Hannibal
338 2138 376 2194 ab
397 2138 542 2196 Druentia
570 2139 725 2214 campestri
746 2138 872 2194 maxime
900 2136 1001 2192 itinere
1024 2134 1062 2190 ad
1088 2133 1172 2194 Α1-6

71 2257 121 2312 pes
149 2259 218 2298 cum
249 2242 327 2298 bona
354 2260 427 2316 pace
457 2244 641 2300 incolentium
664 2262 700 2299 ea
727 2243 794 2299 loca
815 2242 968 2301 Gallorum
999 2239 1138 2316 pervenit.

72 2346 160 2416 Tum,
185 2365 354 2421 quanquam
377 2347 457 2404 fama
478 2349 569 2422 prius,
591 2367 650 2422 qua
671 2349 782 2404 incerta
802 2348 831 2403 in
850 2347 942 2403 maius
960 2345 1020 2402 fere
1044 2343 1170 2404 efferri7

74 2446 176 2518 solent,
204 2462 351 2526 praccepta
379 2471 425 2508 res
447 2467 519 2523 erat,
541 2463 638 2510 tamen
667 2470 704 2509 ex
730 2453 894 2527 propinquo
918 2451 982 2506 visa
1001 2449 1140 2508 montium

76 2549 198 2610 altitudo
220 2555 360 2630 nivesque
387 2558 456 2613 caelo
479 2577 570 2632 prope
594 2557 746 2626 immixtas,
778 2565 854 2613 tecta
882 2554 1018 2612 informia
1046 2552 1140 2625 impo-

78 2654 132 2710 sita
155 2659 287 2732 rupibus,
309 2679 417 2738 pecora
438 2662 625 2734 iumentaque
656 2661 768 2717 torrida
788 2661 913 2736 frigore,
943 2657 1074 2715 homines
1098 2657 1140 2712 in·

78 2761 152 2818 tonsi
185 2773 214 2820 et
248 2763 362 2837 inculti,
397 2767 535 2824 animalia
567 2765 752 2839 inanimaque
787 2765 885 2822 omnia
910 2762 1033 2838 rigentia
1066 2762 1142 2834 gelu,

81 2876 173 2924 uetera
195 2869 260 2926 visu
290 2889 379 2944 quam
405 2871 482 2928 dictu
509 2871 648 2939 sodor-a,
676 2879 815 2927 terrorem
845 2875 1032 2925 renovarunt.
1076 2865 1174 2925 Eri-8

82 2972 210 3042 gentibus
231 2973 261 3030 in
283 2975 393 3048 primos
422 2995 527 3050 agmen
549 2976 639 3033 clivos
667 2982 865 3049 apparuerunt
893 2969 1075 3028 imminentes
1097 2979 1142 3025 tu-

84 3076 171 3133 mulos
192 3078 350 3136 insidentes
364 3081 504 3151 montani,
527 3063 586 3158 qni
609 3082 633 3138 si
655 3081 747 3137 valles
769 3075 938 3133 occultiores
961 3073 1141 3135 insedissent.

86 3182 170 3238 coorti
193 3183 230 3238 ad
252 3201 381 3257 pugnam
402 3195 519 3259 repente
544 3187 688 3260 ingentem
711 3183 811 3258 fugam
840 3190 1025 3253 stragemque
1046 3177 1141 3234 dedis·

86 3295 151 3348 seut.
192 3288 344 3344 Hannibal
370 3289 528 3345 consistere
548 3289 632 3363 signa
653 3287 752 3354 iussit;
785 3285 938 3358 Gallisque
963 3285 1001 3340 ad
1022 3283 1172 3340 visandei)

86 3387 145 3447 loca
164 3393 336 3467 praemissis,
368 3402 523 3468 postquam
553 3392 708 3467 comperit,
745 3391 896 3448 transitum
928 3407 964 3444 ea
990 3407 1047 3444 non
1070 3404 1141 3456 esse,

88 3507 176 3554 castra
197 3498 272 3553 inter
287 3498 464 3573 confragosa
478 3498 576 3554 omnia
597 3505 812 3572 praeruptaque,
834 3513 922 3568 quam
944 3489 1143 3550 extentissima

89 3611 175 3680 potest
196 3603 282 3674 valle,
304 3601 390 3661 locat
433 3603 509 3658 Tum
531 3621 585 3677 per
604 3603 719 3659 eosdem
740 3599 854 3668 Gallos,
874 3598 954 3654 haud
976 3615 1045 3654 sane
1068 3593 1141 3650 mul·
1157 3599 1194 3654 10

84 3713 140 3764 ¹tum
170 3708 271 3783 lingua
303 3707 489 3780 moribusque
512 3704 715 3775 abhorrentes,
742 3721 830 3778 quum
862 3719 894 3758 se
922 3699 1143 3758 immiscuissent

91 3812 231 3888 colloquiis
252 3822 467 3881 montanorum,
491 3812 620 3878 edoctus,
641 3811 766 3867 interdiu
795 3815 907 3864 tantum
930 3803 1056 3860 obsideri
1084 3803 1142 3858 sal·

92 3925 158 3990 tum,
187 3932 273 3978 nocte
299 3920 330 3976 in
358 3937 412 3975 sua
442 3933 585 3992 quemque
612 3915 703 3971 dilabi
726 3923 817 3982 tecta,
846 3913 910 3968 luce
940 3909 1034 3985 prima
1055 3907 1143 3966 subiit

93 4026 222 4095 tumulos,
252 4035 283 4081 ut
312 4042 349 4081 ex
371 4031 472 4098 aperto
485 4029 588 4094 'atque
610 4019 733 4076 interdiu
755 4019 814 4074 vim
838 4035 890 4092 per
912 4014 1060 4090 augustias
1082 4011 1143 4069 lac·
