<?xml version="1.0" encoding="UTF-8"?>
<!DOCTYPE html PUBLIC "-//W3C//DTD XHTML 1.0 Transitional//EN"
    "http://www.w3.org/TR/xhtml1/DTD/xhtml1-transitional.dtd">
<html xmlns="http://www.w3.org/1999/xhtml" xml:lang="en" lang="en">
 <head>
  <title>
</title>
<meta http-equiv="Content-Type" content="text/html;charset=utf-8" />
  <meta name='ocr-system' content='tesseract 3.04.00' />
  <meta name='ocr-capabilities' content='ocr_page ocr_carea ocr_par ocr_line ocrx_word'/>
</head>
<body>
  <div class='ocr_page' id='page_1' title='image "./titiliviihistor01ussigoog/titiliviihistor01ussigoog_0477.png"; bbox 0 0 2678 4560; ppageno 0'>
   <div class='ocr_carea' id='block_1_1' title="bbox 299 217 1022 282">
    <p class='ocr_par' dir='ltr' id='par_1_1' title="bbox 299 217 1022 282">
     <span class='ocr_line' id='line_1_1' title="bbox 299 217 1022 282; baseline -0.024 0"><span class='ocrx_word' id='word_1_1' title='bbox 299 225 356 282; x_wconf 79' lang='lat'><strong>1³6</strong></span> <span class='ocrx_word' id='word_1_2' title='bbox 547 218 626 270; x_wconf 82' lang='lat' dir='ltr'><strong>Liber</strong></span> <span class='ocrx_word' id='word_1_3' title='bbox 642 217 769 270; x_wconf 81' lang='lat' dir='ltr'><strong>xxvnr.</strong></span> <span class='ocrx_word' id='word_1_4' title='bbox 807 218 854 282; x_wconf 80' lang='grc' dir='ltr'><strong>(Δ.</strong></span> <span class='ocrx_word' id='word_1_5' title='bbox 867 232 895 270; x_wconf 83' lang='grc' dir='ltr'><strong>ιι.</strong></span> <span class='ocrx_word' id='word_1_6' title='bbox 909 232 933 271; x_wconf 89' lang='lat' dir='ltr'><strong>c.</strong></span> <span class='ocrx_word' id='word_1_7' title='bbox 948 217 1022 281; x_wconf 81' lang='grc'>548.)</span> 
     </span>
    </p>
   </div>
   <div class='ocr_carea' id='block_1_2' title="bbox 114 401 1312 2285">
    <p class='ocr_par' dir='ltr' id='par_1_2' title="bbox 114 401 1312 2285">
     <span class='ocr_line' id='line_1_2' title="bbox 206 401 1307 482; baseline -0.004 -13"><span class='ocrx_word' id='word_1_8' title='bbox 206 403 240 458; x_wconf 77' lang='lat'><strong>15</strong></span> <span class='ocrx_word' id='word_1_9' title='bbox 254 409 379 469; x_wconf 86' lang='lat' dir='ltr'><strong>adducta</strong></span> <span class='ocrx_word' id='word_1_10' title='bbox 394 407 431 464; x_wconf 84' lang='lat' dir='ltr'><strong>ud</strong></span> <span class='ocrx_word' id='word_1_11' title='bbox 447 403 568 480; x_wconf 77' lang='lat' dir='ltr'><strong>Silpiam</strong></span> <span class='ocrx_word' id='word_1_12' title='bbox 584 405 684 462; x_wconf 87' lang='lat' dir='ltr'><strong>orbern</strong></span> <span class='ocrx_word' id='word_1_13' title='bbox 699 401 835 461; x_wconf 86' lang='lat' dir='ltr'><strong>scribunt.</strong></span> <span class='ocrx_word' id='word_1_14' title='bbox 877 403 924 459; x_wconf 90' lang='lat' dir='ltr'><strong>lbi</strong></span> <span class='ocrx_word' id='word_1_15' title='bbox 938 420 1029 478; x_wconf 88' lang='lat' dir='ltr'><strong>super</strong></span> <span class='ocrx_word' id='word_1_16' title='bbox 1051 421 1172 479; x_wconf 86' lang='lat' dir='ltr'><strong>campos</strong></span> <span class='ocrx_word' id='word_1_17' title='bbox 1186 417 1307 482; x_wconf 81' lang='lat' dir='ltr'><strong>putentes</strong></span> 
     </span>
     <span class='ocr_line' id='line_1_3' title="bbox 254 509 1309 580; baseline -0.005 -5"><span class='ocrx_word' id='word_1_18' title='bbox 254 518 311 575; x_wconf 92' lang='lat' dir='ltr'><strong>duo</strong></span> <span class='ocrx_word' id='word_1_19' title='bbox 334 515 421 574; x_wconf 87' lang='lat' dir='ltr'><strong>duces</strong></span> <span class='ocrx_word' id='word_1_20' title='bbox 442 510 527 571; x_wconf 84' lang='lat' dir='ltr'><strong>Poeui</strong></span> <span class='ocrx_word' id='word_1_21' title='bbox 549 529 583 568; x_wconf 86' lang='lat' dir='ltr'><strong>ee</strong></span> <span class='ocrx_word' id='word_1_22' title='bbox 604 517 709 580; x_wconf 88' lang='lat' dir='ltr'><strong>mente,</strong></span> <span class='ocrx_word' id='word_1_23' title='bbox 731 527 768 566; x_wconf 92' lang='lat' dir='ltr'><strong>ue</strong></span> <span class='ocrx_word' id='word_1_24' title='bbox 788 509 982 568; x_wconf 72' lang='lat' dir='ltr'><strong>detrectarent</strong></span> <span class='ocrx_word' id='word_1_25' title='bbox 995 516 1161 580; x_wconf 81' lang='lat' dir='ltr'><strong>certamen,</strong></span> <span class='ocrx_word' id='word_1_26' title='bbox 1184 514 1309 570; x_wconf 87' lang='lat' dir='ltr'><strong>conside·</strong></span> 
     </span>
     <span class='ocr_line' id='line_1_4' title="bbox 114 607 1309 695; baseline 0.002 -19"><span class='ocrx_word' id='word_1_27' title='bbox 114 629 117 636; x_wconf 89' lang='grc'><strong><em>’</em></strong></span> <span class='ocrx_word' id='word_1_28' title='bbox 161 607 202 678; x_wconf 76' lang='lat' dir='ltr'><strong>ld</strong></span> <span class='ocrx_word' id='word_1_29' title='bbox 253 631 330 683; x_wconf 87' lang='lat' dir='ltr'><strong>runt.</strong></span> <span class='ocrx_word' id='word_1_30' title='bbox 378 619 495 695; x_wconf 82' lang='lat' dir='ltr'>Scipio,</span> <span class='ocrx_word' id='word_1_31' title='bbox 526 635 614 692; x_wconf 91' lang='lat' dir='ltr'><strong>quum</strong></span> <span class='ocrx_word' id='word_1_32' title='bbox 644 615 768 674; x_wconf 89' lang='lat' dir='ltr'><strong>adeum</strong></span> <span class='ocrx_word' id='word_1_33' title='bbox 791 614 1309 690; x_wconf 82' lang='lat' dir='ltr'><strong>famatanticomparetiexercitus</strong></span> 
     </span>
     <span class='ocr_line' id='line_1_5' title="bbox 253 721 1308 808; baseline -0.004 -20"><span class='ocrx_word' id='word_1_34' title='bbox 253 729 367 808; x_wconf 80' lang='lat' dir='ltr'><strong>perlata</strong></span> <span class='ocrx_word' id='word_1_35' title='bbox 392 735 482 796; x_wconf 83' lang='lat' dir='ltr'><strong>esset,</strong></span> <span class='ocrx_word' id='word_1_36' title='bbox 503 742 597 798; x_wconf 90' lang='lat' dir='ltr'><strong>neque</strong></span> <span class='ocrx_word' id='word_1_37' title='bbox 619 723 761 782; x_wconf 82' lang='lat' dir='ltr'><strong>Romanis</strong></span> <span class='ocrx_word' id='word_1_38' title='bbox 783 721 944 798; x_wconf 81' lang='lat' dir='ltr'>legionibus</span> <span class='ocrx_word' id='word_1_39' title='bbox 965 729 1055 778; x_wconf 75' lang='lat' dir='ltr'><strong>tante</strong></span> <span class='ocrx_word' id='word_1_40' title='bbox 1077 740 1110 778; x_wconf 89' lang='lat' dir='ltr'><strong>sc</strong></span> <span class='ocrx_word' id='word_1_41' title='bbox 1130 721 1198 780; x_wconf 78' lang='lat' dir='ltr'><strong>fore</strong></span> <span class='ocrx_word' id='word_1_42' title='bbox 1218 745 1308 800; x_wconf 84' lang='lat' dir='ltr'><strong>paren</strong></span> 
     </span>
     <span class='ocr_line' id='line_1_6' title="bbox 253 827 1310 905; baseline -0.005 -11"><span class='ocrx_word' id='word_1_43' title='bbox 253 833 428 894; x_wconf 85' lang='lat' dir='ltr'><strong>multitudini</strong></span> <span class='ocrx_word' id='word_1_44' title='bbox 462 839 560 900; x_wconf 76' lang='lat' dir='ltr'><strong>ratus,</strong></span> <span class='ocrx_word' id='word_1_45' title='bbox 596 838 628 886; x_wconf 90' lang='lat' dir='ltr'><strong>ut</strong></span> <span class='ocrx_word' id='word_1_46' title='bbox 661 847 720 885; x_wconf 89' lang='lat' dir='ltr'><strong>non</strong></span> <span class='ocrx_word' id='word_1_47' title='bbox 752 828 782 885; x_wconf 92' lang='lat' dir='ltr'><strong>iu</strong></span> <span class='ocrx_word' id='word_1_48' title='bbox 814 827 939 904; x_wconf 88' lang='lat' dir='ltr'><strong>speciem</strong></span> <span class='ocrx_word' id='word_1_49' title='bbox 968 827 1073 886; x_wconf 82' lang='lat' dir='ltr'><strong>saltem</strong></span> <span class='ocrx_word' id='word_1_50' title='bbox 1103 841 1310 905; x_wconf 85' lang='lat' dir='ltr'><strong>opponerentur</strong></span> 
     </span>
     <span class='ocr_line' id='line_1_7' title="bbox 223 931 1311 1012; baseline -0.006 -12"><span class='ocrx_word' id='word_1_51' title='bbox 223 931 444 1001; x_wconf 80' lang='lat' dir='ltr'><strong>2barber0rum</strong></span> <span class='ocrx_word' id='word_1_52' title='bbox 476 935 603 1005; x_wconf 83' lang='lat' dir='ltr'><strong>auxilia,</strong></span> <span class='ocrx_word' id='word_1_53' title='bbox 638 953 732 1009; x_wconf 89' lang='lat' dir='ltr'><strong>neque</strong></span> <span class='ocrx_word' id='word_1_54' title='bbox 759 934 790 992; x_wconf 91' lang='lat' dir='ltr'><strong>in</strong></span> <span class='ocrx_word' id='word_1_55' title='bbox 818 934 853 990; x_wconf 90' lang='lat' dir='ltr'><strong>iis</strong></span> <span class='ocrx_word' id='word_1_56' title='bbox 883 943 1115 992; x_wconf 73' lang='lat' dir='ltr'><strong>lamentantem</strong></span> <span class='ocrx_word' id='word_1_57' title='bbox 1137 935 1247 994; x_wconf 86' lang='lat' dir='ltr'><strong>virium</strong></span> <span class='ocrx_word' id='word_1_58' title='bbox 1268 958 1311 1012; x_wconf 87' lang='lat' dir='ltr'><strong>pn·</strong></span> 
     </span>
     <span class='ocr_line' id='line_1_8' title="bbox 253 1039 1312 1118; baseline -0.005 -12"><span class='ocrx_word' id='word_1_59' title='bbox 253 1047 395 1116; x_wconf 84' lang='lat' dir='ltr'><strong>neudum,</strong></span> <span class='ocrx_word' id='word_1_60' title='bbox 430 1052 462 1100; x_wconf 92' lang='lat' dir='ltr'><strong>ut</strong></span> <span class='ocrx_word' id='word_1_61' title='bbox 489 1039 627 1098; x_wconf 89' lang='lat' dir='ltr'><strong>mutando</strong></span> <span class='ocrx_word' id='word_1_62' title='bbox 656 1039 757 1111; x_wconf 83' lang='lat' dir='ltr'><strong>fidem,</strong></span> <span class='ocrx_word' id='word_1_63' title='bbox 792 1058 855 1114; x_wconf 81' lang='lat' dir='ltr'><strong>quse</strong></span> <span class='ocrx_word' id='word_1_64' title='bbox 886 1039 976 1096; x_wconf 87' lang='lat' dir='ltr'><strong>cledis</strong></span> <span class='ocrx_word' id='word_1_65' title='bbox 1004 1059 1098 1098; x_wconf 87' lang='lat' dir='ltr'><strong>causa</strong></span> <span class='ocrx_word' id='word_1_66' title='bbox 1117 1039 1224 1099; x_wconf 83' lang='lat' dir='ltr'><strong>fuisset</strong></span> <span class='ocrx_word' id='word_1_67' title='bbox 1246 1047 1312 1118; x_wconf 84' lang='lat' dir='ltr'><strong>putri</strong></span> 
     </span>
     <span class='ocr_line' id='line_1_9' title="bbox 224 1143 1312 1230; baseline 0.007 -30"><span class='ocrx_word' id='word_1_68' title='bbox 224 1143 437 1230; x_wconf 52' lang='lat' dir='ltr'><strong>(immoque,</strong></span> <span class='ocrx_word' id='word_1_69' title='bbox 458 1165 595 1223; x_wconf 80' lang='lat' dir='ltr'><strong>maguum</strong></span> <span class='ocrx_word' id='word_1_70' title='bbox 618 1153 793 1202; x_wconf 87' lang='lat' dir='ltr'><strong>momentum</strong></span> <span class='ocrx_word' id='word_1_71' title='bbox 815 1144 959 1218; x_wconf 82' lang='lat' dir='ltr'><strong>facerent,</strong></span> <span class='ocrx_word' id='word_1_72' title='bbox 980 1147 1133 1222; x_wconf 75' lang='lat' dir='ltr'><strong>praemisso</strong></span> <span class='ocrx_word' id='word_1_73' title='bbox 1157 1147 1262 1206; x_wconf 87' lang='lat' dir='ltr'><strong>Silano</strong></span> <span class='ocrx_word' id='word_1_74' title='bbox 1282 1152 1312 1208; x_wconf 88' lang='lat' dir='ltr'><strong>cd</strong></span> 
     </span>
     <span class='ocr_line' id='line_1_10' title="bbox 254 1250 1311 1330; baseline -0.005 -12"><span class='ocrx_word' id='word_1_75' title='bbox 254 1259 404 1328; x_wconf 74' lang='lat' dir='ltr'><strong>Culcham,</strong></span> <span class='ocrx_word' id='word_1_76' title='bbox 419 1251 632 1328; x_wconf 79' lang='lat' dir='ltr'><strong>duodetriginta</strong></span> <span class='ocrx_word' id='word_1_77' title='bbox 647 1250 762 1326; x_wconf 83' lang='lat' dir='ltr'><strong>oppidis</strong></span> <span class='ocrx_word' id='word_1_78' title='bbox 776 1260 954 1325; x_wconf 67' lang='lat' dir='ltr'><strong>regnantem,</strong></span> <span class='ocrx_word' id='word_1_79' title='bbox 977 1261 1009 1309; x_wconf 91' lang='lat' dir='ltr'><strong>ut</strong></span> <span class='ocrx_word' id='word_1_80' title='bbox 1020 1252 1134 1327; x_wconf 80' lang='lat' dir='ltr'><strong>equites</strong></span> <span class='ocrx_word' id='word_1_81' title='bbox 1148 1256 1311 1330; x_wconf 76' lang='lat' dir='ltr'><strong>peditesque</strong></span> 
     </span>
     <span class='ocr_line' id='line_1_11' title="bbox 254 1356 1310 1436; baseline -0.002 -15"><span class='ocrx_word' id='word_1_82' title='bbox 254 1368 292 1424; x_wconf 89' lang='lat' dir='ltr'><strong>ab</strong></span> <span class='ocrx_word' id='word_1_83' title='bbox 327 1383 380 1431; x_wconf 74' lang='lat' dir='ltr'><strong>eo,</strong></span> <span class='ocrx_word' id='word_1_84' title='bbox 412 1378 486 1436; x_wconf 91' lang='lat' dir='ltr'><strong>quos</strong></span> <span class='ocrx_word' id='word_1_85' title='bbox 516 1376 547 1416; x_wconf 92' lang='lat' dir='ltr'><strong>se</strong></span> <span class='ocrx_word' id='word_1_86' title='bbox 579 1376 631 1432; x_wconf 86' lang='lat' dir='ltr'><strong>per</strong></span> <span class='ocrx_word' id='word_1_87' title='bbox 662 1356 784 1414; x_wconf 85' lang='lat' dir='ltr'><strong>hiemem</strong></span> <span class='ocrx_word' id='word_1_88' title='bbox 815 1358 1044 1434; x_wconf 88' lang='lat' dir='ltr'><strong>conscripturum</strong></span> <span class='ocrx_word' id='word_1_89' title='bbox 1071 1359 1222 1434; x_wconf 87' lang='lat' dir='ltr'><strong>pollicitus</strong></span> <span class='ocrx_word' id='word_1_90' title='bbox 1251 1375 1310 1428; x_wconf 72' lang='lat' dir='ltr'><strong>eret,</strong></span> 
     </span>
     <span class='ocr_line' id='line_1_12' title="bbox 224 1461 1310 1546; baseline -0.002 -17"><span class='ocrx_word' id='word_1_91' title='bbox 224 1463 407 1546; x_wconf 78' lang='lat' dir='ltr'><strong>4acciperet‚</strong></span> <span class='ocrx_word' id='word_1_92' title='bbox 427 1467 491 1542; x_wconf 89' lang='lat' dir='ltr'><strong>ipse</strong></span> <span class='ocrx_word' id='word_1_93' title='bbox 512 1466 550 1524; x_wconf 88' lang='lat' dir='ltr'><strong>ab</strong></span> <span class='ocrx_word' id='word_1_94' title='bbox 572 1464 742 1521; x_wconf 74' lang='lat' dir='ltr'><strong>Tarracone</strong></span> <span class='ocrx_word' id='word_1_95' title='bbox 763 1461 910 1537; x_wconf 89' lang='lat' dir='ltr'><strong>profectus</strong></span> <span class='ocrx_word' id='word_1_96' title='bbox 933 1465 1066 1540; x_wconf 89' lang='lat' dir='ltr'><strong>protinus</strong></span> <span class='ocrx_word' id='word_1_97' title='bbox 1088 1469 1128 1524; x_wconf 89' lang='lat' dir='ltr'><strong>ab</strong></span> <span class='ocrx_word' id='word_1_98' title='bbox 1150 1470 1250 1539; x_wconf 80' lang='lat' dir='ltr'><strong>sociis,</strong></span> <span class='ocrx_word' id='word_1_99' title='bbox 1272 1471 1310 1544; x_wconf 89' lang='lat' dir='ltr'><strong>qui</strong></span> 
     </span>
     <span class='ocr_line' id='line_1_13' title="bbox 254 1568 1310 1651; baseline -0.003 -15"><span class='ocrx_word' id='word_1_100' title='bbox 254 1577 387 1636; x_wconf 78' lang='lat' dir='ltr'><strong>accolunt</strong></span> <span class='ocrx_word' id='word_1_101' title='bbox 411 1573 504 1641; x_wconf 78' lang='lat' dir='ltr'><strong>viam,</strong></span> <span class='ocrx_word' id='word_1_102' title='bbox 540 1569 654 1628; x_wconf 88' lang='lat' dir='ltr'><strong>modica</strong></span> <span class='ocrx_word' id='word_1_103' title='bbox 680 1568 877 1626; x_wconf 80' lang='lat' dir='ltr'><strong>contrahendo</strong></span> <span class='ocrx_word' id='word_1_104' title='bbox 905 1571 1014 1628; x_wconf 86' lang='lat' dir='ltr'><strong>auxilia</strong></span> <span class='ocrx_word' id='word_1_105' title='bbox 1036 1570 1231 1632; x_wconf 82' lang='lat' dir='ltr'><strong>Castulonem</strong></span> <span class='ocrx_word' id='word_1_106' title='bbox 1254 1595 1310 1651; x_wconf 90' lang='lat' dir='ltr'><strong>per·</strong></span> 
     </span>
     <span class='ocr_line' id='line_1_14' title="bbox 223 1672 1309 1755; baseline -0.003 -16"><span class='ocrx_word' id='word_1_107' title='bbox 223 1674 341 1740; x_wconf 85' lang='lat' dir='ltr'><strong>5venit.</strong></span> <span class='ocrx_word' id='word_1_108' title='bbox 387 1681 432 1738; x_wconf 85' lang='lat' dir='ltr'><strong>Eo</strong></span> <span class='ocrx_word' id='word_1_109' title='bbox 459 1677 586 1736; x_wconf 80' lang='lat' dir='ltr'><strong>adducta</strong></span> <span class='ocrx_word' id='word_1_110' title='bbox 606 1676 643 1732; x_wconf 85' lang='lat' dir='ltr'><strong>sb</strong></span> <span class='ocrx_word' id='word_1_111' title='bbox 666 1672 766 1732; x_wconf 85' lang='lat' dir='ltr'><strong>Sileno</strong></span> <span class='ocrx_word' id='word_1_112' title='bbox 789 1674 913 1745; x_wconf 79' lang='lat' dir='ltr'><strong>auxilia,</strong></span> <span class='ocrx_word' id='word_1_113' title='bbox 946 1677 1003 1735; x_wconf 88' lang='lat' dir='ltr'><strong>tria</strong></span> <span class='ocrx_word' id='word_1_114' title='bbox 1022 1679 1116 1736; x_wconf 79' lang='lat' dir='ltr'><strong>millis</strong></span> <span class='ocrx_word' id='word_1_115' title='bbox 1138 1681 1309 1755; x_wconf 85' lang='lat' dir='ltr'><strong>pediturnct</strong></span> 
     </span>
     <span class='ocr_line' id='line_1_15' title="bbox 254 1780 1307 1862; baseline 0 -19"><span class='ocrx_word' id='word_1_116' title='bbox 254 1787 392 1862; x_wconf 70' lang='lat' dir='ltr'><strong>quingenti</strong></span> <span class='ocrx_word' id='word_1_117' title='bbox 421 1783 540 1858; x_wconf 89' lang='lat' dir='ltr'><strong>equites.</strong></span> <span class='ocrx_word' id='word_1_118' title='bbox 588 1781 661 1838; x_wconf 89' lang='lat' dir='ltr'><strong>Inde</strong></span> <span class='ocrx_word' id='word_1_119' title='bbox 692 1780 729 1836; x_wconf 90' lang='lat' dir='ltr'><strong>ad</strong></span> <span class='ocrx_word' id='word_1_120' title='bbox 751 1780 898 1838; x_wconf 77' lang='lat' dir='ltr'><strong>Baeculam</strong></span> <span class='ocrx_word' id='word_1_121' title='bbox 921 1783 1020 1840; x_wconf 90' lang='lat' dir='ltr'><strong>urbem</strong></span> <span class='ocrx_word' id='word_1_122' title='bbox 1042 1804 1220 1861; x_wconf 88' lang='lat' dir='ltr'><strong>progressus</strong></span> <span class='ocrx_word' id='word_1_123' title='bbox 1245 1807 1262 1843; x_wconf 94' lang='grc' dir='ltr'>ο</span> <span class='ocrx_word' id='word_1_124' title='bbox 1302 1787 1307 1798; x_wconf 92' lang='grc'><strong>’</strong></span> 
     </span>
     <span class='ocr_line' id='line_1_16' title="bbox 253 1885 1262 1967; baseline -0.001 -17"><span class='ocrx_word' id='word_1_125' title='bbox 253 1891 380 1950; x_wconf 86' lang='lat' dir='ltr'><strong>exercitu</strong></span> <span class='ocrx_word' id='word_1_126' title='bbox 402 1890 517 1960; x_wconf 75' lang='lat' dir='ltr'><strong>civium,</strong></span> <span class='ocrx_word' id='word_1_127' title='bbox 549 1888 711 1955; x_wconf 81' lang='lat' dir='ltr'><strong>sociorum,</strong></span> <span class='ocrx_word' id='word_1_128' title='bbox 739 1885 865 1960; x_wconf 81' lang='lat' dir='ltr'><strong>peditum</strong></span> <span class='ocrx_word' id='word_1_129' title='bbox 907 1889 1092 1965; x_wconf 88' lang='lat' dir='ltr'><strong>equitumque</strong></span> <span class='ocrx_word' id='word_1_130' title='bbox 1130 1893 1262 1967; x_wconf 89' lang='lat' dir='ltr'><strong>quinque</strong></span> 
     </span>
     <span class='ocr_line' id='line_1_17' title="bbox 223 1989 1304 2074; baseline -0.003 -19"><span class='ocrx_word' id='word_1_131' title='bbox 223 1990 446 2074; x_wconf 76' lang='lat' dir='ltr'><strong>6quadraginta</strong></span> <span class='ocrx_word' id='word_1_132' title='bbox 467 1994 600 2052; x_wconf 90' lang='lat' dir='ltr'><strong>millibus.</strong></span> <span class='ocrx_word' id='word_1_133' title='bbox 647 1989 752 2048; x_wconf 85' lang='lat' dir='ltr'><strong>Castra</strong></span> <span class='ocrx_word' id='word_1_134' title='bbox 772 2000 911 2066; x_wconf 88' lang='lat' dir='ltr'><strong>ponentes</strong></span> <span class='ocrx_word' id='word_1_135' title='bbox 934 2012 984 2052; x_wconf 90' lang='lat' dir='ltr'><strong>eos</strong></span> <span class='ocrx_word' id='word_1_136' title='bbox 998 1996 1090 2072; x_wconf 80' lang='lat' dir='ltr'><strong>Mago</strong></span> <span class='ocrx_word' id='word_1_137' title='bbox 1112 2006 1143 2054; x_wconf 93' lang='lat' dir='ltr'><strong>et</strong></span> <span class='ocrx_word' id='word_1_138' title='bbox 1158 1999 1304 2056; x_wconf 80' lang='lat' dir='ltr'><strong>Masinissa</strong></span> 
     </span>
     <span class='ocr_line' id='line_1_18' title="bbox 253 2096 1304 2176; baseline -0.002 -14"><span class='ocrx_word' id='word_1_139' title='bbox 253 2124 318 2162; x_wconf 91' lang='lat' dir='ltr'><strong>cum</strong></span> <span class='ocrx_word' id='word_1_140' title='bbox 342 2102 419 2160; x_wconf 91' lang='lat' dir='ltr'><strong>omni</strong></span> <span class='ocrx_word' id='word_1_141' title='bbox 440 2101 570 2176; x_wconf 88' lang='lat' dir='ltr'><strong>equitatu</strong></span> <span class='ocrx_word' id='word_1_142' title='bbox 593 2096 722 2174; x_wconf 84' lang='lat' dir='ltr'><strong>aggressi</strong></span> <span class='ocrx_word' id='word_1_143' title='bbox 743 2105 819 2168; x_wconf 82' lang='lat' dir='ltr'><strong>sunt,</strong></span> <span class='ocrx_word' id='word_1_144' title='bbox 841 2100 1064 2176; x_wconf 85' lang='lat' dir='ltr'><strong>turbassentque</strong></span> <span class='ocrx_word' id='word_1_145' title='bbox 1083 2103 1304 2173; x_wconf 75' lang='lat' dir='ltr'><strong>munientes‚nl</strong></span> 
     </span>
     <span class='ocr_line' id='line_1_19' title="bbox 253 2205 1304 2285; baseline -0.001 -18"><span class='ocrx_word' id='word_1_146' title='bbox 253 2209 344 2268; x_wconf 79' lang='lat' dir='ltr'><strong>abditi</strong></span> <span class='ocrx_word' id='word_1_147' title='bbox 378 2218 445 2283; x_wconf 90' lang='lat' dir='ltr'><strong>post</strong></span> <span class='ocrx_word' id='word_1_148' title='bbox 475 2205 616 2264; x_wconf 87' lang='lat' dir='ltr'><strong>tumulum</strong></span> <span class='ocrx_word' id='word_1_149' title='bbox 653 2212 814 2277; x_wconf 87' lang='lat' dir='ltr'><strong>opportune</strong></span> <span class='ocrx_word' id='word_1_150' title='bbox 841 2205 880 2261; x_wconf 82' lang='lat' dir='ltr'><strong>ud</strong></span> <span class='ocrx_word' id='word_1_151' title='bbox 905 2205 935 2264; x_wconf 92' lang='lat' dir='ltr'><strong>id</strong></span> <span class='ocrx_word' id='word_1_152' title='bbox 964 2208 1090 2282; x_wconf 87' lang='lat' dir='ltr'><strong>positum</strong></span> <span class='ocrx_word' id='word_1_153' title='bbox 1119 2211 1159 2266; x_wconf 87' lang='lat' dir='ltr'><strong>eb</strong></span> <span class='ocrx_word' id='word_1_154' title='bbox 1182 2209 1304 2285; x_wconf 86' lang='lat' dir='ltr'><strong>Scipione</strong></span> 
     </span>
    </p>
   </div>
   <div class='ocr_carea' id='block_1_3' title="bbox 223 2305 1304 3024">
    <p class='ocr_par' dir='ltr' id='par_1_3' title="bbox 223 2305 1304 3024">
     <span class='ocr_line' id='line_1_20' title="bbox 224 2305 1304 2391; baseline -0.003 -18"><span class='ocrx_word' id='word_1_155' title='bbox 224 2310 362 2391; x_wconf 76' lang='lat' dir='ltr'><strong>lequites</strong></span> <span class='ocrx_word' id='word_1_156' title='bbox 391 2312 549 2388; x_wconf 89' lang='lat' dir='ltr'><strong>improviso</strong></span> <span class='ocrx_word' id='word_1_157' title='bbox 578 2311 608 2368; x_wconf 92' lang='lat' dir='ltr'><strong>in</strong></span> <span class='ocrx_word' id='word_1_158' title='bbox 634 2306 742 2366; x_wconf 82' lang='lat' dir='ltr'><strong>effusos</strong></span> <span class='ocrx_word' id='word_1_159' title='bbox 772 2305 965 2370; x_wconf 84' lang='lat' dir='ltr'><strong>incurrissent.</strong></span> <span class='ocrx_word' id='word_1_160' title='bbox 1007 2314 1046 2372; x_wconf 87' lang='lat' dir='ltr'><strong>Ei</strong></span> <span class='ocrx_word' id='word_1_161' title='bbox 1066 2315 1304 2390; x_wconf 85' lang='lat' dir='ltr'><strong>promptissimum</strong></span> 
     </span>
     <span class='ocr_line' id='line_1_21' title="bbox 253 2414 1302 2496; baseline 0 -20"><span class='ocrx_word' id='word_1_162' title='bbox 253 2438 396 2495; x_wconf 86' lang='lat' dir='ltr'><strong>quemque</strong></span> <span class='ocrx_word' id='word_1_163' title='bbox 420 2427 448 2474; x_wconf 90' lang='lat' dir='ltr'><strong>et</strong></span> <span class='ocrx_word' id='word_1_164' title='bbox 470 2418 603 2494; x_wconf 85' lang='lat' dir='ltr'><strong>proxime</strong></span> <span class='ocrx_word' id='word_1_165' title='bbox 625 2414 734 2471; x_wconf 86' lang='lat' dir='ltr'><strong>vallum</strong></span> <span class='ocrx_word' id='word_1_166' title='bbox 756 2423 844 2488; x_wconf 86' lang='lat' dir='ltr'><strong>atque</strong></span> <span class='ocrx_word' id='word_1_167' title='bbox 865 2416 893 2472; x_wconf 91' lang='lat' dir='ltr'><strong>in</strong></span> <span class='ocrx_word' id='word_1_168' title='bbox 916 2418 995 2494; x_wconf 88' lang='lat' dir='ltr'><strong>ipsos</strong></span> <span class='ocrx_word' id='word_1_169' title='bbox 1015 2420 1176 2478; x_wconf 88' lang='lat' dir='ltr'><strong>munitores</strong></span> <span class='ocrx_word' id='word_1_170' title='bbox 1192 2422 1302 2496; x_wconf 89' lang='lat' dir='ltr'><strong>primun</strong></span> 
     </span>
     <span class='ocr_line' id='line_1_22' title="bbox 252 2519 1301 2601; baseline -0.003 -18"><span class='ocrx_word' id='word_1_171' title='bbox 252 2528 396 2584; x_wconf 86' lang='lat' dir='ltr'><strong>invectum</strong></span> <span class='ocrx_word' id='word_1_172' title='bbox 419 2523 538 2580; x_wconf 83' lang='lat' dir='ltr'><strong>vixdum</strong></span> <span class='ocrx_word' id='word_1_173' title='bbox 560 2521 661 2598; x_wconf 86' lang='lat' dir='ltr'><strong>proelio</strong></span> <span class='ocrx_word' id='word_1_174' title='bbox 683 2519 754 2576; x_wconf 89' lang='lat' dir='ltr'><strong>inito</strong></span> <span class='ocrx_word' id='word_1_175' title='bbox 776 2519 927 2592; x_wconf 87' lang='lat' dir='ltr'><strong>fuderunt;</strong></span> <span class='ocrx_word' id='word_1_176' title='bbox 963 2542 1028 2582; x_wconf 91' lang='lat' dir='ltr'><strong>cum</strong></span> <span class='ocrx_word' id='word_1_177' title='bbox 1053 2525 1167 2596; x_wconf 83' lang='lat' dir='ltr'><strong>ceteris,</strong></span> <span class='ocrx_word' id='word_1_178' title='bbox 1191 2527 1240 2601; x_wconf 93' lang='lat' dir='ltr'><strong>qui</strong></span> <span class='ocrx_word' id='word_1_179' title='bbox 1261 2526 1301 2582; x_wconf 88' lang='lat' dir='ltr'><strong>sub</strong></span> 
     </span>
     <span class='ocr_line' id='line_1_23' title="bbox 253 2624 1301 2706; baseline -0.001 -19"><span class='ocrx_word' id='word_1_180' title='bbox 253 2631 341 2706; x_wconf 87' lang='lat' dir='ltr'><strong>signis</strong></span> <span class='ocrx_word' id='word_1_181' title='bbox 363 2640 450 2704; x_wconf 89' lang='lat' dir='ltr'><strong>atque</strong></span> <span class='ocrx_word' id='word_1_182' title='bbox 472 2629 573 2687; x_wconf 88' lang='lat' dir='ltr'><strong>ordine</strong></span> <span class='ocrx_word' id='word_1_183' title='bbox 596 2624 719 2702; x_wconf 79' lang='lat' dir='ltr'><strong>agminis</strong></span> <span class='ocrx_word' id='word_1_184' title='bbox 742 2625 933 2700; x_wconf 83' lang='lat' dir='ltr'><strong>incesserent,</strong></span> <span class='ocrx_word' id='word_1_185' title='bbox 962 2629 1077 2706; x_wconf 87' lang='lat' dir='ltr'><strong>longior</strong></span> <span class='ocrx_word' id='word_1_186' title='bbox 1099 2640 1128 2688; x_wconf 93' lang='lat' dir='ltr'><strong>et</strong></span> <span class='ocrx_word' id='word_1_187' title='bbox 1150 2632 1201 2689; x_wconf 93' lang='lat' dir='ltr'><strong>diu</strong></span> <span class='ocrx_word' id='word_1_188' title='bbox 1224 2631 1301 2689; x_wconf 88' lang='lat' dir='ltr'><strong>ambi·</strong></span> 
     </span>
     <span class='ocr_line' id='line_1_24' title="bbox 223 2716 1299 2815; baseline -0.002 -21"><span class='ocrx_word' id='word_1_189' title='bbox 223 2731 312 2815; x_wconf 85' lang='lat' dir='ltr'><strong>8gue</strong></span> <span class='ocrx_word' id='word_1_190' title='bbox 332 2755 431 2812; x_wconf 88' lang='lat' dir='ltr'><strong>pugna</strong></span> <span class='ocrx_word' id='word_1_191' title='bbox 452 2735 515 2794; x_wconf 75' lang='lat' dir='ltr'><strong>fuit.</strong></span> <span class='ocrx_word' id='word_1_192' title='bbox 563 2733 622 2792; x_wconf 86' lang='lat' dir='ltr'><strong>Sed</strong></span> <span class='ocrx_word' id='word_1_193' title='bbox 651 2749 739 2805; x_wconf 91' lang='lat' dir='ltr'><strong>quum</strong></span> <span class='ocrx_word' id='word_1_194' title='bbox 765 2716 803 2789; x_wconf 88' lang='lat' dir='ltr'><strong>ab</strong></span> <span class='ocrx_word' id='word_1_195' title='bbox 832 2733 1006 2791; x_wconf 86' lang='lat' dir='ltr'><strong>stationibus</strong></span> <span class='ocrx_word' id='word_1_196' title='bbox 1030 2735 1156 2809; x_wconf 90' lang='lat' dir='ltr'><strong>primum</strong></span> <span class='ocrx_word' id='word_1_197' title='bbox 1172 2737 1299 2814; x_wconf 81' lang='lat' dir='ltr'><strong>expedite</strong></span> 
     </span>
     <span class='ocr_line' id='line_1_25' title="bbox 253 2837 1297 2918; baseline -0.004 -16"><span class='ocrx_word' id='word_1_198' title='bbox 253 2846 403 2911; x_wconf 76' lang='lat' dir='ltr'><strong>cohortes,</strong></span> <span class='ocrx_word' id='word_1_199' title='bbox 439 2841 542 2899; x_wconf 89' lang='lat' dir='ltr'><strong>deinde</strong></span> <span class='ocrx_word' id='word_1_200' title='bbox 563 2859 601 2897; x_wconf 87' lang='lat' dir='ltr'><strong>ex</strong></span> <span class='ocrx_word' id='word_1_201' title='bbox 624 2856 712 2913; x_wconf 89' lang='lat' dir='ltr'><strong>opere</strong></span> <span class='ocrx_word' id='word_1_202' title='bbox 733 2837 846 2896; x_wconf 90' lang='lat' dir='ltr'><strong>deducti</strong></span> <span class='ocrx_word' id='word_1_203' title='bbox 869 2838 973 2896; x_wconf 88' lang='lat' dir='ltr'><strong>milites</strong></span> <span class='ocrx_word' id='word_1_204' title='bbox 996 2849 1084 2914; x_wconf 90' lang='lat' dir='ltr'><strong>atque</strong></span> <span class='ocrx_word' id='word_1_205' title='bbox 1106 2861 1190 2900; x_wconf 87' lang='lat' dir='ltr'><strong>arma</strong></span> <span class='ocrx_word' id='word_1_206' title='bbox 1211 2861 1297 2918; x_wconf 78' lang='lat' dir='ltr'><strong>capere</strong></span> 
     </span>
     <span class='ocr_line' id='line_1_26' title="bbox 251 2943 1296 3024; baseline -0.004 -17"><span class='ocrx_word' id='word_1_207' title='bbox 251 2950 323 3007; x_wconf 89' lang='lat' dir='ltr'><strong>iussi</strong></span> <span class='ocrx_word' id='word_1_208' title='bbox 344 2949 440 3024; x_wconf 91' lang='lat' dir='ltr'><strong>plures</strong></span> <span class='ocrx_word' id='word_1_209' title='bbox 463 2955 492 3003; x_wconf 93' lang='lat' dir='ltr'><strong>et</strong></span> <span class='ocrx_word' id='word_1_210' title='bbox 512 2944 617 3020; x_wconf 86' lang='lat' dir='ltr'><strong>integri</strong></span> <span class='ocrx_word' id='word_1_211' title='bbox 638 2943 721 3002; x_wconf 82' lang='lat' dir='ltr'><strong>fessis</strong></span> <span class='ocrx_word' id='word_1_212' title='bbox 742 2945 890 3013; x_wconf 80' lang='lat' dir='ltr'><strong>instarent,</strong></span> <span class='ocrx_word' id='word_1_213' title='bbox 911 2963 1107 3021; x_wconf 84' lang='lat' dir='ltr'><strong>magnumque</strong></span> <span class='ocrx_word' id='word_1_214' title='bbox 1128 2949 1187 3006; x_wconf 84' lang='lat' dir='ltr'><strong>ism</strong></span> <span class='ocrx_word' id='word_1_215' title='bbox 1209 2966 1296 3024; x_wconf 78' lang='lat' dir='ltr'><strong>agmen</strong></span> 
     </span>
    </p>
   </div>
   <div class='ocr_carea' id='block_1_4' title="bbox 160 3048 1296 4072">
    <p class='ocr_par' dir='ltr' id='par_1_4' title="bbox 254 3048 1296 3128">
     <span class='ocr_line' id='line_1_27' title="bbox 254 3048 1296 3128; baseline -0.006 -15"><span class='ocrx_word' id='word_1_216' title='bbox 254 3063 429 3113; x_wconf 82' lang='lat' dir='ltr'><strong>armatorum</strong></span> <span class='ocrx_word' id='word_1_217' title='bbox 467 3071 485 3107; x_wconf 90' lang='lat' dir='ltr'><strong>a</strong></span> <span class='ocrx_word' id='word_1_218' title='bbox 520 3049 621 3108; x_wconf 84' lang='lat' dir='ltr'><strong>cestris</strong></span> <span class='ocrx_word' id='word_1_219' title='bbox 649 3049 679 3106; x_wconf 90' lang='lat' dir='ltr'><strong>iu</strong></span> <span class='ocrx_word' id='word_1_220' title='bbox 706 3048 837 3124; x_wconf 88' lang='lat' dir='ltr'><strong>proelium</strong></span> <span class='ocrx_word' id='word_1_221' title='bbox 868 3061 979 3120; x_wconf 79' lang='lat' dir='ltr'><strong>rueret,</strong></span> <span class='ocrx_word' id='word_1_222' title='bbox 1015 3061 1099 3128; x_wconf 86' lang='lat' dir='ltr'><strong>terge</strong></span> <span class='ocrx_word' id='word_1_223' title='bbox 1129 3054 1296 3112; x_wconf 86' lang='lat' dir='ltr'><strong>hauddubie</strong></span> 
     </span>
    </p>

    <p class='ocr_par' dir='ltr' id='par_1_5' title="bbox 222 3154 1294 3230">
     <span class='ocr_line' id='line_1_28' title="bbox 222 3154 1294 3230; baseline -0.002 -16"><span class='ocrx_word' id='word_1_224' title='bbox 222 3158 369 3220; x_wconf 87' lang='lat' dir='ltr'><strong>9vertunt</strong></span> <span class='ocrx_word' id='word_1_225' title='bbox 388 3157 473 3216; x_wconf 87' lang='lat' dir='ltr'><strong>Poeni</strong></span> <span class='ocrx_word' id='word_1_226' title='bbox 494 3155 697 3229; x_wconf 75' lang='lat' dir='ltr'><strong>Numidaeque.</strong></span> <span class='ocrx_word' id='word_1_227' title='bbox 740 3154 780 3210; x_wconf 88' lang='lat' dir='ltr'><strong>Et</strong></span> <span class='ocrx_word' id='word_1_228' title='bbox 800 3154 893 3228; x_wconf 91' lang='lat' dir='ltr'><strong>primo</strong></span> <span class='ocrx_word' id='word_1_229' title='bbox 915 3157 1064 3216; x_wconf 87' lang='lat' dir='ltr'><strong>turmatim</strong></span> <span class='ocrx_word' id='word_1_230' title='bbox 1086 3158 1220 3230; x_wconf 84' lang='lat' dir='ltr'><strong>abibant,</strong></span> <span class='ocrx_word' id='word_1_231' title='bbox 1240 3156 1294 3214; x_wconf 86' lang='lat' dir='ltr'><strong>ribi</strong></span> 
     </span>
    </p>

    <p class='ocr_par' dir='ltr' id='par_1_6' title="bbox 252 3259 1293 3344">
     <span class='ocr_line' id='line_1_29' title="bbox 252 3259 1293 3344; baseline -0.005 -20"><span class='ocrx_word' id='word_1_232' title='bbox 252 3275 371 3344; x_wconf 90' lang='lat' dir='ltr'><strong>propter</strong></span> <span class='ocrx_word' id='word_1_233' title='bbox 408 3281 547 3340; x_wconf 87' lang='lat' dir='ltr'><strong>pavorem</strong></span> <span class='ocrx_word' id='word_1_234' title='bbox 579 3259 830 3318; x_wconf 83' lang='lat' dir='ltr'><strong>festinationemve</strong></span> <span class='ocrx_word' id='word_1_235' title='bbox 868 3259 995 3319; x_wconf 85' lang='lat' dir='ltr'><strong>confusis</strong></span> <span class='ocrx_word' id='word_1_236' title='bbox 1030 3264 1193 3335; x_wconf 84' lang='lat' dir='ltr'><strong>ordinibus3</strong></span> <span class='ocrx_word' id='word_1_237' title='bbox 1234 3263 1293 3320; x_wconf 80' lang='lat' dir='ltr'><strong>dein</strong></span> 
     </span>
    </p>

    <p class='ocr_par' dir='ltr' id='par_1_7' title="bbox 252 3364 1292 3449">
     <span class='ocr_line' id='line_1_30' title="bbox 252 3364 1292 3449; baseline -0.008 -18"><span class='ocrx_word' id='word_1_238' title='bbox 252 3382 408 3449; x_wconf 89' lang='lat' dir='ltr'><strong>postquam</strong></span> <span class='ocrx_word' id='word_1_239' title='bbox 436 3369 530 3427; x_wconf 91' lang='lat' dir='ltr'><strong>acrius</strong></span> <span class='ocrx_word' id='word_1_240' title='bbox 560 3365 666 3424; x_wconf 91' lang='lat' dir='ltr'><strong>ultimis</strong></span> <span class='ocrx_word' id='word_1_241' title='bbox 701 3364 846 3422; x_wconf 86' lang='lat' dir='ltr'><strong>incidebat</strong></span> <span class='ocrx_word' id='word_1_242' title='bbox 875 3365 1026 3424; x_wconf 77' lang='lat' dir='ltr'><strong>Romanus</strong></span> <span class='ocrx_word' id='word_1_243' title='bbox 1059 3387 1154 3444; x_wconf 90' lang='lat' dir='ltr'><strong>neque</strong></span> <span class='ocrx_word' id='word_1_244' title='bbox 1180 3367 1292 3428; x_wconf 87' lang='lat' dir='ltr'><strong>sustineri</strong></span> 
     </span>
    </p>

    <p class='ocr_par' dir='ltr' id='par_1_8' title="bbox 252 3470 1290 3556">
     <span class='ocr_line' id='line_1_31' title="bbox 252 3470 1290 3556; baseline -0.008 -20"><span class='ocrx_word' id='word_1_245' title='bbox 252 3480 376 3553; x_wconf 89' lang='lat' dir='ltr'><strong>impetus</strong></span> <span class='ocrx_word' id='word_1_246' title='bbox 403 3483 536 3551; x_wconf 73' lang='lat' dir='ltr'><strong>poteret,</strong></span> <span class='ocrx_word' id='word_1_247' title='bbox 571 3470 641 3529; x_wconf 91' lang='lat' dir='ltr'><strong>nihil</strong></span> <span class='ocrx_word' id='word_1_248' title='bbox 667 3471 727 3528; x_wconf 89' lang='lat' dir='ltr'><strong>iam</strong></span> <span class='ocrx_word' id='word_1_249' title='bbox 756 3470 888 3556; x_wconf 84' lang='lat' dir='ltr'><strong>ordinum</strong></span> <span class='ocrx_word' id='word_1_250' title='bbox 919 3488 1061 3530; x_wconf 90' lang='lat' dir='ltr'><strong>memores</strong></span> <span class='ocrx_word' id='word_1_251' title='bbox 1088 3477 1213 3550; x_wconf 79' lang='lat' dir='ltr'><strong>passim,</strong></span> <span class='ocrx_word' id='word_1_252' title='bbox 1247 3491 1290 3548; x_wconf 84' lang='lat' dir='ltr'><strong>qus</strong></span> 
     </span>
    </p>

    <p class='ocr_par' dir='ltr' id='par_1_9' title="bbox 204 3574 1289 3657">
     <span class='ocr_line' id='line_1_32' title="bbox 204 3574 1289 3657; baseline -0.003 -21"><span class='ocrx_word' id='word_1_253' title='bbox 204 3583 239 3637; x_wconf 82' lang='lat'><strong>10</strong></span> <span class='ocrx_word' id='word_1_254' title='bbox 252 3583 354 3656; x_wconf 92' lang='lat' dir='ltr'><strong>cuique</strong></span> <span class='ocrx_word' id='word_1_255' title='bbox 375 3581 538 3657; x_wconf 87' lang='lat' dir='ltr'><strong>proximum</strong></span> <span class='ocrx_word' id='word_1_256' title='bbox 560 3577 632 3648; x_wconf 76' lang='lat' dir='ltr'><strong>fuit,</strong></span> <span class='ocrx_word' id='word_1_257' title='bbox 657 3576 686 3632; x_wconf 92' lang='lat' dir='ltr'><strong>in</strong></span> <span class='ocrx_word' id='word_1_258' title='bbox 708 3575 808 3651; x_wconf 87' lang='lat' dir='ltr'><strong>fugam</strong></span> <span class='ocrx_word' id='word_1_259' title='bbox 831 3574 1023 3636; x_wconf 87' lang='lat' dir='ltr'><strong>effunduntur.</strong></span> <span class='ocrx_word' id='word_1_260' title='bbox 1085 3580 1125 3638; x_wconf 85' lang='lat' dir='ltr'><strong>Et</strong></span> <span class='ocrx_word' id='word_1_261' title='bbox 1147 3597 1289 3656; x_wconf 82' lang='lat' dir='ltr'><strong>quenquam</strong></span> 
     </span>
    </p>

    <p class='ocr_par' dir='ltr' id='par_1_10' title="bbox 252 3681 1288 3763">
     <span class='ocr_line' id='line_1_33' title="bbox 252 3681 1288 3763; baseline -0.008 -17"><span class='ocrx_word' id='word_1_262' title='bbox 252 3709 287 3746; x_wconf 91' lang='lat' dir='ltr'><strong>eo</strong></span> <span class='ocrx_word' id='word_1_263' title='bbox 319 3689 420 3763; x_wconf 87' lang='lat' dir='ltr'><strong>proelio</strong></span> <span class='ocrx_word' id='word_1_264' title='bbox 458 3687 639 3760; x_wconf 82' lang='lat' dir='ltr'><strong>aliquantum</strong></span> <span class='ocrx_word' id='word_1_265' title='bbox 670 3681 810 3740; x_wconf 83' lang='lat' dir='ltr'><strong>Romanis</strong></span> <span class='ocrx_word' id='word_1_266' title='bbox 845 3682 922 3738; x_wconf 88' lang='lat' dir='ltr'><strong>aucti</strong></span> <span class='ocrx_word' id='word_1_267' title='bbox 956 3691 985 3740; x_wconf 89' lang='lat' dir='ltr'><strong>ct</strong></span> <span class='ocrx_word' id='word_1_268' title='bbox 1013 3684 1153 3744; x_wconf 85' lang='lat' dir='ltr'><strong>deminuti</strong></span> <span class='ocrx_word' id='word_1_269' title='bbox 1182 3687 1288 3746; x_wconf 82' lang='lat' dir='ltr'><strong>hostibus</strong></span> 
     </span>
    </p>

    <p class='ocr_par' dir='ltr' id='par_1_11' title="bbox 253 3786 1287 3976">
     <span class='ocr_line' id='line_1_34' title="bbox 253 3786 1287 3865; baseline -0.006 -13"><span class='ocrx_word' id='word_1_270' title='bbox 253 3795 340 3852; x_wconf 83' lang='lat' dir='ltr'><strong>animi</strong></span> <span class='ocrx_word' id='word_1_271' title='bbox 363 3805 460 3865; x_wconf 86' lang='lat' dir='ltr'><strong>eraut,</strong></span> <span class='ocrx_word' id='word_1_272' title='bbox 490 3801 586 3850; x_wconf 82' lang='lat' dir='ltr'><strong>temen</strong></span> <span class='ocrx_word' id='word_1_273' title='bbox 607 3789 719 3863; x_wconf 85' lang='lat' dir='ltr'><strong>aliquot</strong></span> <span class='ocrx_word' id='word_1_274' title='bbox 740 3786 922 3861; x_wconf 87' lang='lat' dir='ltr'><strong>insequentes</strong></span> <span class='ocrx_word' id='word_1_275' title='bbox 944 3789 1006 3846; x_wconf 86' lang='lat' dir='ltr'><strong>dies</strong></span> <span class='ocrx_word' id='word_1_276' title='bbox 1029 3791 1066 3847; x_wconf 90' lang='lat' dir='ltr'><strong>ab</strong></span> <span class='ocrx_word' id='word_1_277' title='bbox 1096 3793 1287 3852; x_wconf 77' lang='lat' dir='ltr'><strong>excursionibus</strong></span> 
     </span>
     <span class='ocr_line' id='line_1_35' title="bbox 253 3900 1019 3976; baseline -0.007 -18"><span class='ocrx_word' id='word_1_278' title='bbox 253 3901 381 3976; x_wconf 88' lang='lat' dir='ltr'><strong>equitum</strong></span> <span class='ocrx_word' id='word_1_279' title='bbox 402 3900 531 3972; x_wconf 88' lang='lat' dir='ltr'><strong>levisque</strong></span> <span class='ocrx_word' id='word_1_280' title='bbox 554 3903 708 3954; x_wconf 72' lang='lat' dir='ltr'><strong>armature</strong></span> <span class='ocrx_word' id='word_1_281' title='bbox 729 3901 871 3949; x_wconf 86' lang='lat' dir='ltr'><strong>cessatum</strong></span> <span class='ocrx_word' id='word_1_282' title='bbox 893 3912 946 3950; x_wconf 82' lang='lat' dir='ltr'><strong>non</strong></span> <span class='ocrx_word' id='word_1_283' title='bbox 966 3904 1019 3954; x_wconf 87' lang='lat' dir='ltr'><strong>est.</strong></span> 
     </span>
    </p>

    <p class='ocr_par' dir='ltr' id='par_1_12' title="bbox 160 3994 1286 4072">
     <span class='ocr_line' id='line_1_36' title="bbox 160 3994 1286 4072; baseline -0.004 -12"><span class='ocrx_word' id='word_1_284' title='bbox 160 3994 201 4062; x_wconf 77' lang='grc'><strong>14</strong></span> <span class='ocrx_word' id='word_1_285' title='bbox 335 4004 395 4064; x_wconf 91' lang='lat' dir='ltr'><strong>Ubi</strong></span> <span class='ocrx_word' id='word_1_286' title='bbox 422 4003 492 4061; x_wconf 86' lang='lat' dir='ltr'><strong>satis</strong></span> <span class='ocrx_word' id='word_1_287' title='bbox 524 4009 639 4066; x_wconf 72' lang='lat' dir='ltr'><strong>tentatae</strong></span> <span class='ocrx_word' id='word_1_288' title='bbox 673 4015 725 4072; x_wconf 90' lang='lat' dir='ltr'><strong>per</strong></span> <span class='ocrx_word' id='word_1_289' title='bbox 757 3997 818 4054; x_wconf 85' lang='lat' dir='ltr'><strong>baec</strong></span> <span class='ocrx_word' id='word_1_290' title='bbox 843 3997 921 4056; x_wconf 79' lang='lat' dir='ltr'><strong>levia</strong></span> <span class='ocrx_word' id='word_1_291' title='bbox 947 4002 1106 4066; x_wconf 86' lang='lat' dir='ltr'><strong>certamina</strong></span> <span class='ocrx_word' id='word_1_292' title='bbox 1133 4005 1208 4064; x_wconf 86' lang='lat' dir='ltr'><strong>vires</strong></span> <span class='ocrx_word' id='word_1_293' title='bbox 1233 4011 1286 4060; x_wconf 84' lang='lat' dir='ltr'><strong>suut</strong></span> 
     </span>
    </p>
   </div>
   <div class='ocr_carea' id='block_1_5' title="bbox 0 0 1344 4560">
    <p class='ocr_par' dir='ltr' id='par_1_13' title="bbox 0 0 1344 4560">
     <span class='ocr_line' id='line_1_37' title="bbox 0 0 1344 4560; baseline 0 6"><span class='ocrx_word' id='word_1_294' title='bbox 0 0 1344 4560; x_wconf 95' lang='lat' dir='ltr'><strong> </strong></span> 
     </span>
    </p>
   </div>
  </div>
 </body>
</html>
