2748 4556
307 231 364 290 tst
571 227 768 280 uitem
804 227 1015 294 (suctu.)

211 411 421 472 accercitum
453 429 570 487 qnoque
596 411 663 470 inde
683 419 811 471 veterem
833 411 1007 480 deductum
1040 409 1142 486 trepide
1157 409 1267 468 emnia
1285 419 1317 466 ut

264 517 441 576 inconditum
462 518 577 576 turbem
599 516 725 576 tironum
748 533 821 578 esse.
868 517 1029 590 Nunquam
1044 515 1123 574 telem
1133 515 1317 572 occasionem

211 621 419 683 ldliberendte
447 619 599 697 Hispeuite
627 621 701 680 iore.
747 620 893 682 Servitum
921 619 960 678 ed
989 634 1055 676 eam
1082 619 1149 677 dien
1166 627 1226 676 ant
1248 616 1319 676 car-

263 727 492 803 thaginiensibus
523 733 575 784 unt
595 725 752 796 Remum,
784 743 838 784 nec
866 725 896 783 in
918 725 1012 783 vicem
1033 724 1078 782 his
1098 734 1143 784 sut
1157 724 1237 793 illis,
1271 723 1320 780 sed

210 836 249 893 tt
263 832 406 891 interdum
433 830 563 906 unisque
591 830 686 889 simrd
733 830 841 890 Pulsos
870 831 908 888 ab
939 829 1082 888 Romanis
1102 827 1321 903 Carthaginien·

262 955 323 1008 ses;
345 937 382 994 eb
404 934 561 1011 Hispanis,
582 934 608 992 si
628 936 831 1008 consentirent,
849 934 919 1011 pelli
939 936 1090 994 Romanos
1109 950 1206 1010 posse,
1229 942 1266 990 ut
1287 933 1321 990 ab

262 1042 341 1101 omui
361 1039 484 1117 imperio
505 1051 626 1098 exterum
647 1041 744 1100 solute
764 1041 794 1098 in
815 1048 987 1116 perpetuum
1004 1039 1144 1114 Hispania
1156 1039 1185 1095 in
1207 1037 1322 1113 petrice

210 1144 369 1205 terestres
397 1162 493 1202 mores
524 1143 663 1219 ritusque.
716 1145 789 1204 Hsec
807 1145 924 1219 aliaque
946 1144 1068 1202 dicendo
1089 1161 1144 1200 non
1162 1141 1322 1218 populares

148 1309 154 1322 ,
263 1249 369 1320 modo,
402 1249 454 1306 sed
474 1249 643 1308 Ausetanos
664 1268 797 1326 quoque,
829 1250 955 1308 vicinam
983 1257 1115 1324 gentem,
1144 1247 1278 1305 concitat
1298 1255 1322 1301 et

210 1357 250 1416 26
264 1352 338 1410 elios
366 1353 504 1412 finitimos
533 1353 589 1412 sibi
618 1362 708 1428 etque
732 1353 789 1412 illis
811 1355 945 1430 populos.
993 1354 1099 1427 Itaque
1115 1351 1187 1410 iutra
1208 1368 1320 1427 peuces

263 1455 325 1515 dies
346 1454 467 1532 triginta
487 1457 578 1516 millia
597 1458 737 1533 peditum,
758 1469 898 1533 quattuor
920 1457 1012 1516 ferme
1034 1456 1159 1531 equitum
1177 1456 1208 1513 in
1232 1455 1321 1516 Sede·

188 1563 210 1630 2
262 1571 361 1620 tunnm
384 1581 503 1638 agrum,
526 1581 584 1637 quo
606 1564 730 1622 edictum
752 1572 834 1633 erat,
854 1571 1058 1622 convenerunt
1105 1562 1227 1622 Romam
1252 1579 1319 1636 quo-

263 1685 321 1742 qne
349 1664 554 1742 imperatores,
586 1669 622 1726 L.
644 1667 785 1726 Lentulus
818 1678 847 1725 et
876 1669 911 1726 L.
934 1667 1063 1726 Manlius
1091 1666 1252 1735 Acidinus,
1287 1682 1319 1720 ne

230 1769 396 1846 2glisceret
417 1769 512 1846 prima
532 1772 704 1848 negligendo
728 1773 854 1842 bellum,
886 1773 991 1830 iunctis
1013 1782 1039 1830 ct
1064 1772 1121 1848 ipsi
1141 1769 1318 1834 exercitibus,
1357 1799 1358 1834 3

260 1895 314 1952 per
345 1893 449 1952 agrum
479 1877 680 1947 Anneianum,
713 1877 828 1935 hostico
859 1884 999 1951 tunquam
1031 1885 1138 1952 pacato
1170 1876 1319 1934 clementer

262 1981 356 2040 ductis
377 1981 526 2052 militibus,
546 1981 585 2040 ed
607 1981 704 2040 sedem
725 1982 852 2040 hostium
873 2001 1032 2057 pervenere
1053 1990 1083 2038 et
1099 1982 1186 2040 trium
1203 1979 1317 2038 millium

102 2153 106 2160 ,
231 2085 358 2162 depatio
384 2086 486 2161 procul
515 2105 534 2142 s
558 2086 661 2144 cestris
687 2105 788 2145 eorum
815 2095 975 2162 posueruut
995 2095 1102 2142 castra
1149 2087 1250 2144 Primo
1271 2102 1316 2159 per

205 2263 209 2270 ἱ
261 2191 375 2266 legatos
395 2189 589 2264 nequicquam
611 2199 770 2263 tentatum,
790 2200 823 2250 ut
843 2190 1038 2250 discederetur
1061 2190 1101 2247 eb
1127 2190 1230 2272 ermis;
1257 2188 1315 2246 dein

263 2313 352 2369 quum
382 2295 413 2351 in
440 2294 629 2368 pabulatores
648 2297 801 2354 Romanos
823 2295 947 2372 impetus
977 2302 1097 2370 repente
1119 2298 1159 2353 sb
1180 2295 1314 2370 equitibus

261 2398 403 2475 Hispanis
424 2398 520 2468 iectus
541 2409 626 2470 esset,
647 2399 803 2458 summisso
827 2402 866 2457 eb
887 2400 1012 2457 statione
1026 2401 1164 2456 Romane
1185 2400 1314 2474 equitetu,

263 2513 396 2577 equestre
417 2504 550 2579 proelium
572 2503 637 2575 tuit,
657 2504 737 2562 heud
758 2521 830 2562 seue
847 2503 1036 2562 memorando
1054 2503 1086 2560 in
1105 2483 1219 2580 partem
1235 2505 1311 2562 uilem

229 2617 375 2670 detentu.
430 2609 499 2668 Sole
528 2609 638 2668 emente
664 2616 782 2684 postero
810 2609 858 2666 die
885 2609 991 2667 armati
1012 2609 1204 2684 instructique
1225 2625 1313 2666 omnes

261 2713 340 2771 mille
359 2712 452 2772 ferme
474 2732 579 2790 pessus
601 2714 703 2791 procul
724 2733 744 2770 s
764 2714 867 2772 cestris
889 2712 1031 2772 Romanis
1052 2712 1146 2770 eciem
1165 2715 1311 2772 ostendere

230 2818 354 2880 tttedti
386 2818 530 2876 Ausetani
572 2828 670 2887 erent3
706 2836 817 2876 cornua
858 2817 992 2875 dextrum
1028 2817 1186 2891 Ilergetes,
1221 2819 1310 2876 laeuum

261 2922 404 2998 ignobiles
431 2923 569 2980 tenebant
596 2922 723 2996 Hispeni
753 2923 871 2997 populi3
910 2921 985 2979 inter
1014 2939 1127 2980 cornua
1149 2931 1179 2980 et
1201 2924 1309 2981 median

261 3027 352 3086 aciem
380 3025 535 3085 inter-velle
563 3027 694 3100 petentis
716 3027 788 3084 setis
809 3027 868 3083 lete
889 3025 1036 3097 fecerant,
1072 3044 1134 3100 que
1156 3029 1310 3102 equitetun,

231 3132 311 3193 cubi
332 3141 446 3206 tempus
468 3139 553 3201 esset,
575 3131 745 3188 emitterent.
787 3132 828 3188 Et
846 3132 973 3188 Romani
990 3149 1072 3189 more
1093 3148 1148 3190 suo
1167 3131 1309 3190 exercitum

262 3255 350 3311 quum
382 3236 601 3307 instruxissent,
632 3236 663 3293 id
684 3237 772 3294 modo
793 3236 921 3293 hostium
942 3235 1049 3292 imitati
1072 3246 1159 3309 sunt,
1194 3246 1229 3294 nt
1251 3237 1310 3294 inter

231 3340 388 3416 liegiones
418 3348 448 3396 et
478 3340 535 3415 ipsi
562 3349 695 3416 petentes
721 3341 812 3415 equiti
841 3338 1036 3414 relinquerent
1061 3339 1134 3396 vies.
1191 3339 1308 3398 Cetemu

212 3475 217 3484 ι
260 3444 400 3502 Lentulus
436 3444 462 3502 ei
494 3445 572 3520 parti
605 3463 689 3502 usum
722 3445 826 3519 equitis
861 3443 926 3504 lore
959 3453 1059 3515 retus,
1095 3463 1162 3518 quoe
1190 3443 1308 3520 priorin

229 3549 453 3611 8dehiscentem
480 3549 641 3608 intervallis
669 3549 797 3607 hostium
819 3549 911 3608 eciem
933 3550 1044 3623 equites
1066 3549 1226 3620 emisisset,
1258 3549 1306 3608 Ser.

260 3651 396 3711 Cornelio
428 3653 544 3713 tribuno
575 3653 698 3712 militnm
730 3654 872 3729 imperet,
905 3654 1017 3728 equites
1050 3673 1104 3729 per
1134 3656 1306 3728 petentesiu

229 3765 247 3821 9
260 3756 386 3815 hostium
407 3758 471 3816 scie
485 3759 550 3816 vies
564 3759 732 3834 permittere
745 3777 837 3833 equos
851 3759 959 3819 iubent.
1006 3760 1084 3834 Ipse,
1107 3769 1205 3834 coepte
1221 3777 1305 3836 perun

259 3880 399 3940 prospere
419 3863 547 3938 pedestri
566 3882 681 3939 pugna,
714 3872 826 3922 tentum
848 3871 996 3934 motetus,
1026 3864 1095 3922 dum
1117 3865 1230 3923 cedenti
1249 3866 1304 3923 duo·

259 3967 378 4026 decimes
398 3968 523 4044 legioni,
560 3983 624 4044 qum
644 3969 674 4028 iu
694 3968 769 4028 levo
791 3987 881 4028 cornu
905 3968 1046 4030 adversus
1066 3969 1208 4045 Ilergetes
1227 3972 1304 4030 locate
1353 3981 1354 3994 ³
