2704 4552
307 224 363 280 132
570 222 649 272 Liber
667 221 769 274 XXIII.
805 219 848 286 (A.
865 235 890 270 ιι.
903 237 925 271 e.
941 224 1012 285 538.)

262 401 417 482 pratorem'
445 407 611 464 Romanum
639 405 808 464 Marcellum
837 403 1006 474 Claudium,
1036 406 1087 480 qui
1119 405 1253 464 Casilini
1284 430 1309 455 a·

262 511 389 568 exercitu
426 521 502 583 erat,
535 511 652 569 mittunt
683 511 860 586 docentque,
893 520 1001 586 quanto
1030 512 1060 568 in
1096 511 1276 570 discrimine
1306 556 1309 557 ν

261 617 381 674 Nolana
403 633 466 674 res:
494 634 596 692 agnem
622 616 797 674 Hannibalis
818 635 882 674 esse
904 626 933 674 et
953 619 1132 687 Poenorum,
1163 611 1271 676 urbem
1294 644 1296 649 ·
1323 663 1325 668 .

212 729 245 782 ll
261 721 368 796 templo
398 721 543 790 futuram,
573 721 602 777 ni
631 723 835 790 subveniatur;
862 723 1047 781 concedendo
1067 719 1172 799 plebei
1196 729 1328 778 senatu

261 827 309 885 ubi
331 826 431 896 velint,
453 825 619 883 defecturos
641 844 686 896 se,
708 846 744 884 ne
765 829 888 886 deficere
914 827 1169 903 praefestinarent,
1199 824 1329 898 effosa„

211 938 246 994 12
261 933 426 1003 Marcellus,
448 931 621 990 collaudatis
637 932 772 1002 Nolanis,
793 933 895 990 eadem
918 933 1102 1018 simulatione
1127 932 1256 988 extrahi
1275 947 1325 993 ren

253 1038 289 1124 'in
303 1056 388 1096 suum
403 1037 559 1094 adventum
582 1036 677 1105 iussit3
700 1037 813 1095 interim
829 1039 927 1109 celari,
943 1057 1007 1113 quae
1021 1056 1121 1096 secum
1141 1046 1217 1096 acta
1232 1055 1275 1094 es:
1285 1063 1303 1087 ιι

210 1149 246 1204 13
259 1161 399 1219 spemque
431 1127 546 1199 omnem
574 1141 675 1199 auxilii
697 1145 832 1202 Romani.
885 1145 954 1220 lpse
980 1163 998 1200 a
1024 1142 1159 1201 Casilino
1187 1142 1327 1201 caietae

257 1250 339 1325 petit,
361 1259 449 1322 atque
463 1248 531 1304 inde
547 1248 693 1306 Vulturno
709 1249 786 1304 amni
802 1247 924 1305 traiecto
939 1268 991 1324 per
1006 1267 1109 1324 agrum
1125 1248 1328 1307 Saticulanun

258 1354 496 1426 Trebianumque
518 1373 605 1430 super
627 1353 795 1413 Suessulam
821 1372 875 1428 per
896 1363 1008 1412 montes
1029 1354 1142 1412 Nolam
1169 1353 1310 1428 pervenit

165 1455 205 1524 15
343 1457 403 1516 Sub
440 1461 595 1518 adventum
633 1459 765 1534 praetoris
795 1447 921 1533 Romani
953 1461 1062 1518 Poenus
1099 1478 1178 1534 agro
1215 1459 1327 1518 Nolens

259 1563 382 1620 excessit
415 1571 443 1619 et
471 1565 509 1620 ad
540 1585 620 1622 mare
658 1563 792 1639 proxime
820 1565 977 1640 Neapolim
1008 1565 1177 1634 descendit,
1209 1565 1327 1639 cupidus

258 1667 395 1725 maritimi
418 1670 517 1745 oppidi
538 1671 681 1746 potiundi,
704 1687 762 1744 qno
785 1688 885 1728 cursus
910 1671 1033 1728 navibus
1056 1680 1134 1727 tutus
1161 1689 1201 1726 ex
1228 1667 1326 1726 Abire

228 1777 349 1842 lesset3
372 1783 498 1832 ceterum
519 1784 675 1851 postquam
697 1775 853 1850 Neapolim
876 1795 896 1833 a
916 1775 1053 1851 praefecto
1075 1777 1218 1834 Romano
1243 1768 1328 1831 teneri

259 1880 371 1956 accepit
391 1881 446 1954 (Μ.
462 1881 563 1937 Iunius
586 1880 702 1940 Silanus
725 1891 797 1952 erat,
819 1883 856 1939 ab
879 1882 949 1957 ipsis
965 1881 1172 1956 Neapolitanis
1196 1880 1326 1953 accitus),

228 1985 385 2060 3Neepoli
414 2004 545 2060 quoque,
575 1987 650 2042 sicut
671 1987 767 2057 Nola,
799 1987 909 2044 omissa
931 1988 1004 2062 petit
1026 1986 1201 2044 Nuceriam.
1256 1987 1324 2043 Ean

259 2110 346 2166 quum
376 2089 556 2163 aliquamdiu
578 2090 822 2161 circumsedisset,
846 2109 923 2168 saepe
953 2093 999 2164 vi,
1030 2111 1106 2166 sape
1133 2089 1323 2148 sollicitandis

257 2195 451 2270 nequicquam
482 2212 558 2250 nune
581 2181 674 2268 plebe,
706 2215 781 2253 nunc
811 2171 1004 2272 principibus,
1035 2191 1115 2254 fame
1148 2197 1271 2254 demum
1301 2195 1324 2250 iu

172 2291 177 2296 ’
258 2299 431 2357 deditionem
460 2299 585 2373 accepit,
618 2311 740 2373 pactus,
772 2308 803 2356 ut
827 2290 950 2360 inermes
974 2321 1039 2360 enm
1061 2301 1186 2376 singulis
1217 2303 1324 2374 abirent

227 2405 443 2464 lvestimentis.
486 2404 612 2473 Deinde,
633 2415 665 2461 ut
686 2406 736 2480 q'ui
758 2425 776 2464 a
797 2407 939 2482 principio
960 2408 1036 2464 mitis
1059 2407 1196 2464 omnibus
1217 2406 1323 2464 Italicis

237 2520 361 2586 praeter
395 2511 545 2567 Romanos
583 2511 675 2567 videri
707 2510 802 2581 vellet,
833 2513 953 2586 praemia
982 2520 1069 2587 atque
1099 2514 1247 2581 bonores,
1281 2511 1323 2585 qui

228 2614 447 2676 bremenserint
468 2633 503 2672 ac
525 2614 649 2672 militare
676 2633 772 2674 secum
795 2596 968 2684 noluissent,
995 2618 1179 2692 proposuit?
1208 2619 1275 2676 Nec
1295 2635 1324 2673 es

258 2739 309 2795 spe
332 2718 507 2794 quemquam
530 2719 634 2789 tenuit3
663 2720 767 2796 dilapsi
790 2729 904 2790 omnes,
930 2739 1103 2796 quocunque
1124 2723 1258 2797 hospitia
1278 2731 1323 2778 aut

257 2813 393 2883 fortuitus
420 2827 509 2883 animi
530 2819 656 2901 impetus
685 2826 775 2896 tulit,
794 2845 846 2900 per
868 2824 1037 2900 Campaniae
1065 2828 1168 2898 urbes,
1201 2829 1322 2886 maxime
1348 2802 1349 2827 l

228 2931 366 2990 6Nolam
402 2932 626 3006 Neapolimque.
686 2931 782 3006 Quum
818 2931 909 2988 ferme
939 2932 1057 3006 triginta
1092 2942 1263 3002 senatores,
1293 2950 1321 2988 ac

257 3034 334 3092 forte
351 3035 462 3110 primus
484 3037 622 3112 quisque,
656 3035 791 3111 Capuam·
817 3037 973 3111 petissent,
1005 3037 1115 3095 exclusi
1135 3039 1222 3109 inde,
1247 3037 1320 3113 quod

257 3149 358 3214 portas
379 3140 539 3197 Hannibali
562 3141 745 3211 clausissent,
768 3141 876 3200 Cumas
898 3161 929 3198 se
951 3127 1144 3203 cbntularunt.
1189 3144 1321 3201 Nuceria

257 3245 356 3319 praeda
379 3245 463 3302 militi
485 3247 555 3303 data
577 3256 629 3317 est,
653 3248 722 3304 urbs
744 3248 856 3322 direpta
879 3256 966 3322 atque
988 3248 1114 3306 incensa.

228 3352 243 3404 7
340 3350 450 3406 Nolam
479 3352 638 3409 Marcellus
669 3371 727 3409 non
760 3352 805 3409 sui
827 3352 920 3427 magis
949 3353 1056 3409 fiducia
1082 3353 1212 3426 praesidii
1235 3372 1318 3427 quam

257 3454 406 3511 voluntate
427 3455 587 3530 principum
612 3458 753 3526 habebat;
782 3457 864 3532 plebs
886 3457 1056 3527 timebatur,
1083 3466 1202 3515 etanta
1225 3476 1319 3515 omnes

258 3560 293 3617 L.
316 3560 452 3632 Bantius,
482 3579 568 3634 quem
597 3562 772 3620 conscientia
801 3571 917 3620 tentatae
939 3561 1108 3620 defectionis
1137 3582 1173 3636 ac
1195 3574 1320 3622 met-usa

258 3673 382 3739 pratore
404 3667 542 3723 Romano
562 3686 638 3726 nunc
662 3669 698 3724 ad
720 3668 912 3743 proditionem
936 3669 1047 3742 patriae,
1071 3688 1161 3739 nunc,
1192 3670 1217 3726 ei
1238 3669 1319 3726 adid

226 3769 375 3828 8sortuna
397 3770 544 3843 defuisset,
568 3773 605 3830 ad
629 3773 876 3848 transfugiendum
897 3774 1073 3832 stimulabat.
1116 3775 1191 3832 Erat
1212 3774 1319 3832 iuvenis

258 3894 325 3932 acer
357 3887 385 3933 et
415 3879 560 3935 sociorum
600 3897 635 3934 ea
666 3888 837 3953 tempestate
869 3895 959 3955 prope
993 3879 1188 3936 nobilissimus
1223 3899 1317 3954 eques.

257 3981 437 4039 Seminecem
460 4002 525 4040 eum
549 3983 586 4039 ad
610 3982 727 4040 Cannas
748 3986 778 4041 in
800 4004 906 4044 acervo
931 4003 1070 4042 caesorum
1100 4002 1256 4067 corporum
1279 3986 1319 4041 in·
