2700 4426
415 121 492 171 trae
509 121 634 170 xxvnr.
670 120 716 185 (a.
736 119 783 170 ot.
797 125 868 184 207.)
1066 125 1120 180 123

109 305 288 381 provinciam
321 307 358 363 ad
390 305 602 363 Hasdrubalem
634 282 840 381 pervenerunt3
878 304 1029 376 Celtiberi,
1071 325 1163 364 novus

110 412 201 483 miles,
223 413 252 468 in
276 413 425 487 proximas
446 411 549 487 dilapsi
571 412 658 468 silvas
682 413 748 469 inde
770 414 871 470 domos
895 412 1079 488 diffugerunt.

193 519 417 593 Peropportuna
438 519 559 575 victoria
586 536 769 593 nequaquam
798 529 908 576 tanturn
930 519 987 575 iarn
1009 520 1163 575 conflatum
1179 523 1215 577 13

109 623 225 694 bellum,
248 635 356 699 quanta
370 624 459 681 futuri
474 624 594 681 materia
613 624 689 692 belli,
710 625 735 681 si
750 625 875 682 licuisset
891 625 935 695 iis,
955 623 1162 683 Celtiberorum

108 739 193 803 gente
216 730 321 799 excita,
350 741 378 786 et
405 730 478 787 alios
509 731 546 786 ad
575 749 657 786 arma
680 707 833 788 sollicitare
856 731 993 807 populos,
1026 749 1164 806 oppressa
1209 802 1213 812 ι

109 846 180 896 erat.
228 838 334 912 Itaque
363 835 526 893 collaudato
541 836 663 910 benigne
687 835 800 908 Silano,
836 837 943 914 Scipio,
965 856 1044 913 spem
1068 836 1163 893 debel·
1179 841 1214 893 14

108 943 204 1012 landi‚
229 943 253 999 si
274 942 345 999 nihil
367 961 430 998 eam
452 937 515 1016 ipse
536 943 695 998 cunctando
718 952 847 1000 moratus
872 954 962 1013 esset,
984 953 1101 1012 nactus,
1126 944 1162 1000 ad

106 1049 146 1120 id,
170 1049 248 1123 quod
262 1049 403 1122 reliquum
424 1047 491 1104 belli
512 1058 591 1116 erat,
626 1047 656 1104 in
678 1048 807 1105 ultimam
828 1050 1000 1124 Hispaniam
1024 1051 1162 1107 adversus

107 1155 323 1213 Hasdrubalem
345 1154 447 1230 pergit.
495 1156 602 1210 Poenus
626 1171 712 1227 quum
733 1165 829 1212 castra
843 1167 903 1212 tum
921 1155 996 1213 forte
1010 1157 1039 1213 in
1055 1156 1163 1212 Baetica
1178 1155 1214 1210 15

79 1268 81 1275 '
108 1261 146 1317 ad
168 1261 312 1317 sociorum
335 1260 446 1316 animos
468 1259 653 1316 continendos
676 1259 705 1316 in
720 1261 776 1316 fide
791 1262 920 1332 haberet,
942 1262 1030 1338 siguis
1046 1272 1163 1337 repente
1238 1309 1242 1318 .

107 1367 237 1437 sublatis,
259 1366 336 1442 fugae
356 1365 449 1440 magis
472 1383 558 1439 quam
581 1364 689 1422 itineris
712 1367 797 1422 modo
819 1369 931 1442 penitus
954 1369 991 1424 ad
1014 1367 1161 1426 Oceanum

107 1483 136 1528 et
158 1472 258 1530 Gades
281 1472 367 1530 ducit.
405 1469 549 1540 Ceterum,
565 1471 661 1545 quoad
680 1473 865 1529 continuisset
875 1476 1040 1545 exercitum,
1056 1492 1162 1549 propo·
1178 1473 1213 1528 16

107 1577 192 1633 situm
222 1577 298 1635 bello
329 1596 360 1633 se
388 1577 451 1632 fore
476 1584 571 1646 ratus,
604 1585 757 1651 antequam
786 1578 859 1635 freto
882 1579 983 1637 Gades
1011 1581 1162 1647 traiiceret,

107 1683 264 1739 exercitum
294 1702 407 1740 omnem
438 1682 545 1757 passim
565 1682 596 1737 in
618 1683 747 1739 civitates
770 1685 882 1755 divisit,
916 1695 946 1742 ut
968 1697 996 1742 et
1017 1686 1106 1743 muris
1130 1703 1160 1741 se

107 1789 162 1864 ipsi
198 1799 226 1844 et
259 1789 347 1846 armis
387 1807 484 1844 muros
517 1796 687 1848 tutarentur.
745 1789 842 1864 Scipio
868 1791 918 1847 ubi
934 1804 935 1808 ’
949 1791 1160 1860 animadvertit,

106 1895 275 1969 dissipatum
303 1895 411 1969 passim
440 1893 565 1960 bellum,
602 1900 631 1947 et
658 1893 839 1952 circumferre
869 1897 905 1951 ad
927 1895 1055 1970 singulas
1077 1895 1161 1951 urbes

107 2019 189 2057 arma
211 1999 313 2055 diutini
335 1993 427 2074 magis
450 2018 537 2073 quam
559 1997 657 2072 magni
681 2015 742 2054 esse
764 2002 875 2099 operis,
896 2009 973 2059 retro
995 2000 1080 2056 vertit
1101 2000 1163 2056 iter.

105 2108 152 2164 Ne
183 2106 313 2163 hostibus
339 2114 436 2161 tamen
463 2122 527 2160 eam
549 2102 721 2177 relinqueret
741 2108 904 2180 regionem,
941 2108 975 2166 L.
998 2106 1192 2180 scipionema

105 2212 223 2269 fratrem
248 2230 312 2269 cum
336 2212 433 2268 decern
457 2209 581 2266 millibus
605 2210 742 2285 peditum,
757 2214 829 2268 mille
849 2213 975 2287 equitum
996 2213 1033 2269 ad
1047 2230 1161 2288 oppug-

105 2318 230 2374 nandam
259 2317 503 2393 opulentissimam
533 2315 562 2370 in
591 2315 625 2372 iis
651 2316 722 2372 locis
751 2319 850 2375 urbem
881 2318 1023 2392 (Orongin
1045 2317 1162 2374 barbari

106 2424 302 2499 appellabant)
332 2423 427 2479 mittit.
481 2422 544 2478 Sita
565 2421 594 2477 in
616 2422 782 2480 Maesessum
806 2424 909 2480 finibus
934 2434 990 2495 est,
1023 2421 1191 2497 Hispanae3

107 2529 218 2603 gentis3
251 2546 322 2602 ager
350 2527 484 2602 frugifer3
518 2539 667 2602 argentum
705 2530 790 2585 etiam
820 2531 920 2587 incolae
948 2529 1070 2587 fodiunt.
1116 2530 1162 2586 Ea

107 2652 160 2688 arx
193 2632 288 2688 fuerat
323 2633 502 2689 Hasdrubali
539 2634 576 2688 ad
609 2635 791 2691 excursiones
829 2636 906 2692 circa
937 2634 1161 2692 mediterraneos

105 2738 229 2813 populos
251 2737 408 2796 faciendas.
451 2738 557 2814 Scipio,
580 2740 680 2796 castris
700 2759 793 2815 prope
817 2741 917 2797 urbem
938 2740 1048 2815 positis,
1069 2741 1192 2814 prius-4

107 2864 193 2919 quam
217 2846 448 2903 circumvallaret
471 2847 580 2916 urbem,
603 2846 679 2902 misit
700 2847 736 2902 ad
751 2854 860 2919 portas,
883 2844 931 2917 qui
951 2863 987 2900 ex
998 2846 1161 2921 propinquo

105 2951 233 3025 alloquio
263 2952 374 3008 animos
404 2960 545 3009 tentarent
575 2953 801 3025 suaderentque,
838 2960 869 3006 ut
891 2949 1044 3007 amicitiam
1067 2951 1161 3025 potius

106 3077 192 3133 quam
213 3059 272 3114 vim
295 3058 493 3132 experirentur
512 3059 720 3114 Romanorum.
768 3056 827 3116 Ubi
842 3056 912 3112 nihil
928 3056 1025 3131 pacati
1041 3061 1192 3130 respon-5
1258 3061 1261 3064 ’

106 3166 236 3237 debatur,
257 3163 338 3222 fossa
360 3163 521 3238 duplicique
535 3163 612 3219 vallo
636 3163 812 3220 circumdata
834 3163 912 3233 urbe,
934 3162 964 3218 in
985 3170 1042 3218 tres
1064 3169 1160 3235 partes

107 3273 262 3328 exercitum
282 3269 393 3338 dividit,
415 3279 447 3324 ut
467 3288 524 3325 nna
545 3287 659 3344 semper
680 3288 757 3343 pars,
781 3269 884 3345 quietis
906 3268 1018 3326 interim
1040 3267 1160 3336 duabus,

107 3386 297 3452 oppugnaret.¹
334 3376 435 3433 Prima
455 3394 523 3450 pars
548 3395 635 3450 quum
658 3375 761 3433 adorta
783 3393 951 3451 oppugnare
972 3382 1056 3442 esset,
1078 3380 1192 3432 atrox6

108 3502 179 3539 sane
202 3494 230 3540 et
251 3501 358 3557 anceps
380 3481 511 3557 proelium
532 3480 601 3551 fuit3
624 3501 681 3538 non
703 3483 808 3553 subire,
829 3501 887 3537 non
910 3480 1005 3537 scalas
1028 3478 1103 3535 ferre
1125 3478 1162 3534 ad

109 3607 206 3645 muros
228 3608 288 3664 prae
308 3588 497 3645 incidentibus
518 3587 581 3644 telis
602 3586 688 3644 facile
709 3596 783 3656 erat3
819 3587 904 3643 etiam
935 3587 983 3660 qui
1012 3592 1190 3645 erexerant?

107 3695 145 3751 ad
168 3713 279 3751 murum
303 3694 406 3764 scalas,
429 3694 476 3750 alii
497 3694 585 3752 furcis
607 3695 644 3751 ad
665 3693 695 3750 id
716 3694 809 3769 ipsum
824 3690 908 3749 lactis
929 3693 1161 3757 denudabantur,

108 3801 138 3856 in
160 3800 233 3857 alios
256 3800 316 3875 lupi
338 3819 461 3875 superne
482 3801 567 3858 ferrei
587 3801 701 3868 iniecti,
734 3808 765 3866 ut
786 3801 814 3856 in
836 3797 962 3874 periculo
986 3808 1093 3869 essent,
1125 3816 1161 3853 ne

107 3907 238 3981 suspensi
277 3906 306 3961 in
340 3924 453 3962 murum
486 3909 712 3964 extraherentur.
761 3905 846 3978 Quod
883 3905 933 3961 ubi
961 3904 1192 3961 animadvertit8
