2700 4426
409 155 486 206 Liber
502 157 630 209 XXVIII.
667 157 715 220 (A.
726 154 774 206 ch.
790 158 864 217 206.)
1062 159 1120 216 149

105 341 170 397 cius
194 361 280 416 quam
302 362 338 399 ex
360 361 439 399 more
460 353 488 399 et
509 344 650 400 modestia
669 343 786 399 militari
801 351 872 412 eret,
893 353 921 398 et
942 343 978 399 ab
996 341 1163 399 custodibus

106 447 217 521 probra
238 447 267 503 in
289 449 493 506 circumeuntes
513 449 626 525 vigilias
641 448 771 505 tribunos
784 449 870 517 iacta,
893 456 921 504 et
940 456 1026 505 noctu
1044 447 1162 520 quidam

105 553 268 626 praedatum
298 555 327 610 in
353 573 454 630 agrum
476 557 553 614 circa
573 566 709 630 pacatum
731 555 839 624 ierant3
871 564 1017 631 postremo
1038 552 1162 610 interdiu

107 675 144 712 ac
172 659 322 733 propalam
351 661 412 718 sine
440 670 601 718 commeatu
624 662 661 718 ab
683 661 771 736 signis
794 661 921 717 abibant.
969 657 1076 717 Omnia
1098 658 1192 724 libi-9

63 816 68 824 ,
104 763 176 819 dine
204 783 238 821 ao
259 765 374 823 licentia
398 767 534 838 militum,
553 767 638 855 'nihil
658 768 787 824 instituto
810 776 860 824 aut
881 766 1030 841 disciplina
1055 764 1162 821 militiae

105 881 160 925 aut
185 870 305 945 imperio
331 891 446 944 eorum,
478 874 528 948 qui
554 883 705 948 praeerant,
726 875 888 949 gerebatur.
935 871 1045 928 Forma
1066 879 1163 926 tamen
1178 876 1213 930 10

108 977 307 1034 Romanorum
335 988 493 1037 castrorum
516 980 668 1037 constabat
688 999 747 1036 une
778 999 813 1036 ea
840 998 890 1048 re,
925 977 1002 1050 quod
1031 976 1163 1033 tribunos

104 1100 146 1136 ex
173 1082 344 1156 contagione
376 1084 483 1142 suroris
510 1085 587 1142 haud
614 1095 747 1165 expertes
769 1084 915 1143 seditionis
937 1081 1163 1155 defectionisque

106 1188 165 1244 rati
185 1187 256 1261 fore,
280 1200 308 1247 et
327 1191 392 1247 iura
405 1192 525 1248 reddere
544 1192 575 1248 in
596 1192 742 1268 principiis
764 1192 895 1249 sinebant
927 1198 956 1245 et
982 1189 1095 1262 signum
1125 1189 1162 1245 ab

105 1295 150 1350 eis
171 1297 307 1369 petebant
336 1307 365 1353 et
393 1298 422 1354 in
444 1299 582 1355 stationes
604 1317 638 1356 ec
658 1299 772 1372 vigilias
792 1297 822 1352 in
845 1296 944 1352 orbem
965 1294 1060 1362 ibaut;
1082 1303 1110 1350 et
1132 1304 1164 1349 ut
1179 1300 1212 1353 ll

107 1400 166 1456 vim
196 1400 309 1475 imperii
339 1403 531 1473 abstulerant,
562 1405 603 1462 ita
633 1405 758 1480 speciem
780 1404 856 1460 dicto
878 1401 1055 1478 parentium,
1086 1400 1162 1456 ultro

105 1506 163 1562 sibi
184 1506 378 1581 imperantes,
409 1511 572 1566 servabant.
619 1511 725 1585 Erupit
746 1509 847 1566 deinde
868 1506 986 1577 seditio,
1006 1515 1161 1581 postquam
1180 1510 1214 1565 12

105 1612 317 1686 reprehendere
350 1623 436 1689 atque
467 1615 632 1691 improbare
658 1617 788 1673 tribunos
815 1633 866 1685 ea,
903 1631 966 1688 quae
986 1613 1102 1680 flerent,
1135 1621 1163 1667 et

104 1718 208 1774 conari
240 1720 354 1776 obviam
387 1721 429 1777 ire
462 1732 489 1778 et
519 1722 671 1797 propalam
699 1723 841 1792 abnuere,
872 1717 978 1777 furoris
1006 1734 1104 1792 eorum
1132 1733 1164 1771 se

108 1822 221 1879 futuros
239 1824 343 1896 socios,
371 1836 528 1883 senserunt.
576 1827 698 1902 Fugatis
719 1829 817 1902 itaque
838 1846 852 1883 e
872 1823 1017 1902 principiis
1040 1840 1074 1879 ac
1097 1831 1163 1896 post
1180 1827 1214 1882 13

108 1930 196 2004 paulo
231 1950 247 1986 e
282 1932 383 1988 castris
408 1932 546 2002 tribunis,
579 1933 617 1989 ad
647 1933 790 2007 principes
817 1931 980 2000 seditionis,
1013 1928 1163 2004 gregarios

108 2037 227 2107 milites,
256 2034 288 2093 C.
307 2036 427 2093 Albium
449 2034 586 2094 Calenum
610 2047 639 2094 et
663 2036 696 2095 C.
717 2036 834 2094 Atrium
856 2035 1016 2105 Umbrum,
1037 2035 1163 2091 delatum

107 2144 235 2200 omnium
270 2160 410 2198 consensu
436 2141 586 2216 imperium
614 2152 671 2213 est;
707 2144 756 2219 qui
794 2160 978 2217 nequequam
1006 2140 1163 2197 tribuniciis
1179 2144 1215 2198 14

108 2249 234 2305 contenti
249 2240 433 2318 ornamentis,
454 2248 578 2324 insignia
596 2250 682 2315 etiarn
707 2249 811 2306 summi
828 2247 949 2321 imperii,
970 2246 1064 2304 fasces
1083 2264 1163 2303 secu·

106 2373 226 2428 resque,
259 2363 411 2410 attrectare
441 2355 518 2424 ausi3
550 2375 644 2430 neque
673 2356 752 2413 venit
780 2355 809 2411 in
837 2362 970 2421 mentem,
996 2353 1056 2410 suis
1076 2353 1164 2429 tergis

106 2461 226 2533 suisque
255 2460 412 2516 cervicibus
434 2461 531 2534 virgas
554 2460 619 2518 illas
640 2477 812 2533 securesque
832 2457 997 2527 imminere,
1031 2477 1103 2532 quas
1125 2458 1163 2514 ad

108 2575 215 2620 metum
252 2564 373 2620 aliorum
406 2563 581 2637 praeferrent.
639 2568 722 2623 Mors
762 2564 905 2638 Scipionis
943 2561 1018 2619 falso
1054 2565 1163 2620 credita
1180 2569 1215 2622 15

106 2669 272 2725 occaecabat
305 2668 433 2738 animos,
471 2671 524 2726 sub
564 2671 642 2728 cuius
674 2671 823 2745 vulgatam
860 2687 929 2724 mox
964 2667 1073 2725 famam
1105 2666 1163 2726 non

108 2775 279 2831 dubitabant
298 2781 387 2829 totam
412 2773 584 2849 Hispaniam
608 2794 738 2832 arsurem
760 2775 853 2843 bello,
882 2774 910 2830 in
934 2793 967 2829 eo
990 2773 1111 2829 tumultu
1134 2784 1162 2830 et
1180 2781 1215 2836 16

106 2882 193 2938 sociis
216 2879 352 2955 pecunias
371 2878 507 2954 imperari
538 2892 566 2937 et
587 2881 671 2956 diripi
692 2881 870 2955 propinquas
893 2880 978 2936 urbes
1000 2897 1099 2954 posse;
1135 2891 1163 2936 et

107 2988 229 3045 turbatis
251 2987 354 3053 rebus,
391 3004 478 3059 quum
501 2987 597 3043 omnia
618 3005 716 3044 omnes
739 2987 893 3056 auderent,
924 2986 1016 3042 minus
1038 2986 1162 3061 insignia

106 3094 179 3164 fore,
202 3111 265 3167 quae
285 3092 340 3166 ipsi
355 3090 497 3151 fecissent.
544 3091 638 3164 Quum
662 3092 734 3150 alios
756 3092 876 3148 subinde
896 3102 1024 3148 recentes
1045 3093 1161 3149 nuntios
1214 3087 1258 3156 25

55 3198 64 3224 s
106 3220 165 3256 non
187 3199 287 3256 mortis
309 3198 405 3265 modo,
419 3197 470 3253 sed
491 3197 577 3253 etiam
597 3197 704 3254 funeris
722 3208 929 3274 exspectarent,
950 3216 1043 3272 neque
1060 3216 1162 3273 super-

106 3307 216 3362 veniret
246 3304 413 3379 quisquam,
451 3313 690 3377 evanesceretque
720 3314 827 3362 temere
854 3313 933 3362 ortus
954 3323 1068 3373 rumor,
1101 3313 1160 3360 tum

106 3410 192 3484 primi
221 3418 352 3466 auctores
379 3410 486 3484 requiri
517 3409 616 3482 coepti3
649 3418 677 3465 et
708 3411 893 3467 subtrahente
915 3430 946 3467 se
968 3428 1098 3484 quoque,
1130 3409 1193 3466 ut2

108 3516 260 3572 credidisse
281 3516 376 3589 potius
401 3525 508 3571 temere
532 3533 617 3589 quam
632 3516 750 3572 finxisse
769 3535 829 3574 rem
846 3516 934 3572 talem
945 3516 1036 3572 videri
1052 3527 1159 3590 posset,

105 3621 233 3678 destituti
263 3621 349 3676 duces
376 3621 433 3676 iam
464 3638 518 3676 sua
547 3621 602 3696 ipsi
632 3621 755 3697 insignia
790 3632 818 3678 et
848 3640 902 3696 pro
934 3639 1011 3678 vena
1038 3620 1163 3695 imagine

107 3726 228 3800 imperii,
252 3727 328 3799 quod
350 3734 489 3800 gererent,
511 3744 610 3782 veram
631 3725 793 3801 iustamque
815 3745 884 3783 mox
907 3726 936 3782 in
960 3746 991 3783 se
1013 3745 1161 3784 versuram

106 3840 278 3906 potestatem
303 3833 468 3889 horrebant.
516 3831 655 3906 Stupente
689 3832 730 3887 ita
757 3831 914 3902 seditione,
947 3851 1033 3906 quum
1063 3833 1192 3894 vivere3

104 3938 217 4012 primo,
256 3956 324 3993 mox
351 3938 437 3994 etiam
458 3937 556 3994 valere
586 3924 750 4011 Scipionem
772 3937 842 3994 certi
863 3947 995 3996 auctores
1017 3938 1162 4008 afferrent,
