2700 4426
386 141 464 190 aseer
481 141 594 191 xxvn.
632 139 824 206 (aenaea.)
1052 149 1086 204 at

67 344 165 382 coram
199 324 312 393 Fabio,
350 322 520 381 defendente
553 324 633 398 ipso,
671 342 744 398 quos
782 336 898 400 ceperat
930 326 1034 398 armis,
1067 328 1131 386 aliis

66 429 185 488 infensis
227 439 256 485 at
295 428 440 503 plerisque
483 430 664 502 aequantibus
704 448 754 488 eos
794 430 1010 506 Campanorum
1047 450 1132 490 noxae

66 552 223 609 poenaque.
271 533 395 591 Senatus
418 533 579 591 consultum
601 535 630 590 in
652 536 823 593 sententiam
847 535 897 593 Μ’.
913 536 1001 593 Acilii
1022 535 1161 596 factum2

67 651 126 710 est,
165 648 196 696 ut
223 639 361 713 oppidum
394 638 528 712 praesidio
561 639 753 696 custodiretur
788 641 997 714 Tarentinique
1030 660 1130 699 omncs
1163 705 1171 713 ,

65 746 142 802 intra
164 744 271 801 moenia
287 743 509 812 continerentur,
531 761 578 800 res
599 727 713 819 integra
727 755 832 819 postea
854 744 1018 815 referretur,
1042 764 1129 820 quum

66 851 249 925 tranquillior
286 857 378 905 status
411 847 503 904 Italiae
530 856 615 906 esset.
663 847 703 905 Et
734 851 769 907 de
799 851 840 907 M.
870 851 965 921 Livio,
991 850 1160 925 praefect03

66 957 141 1013 arcis
161 954 336 1022 Tarentinae,
352 952 432 1008 haud
449 954 561 1009 minore
575 953 732 1010 certamine
754 965 848 1012 actum
867 964 919 1025 est,
935 956 999 1013 aliis
1013 967 1130 1014 senatus

65 1061 197 1118 consulto
219 1058 385 1116 notantibus
406 1056 588 1132 praelectum,
623 1059 700 1130 quod
731 1058 791 1115 sius
813 1060 948 1116 socordia
969 1063 1128 1118 Tarentum
1184 1053 1186 1058 ’

64 1166 211 1240 proditum
240 1164 318 1221 hosti
348 1142 440 1234 esset,
479 1163 543 1219 aliis
571 1163 691 1236 praemia
718 1165 945 1236 decernentibus,
973 1167 1050 1240 quod
1078 1172 1160 1241 perd

66 1271 290 1344 quinquennium
324 1287 419 1324 arcem
452 1253 562 1324 tutatus
596 1278 688 1339 esset,
726 1270 910 1344 maximeque
949 1272 1032 1328 unius
1068 1272 1129 1329 eius

28 1439 38 1443 ψ
65 1394 155 1448 opera
176 1385 323 1449 receptum
347 1374 506 1429 Tarentum
531 1373 622 1445 foret,
644 1373 745 1430 mediis
771 1375 979 1445 adcensores,
1010 1394 1069 1432 uon
1091 1378 1160 1434 adb

64 1489 195 1537 senatum
219 1479 366 1537 notionem
389 1478 425 1534 de
447 1496 481 1532 eo
505 1479 649 1552 pertinere
671 1479 849 1549 dicentibus,
878 1481 959 1536 cuius
980 1482 1129 1538 sententia

64 1594 94 1640 et
114 1584 225 1641 Fabius
244 1583 308 1642 fuit.
355 1583 472 1640 Adiecit
493 1592 605 1653 tamen,
627 1584 713 1641 fateri
735 1603 780 1654 se,
804 1603 894 1658 opera
916 1584 992 1641 Livii
1015 1587 1128 1642 Taren·

62 1699 124 1746 tum
154 1697 316 1763 receptum,
354 1690 432 1762 quod
461 1688 546 1744 amici
574 1689 635 1745 eius
664 1689 753 1762 vulgo
783 1689 812 1745 in
833 1699 936 1746 senatu
958 1691 1127 1759 iactassent3

62 1795 252 1868 nequeenim
275 1794 471 1868 recipiundum
494 1792 593 1862 fuisse,
615 1793 668 1854 nisi
692 1794 828 1850 amissum
851 1794 934 1851 foret

148 1897 306 1956 Consulum
344 1899 417 1955 alter
448 1900 485 1957 T.
518 1889 669 1971 Quinctius
702 1897 851 1973 Crispinus
889 1901 926 1956 ad
962 1899 1159 1970 exercitum,'6

64 2023 148 2078 quem
172 2004 208 2077 Q.
232 2004 354 2060 Fulvius
377 2004 500 2060 Flaccus
521 2005 680 2075 babuerat,
708 2023 772 2060 curn
796 2006 996 2079 supplemento
1018 2004 1047 2060 in
1069 2005 1129 2062 Lu·

63 2129 152 2168 canos
175 2117 218 2166 est
238 2108 393 2183 profectus.
440 2108 611 2166 Marcellum
629 2109 692 2166 aliae
708 2118 795 2183 atque
812 2111 877 2169 aliae
894 2109 1014 2166 obiectae
1030 2109 1128 2166 animo
1143 2115 1159 2168 7

62 2216 216 2290 religiones
238 2215 392 2283 tenebant,
425 2213 454 2268 in
484 2196 588 2288 quibus
611 2216 707 2289 quod,
741 2234 828 2289 quum
852 2216 928 2272 bello
951 2214 1067 2272 Gallico
1091 2215 1128 2271 ad

63 2320 239 2377 Clastidium
255 2319 344 2375 aedem
369 2319 486 2375 Honori
513 2328 542 2375 et
562 2320 672 2377 Virtuti
694 2320 839 2390 vovisset,
862 2319 1004 2376 dedicatio
1026 2318 1087 2375 eius
1110 2338 1128 2375 a

62 2427 245 2500 pontificibus
267 2423 487 2498 impediebatur,
511 2424 589 2497 quod
611 2426 758 2499 negabant
781 2444 868 2482 unam
891 2425 1159 2483 cellamducbus8
1249 2443 1252 2449 ·

24 2527 140 2588 ”recte
162 2529 304 2599 dedicari,
334 2529 418 2601 quia,
451 2529 476 2583 si
498 2529 534 2585 de
552 2530 626 2586 caelo
649 2539 728 2587 tacta
749 2540 800 2586 aut
821 2530 945 2605 prodigii
967 2530 1076 2603 aliquid
1098 2530 1127 2586 in

62 2654 99 2690 ea
120 2632 228 2689 facturn
252 2642 341 2701 esset,
364 2630 487 2688 difficilis
512 2634 677 2706 procuratio
699 2633 789 2702 foret,
813 2635 900 2707 quod,
922 2634 979 2690 utri
1005 2635 1059 2690 deo
1081 2640 1158 2694 res9

63 2737 162 2793 divina
183 2739 284 2805 fieret,
312 2736 379 2792 sciri
400 2754 458 2792 non
480 2748 593 2810 posset3
615 2739 805 2811 nequeenim
829 2738 942 2793 duobus
966 2737 1021 2792 nisi
1043 2738 1128 2793 certis

62 2844 123 2899 deis
144 2843 199 2898 rite
221 2861 279 2898 una
300 2841 396 2898 hostia
417 2841 488 2899 fieri.
538 2843 585 2899 Ita
611 2842 710 2899 addita
732 2842 856 2897 Virtutis
886 2841 961 2896 aedes
984 2860 1127 2915 apprope-

61 2956 126 3004 rato
162 2966 264 3022 opere;
299 2965 393 3020 neque
428 2957 526 3003 tamen
558 2948 595 3003 ab
630 2947 694 3021 ipso
725 2947 800 3002 aedes
828 2964 869 3002 eae
892 2945 1029 3001 dedicatae
1051 2952 1126 3003 sunt.

61 3055 138 3110 Tum
161 3053 276 3110 demum
300 3053 337 3123 ad
360 3051 534 3120 exercitum,
568 3069 653 3124 quem
686 3051 783 3126 priore
804 3069 880 3107 anuo
902 3050 1039 3106 Venusiae
1061 3048 1125 3105 reli·
1143 3051 1177 3107 10

61 3165 172 3230 querat,
194 3174 258 3211 cum
274 3156 485 3229 'supplemento
512 3156 712 3230 proficiscitur.

145 3262 255 3317 Locros
288 3259 317 3314 in
349 3258 469 3315 Bruttiis
499 3259 649 3334 Crispinus
683 3279 853 3336 oppugnare
889 3267 1025 3328 conatus,
1049 3257 1125 3330 ‘quia
1142 3257 1173 3311 ll

60 3383 196 3439 magnam
234 3365 344 3421 famam
381 3364 512 3421 attulisse
542 3365 638 3422 Fabio
676 3367 836 3423 Tarentum
872 3364 1004 3432 rebatur,
1031 3377 1126 3418 'omne

61 3488 152 3543 genus
181 3476 387 3526 tormentorum
418 3470 676 3543 machinarumque
697 3488 734 3526 ex
757 3469 857 3528 Sicilia
878 3465 1064 3535 a1·cessierat;
1097 3475 1125 3523 et

61 3593 151 3630 naves
173 3574 298 3631 indidem
321 3575 419 3634 accitas
441 3582 539 3644 erant,
575 3593 638 3648 qum
659 3583 826 3649 vergentem
851 3575 888 3630 ad
910 3590 990 3629 mare
1011 3580 1124 3645 partem

61 3679 141 3735 urbis
164 3688 374 3753 oppugnarent.
421 3679 467 3736 Ea
490 3679 596 3736 omissa
621 3680 799 3754 oppugnatio
816 3688 868 3748 est,
890 3677 959 3751 quia
974 3675 1123 3734 Lacinium
1141 3676 1176 3731 12

60 3784 211 3841 Hannibal
243 3783 414 3841 admoveret
445 3782 561 3859 copias,
594 3793 622 3840 et
656 3784 797 3858 collegam
830 3784 965 3840 eduxisse
997 3783 1055 3841 iam
1087 3784 1124 3838 ab

60 3889 191 3945 Venusia
219 3889 375 3947 exercitum
403 3887 483 3945 fama
505 3893 585 3959 e'rat,
619 3887 665 3946 cui
686 3889 822 3962 coniungi
845 3888 970 3946 volabat.
1020 3890 1125 3962 Itaque
1141 3883 1175 3941 13
