2700 4426
343 154 421 203 Liber
432 154 533 203 XXVI.
571 154 618 218 (A.
632 153 681 204 ch.
697 156 859 218 all-210.)
879 147 881 154 ’
1046 160 1081 215 31

62 348 92 396 et
123 355 319 397 successorem
353 337 462 394 venire·
483 339 519 397 P.
552 337 724 412 Sulpicium3
761 346 887 395 ceterum
918 338 1053 394 diuturno
1086 338 1127 395 ibi

62 445 165 502 morbo
187 443 341 518 implicitus
363 443 455 498 serius
476 460 528 517 spe
550 443 678 499 omnium
702 445 827 500 Romam
851 441 938 503 venit.

146 551 190 608 M.
217 548 374 607 Marcellus
405 566 492 621 quum
525 548 621 604 idibus
653 548 770 605 Martiis
802 549 982 606 consulatum
1016 543 1156 619 inisset,5

62 663 194 714 senatum
219 675 254 712 eo
276 655 323 712 die
345 653 433 712 moris
454 653 542 710 modo
565 670 655 708 causa
676 654 794 725 habuit,
816 654 980 729 professus,
1001 653 1072 711 nihil
1094 623 1304 745 sestffdrbi

62 764 182 820 absente
203 761 316 836 collega
337 777 430 832 neque
452 758 488 813 de
509 775 541 813 re
563 757 680 831 publica
701 777 795 833 neque
817 760 853 815 de
874 759 1030 834 provinciis
1047 771 1126 820 actu·
1168 735 1173 743 ι
1327 748 1330 754 ’

61 886 135 924 rum.
172 865 268 942 ‘Scire
289 883 330 934 se,
357 863 521 937 frequentes
544 862 658 921 Siculos
679 883 772 938 prope
793 865 895 920 urbem
921 864 951 920 in
978 865 1053 922 villis
1075 858 1158 924 ob·6

62 979 250 1028 tractatorum
265 988 384 1027 suorum
403 987 479 1038 esse;
502 968 607 1042 quibus
628 976 740 1028 tantum
763 971 866 1026 abesse
889 979 921 1026 nt
942 990 994 1045 per
1015 991 1047 1029 se
1069 992 1127 1031 non

61 1077 148 1134 liceat
169 1077 267 1151 palam
289 1076 391 1132 Romae
412 1073 533 1131 crimina
557 1072 663 1150 [edit-a]
685 1075 754 1131 ficta
782 1077 818 1132 ab
845 1075 968 1133 inimicis
997 1078 1127 1153 vulgare,

62 1192 103 1252 ut,
125 1182 154 1239 ni
177 1180 353 1250 simularent,
376 1179 501 1265 aliquem
524 1180 579 1235 sibi
600 1181 733 1236 timorem
753 1181 872 1237 absente
888 1183 1000 1258 collega
1014 1180 1155 1242 dicendi7

63 1289 100 1345 de
129 1287 246 1344 consule
278 1304 355 1356 asse,
389 1286 452 1359 ipse
485 1285 526 1341 eis
560 1286 705 1358 externplo
735 1287 854 1343 daturus
876 1297 1007 1345 senatum
1031 1289 1127 1350 fiterit.

63 1394 123 1453 Ubi
146 1391 261 1466 quidem
292 1391 405 1464 collega
434 1390 576 1456 venisset,
610 1408 668 1445 non
693 1408 847 1464 passurum
870 1391 1024 1465 quicquam
1047 1395 1126 1467 prius

63 1499 120 1574 agi,
142 1516 229 1571 quam
253 1505 285 1552 ut
305 1494 394 1553 Siculi
413 1494 442 1549 in
457 1502 588 1550 senatum
603 1494 829 1552 introducantur.
873 1496 1019 1553 Dilectum
1036 1494 1157 1574 propess

63 1605 144 1665 aM.
167 1601 303 1659 Cornelio
324 1619 377 1675 per
397 1607 489 1655 totam
513 1598 641 1657 Siciliam
663 1600 809 1670 habitum,
840 1610 872 1657 ut
903 1602 1127 1676 quamplurimi

63 1717 195 1783 questum
218 1708 254 1763 de
276 1725 307 1762 se
327 1707 454 1762 Romam
477 1705 622 1774 venirent3
655 1706 776 1762 eundem
798 1705 901 1762 litteris
923 1703 1004 1761 falsis
1027 1707 1127 1764 urbem

61 1814 206 1889 implesse,
241 1811 349 1868 bellum
376 1811 405 1867 in
439 1809 538 1868 Sicilia
553 1828 646 1879 esse,
680 1817 713 1865 ut
744 1796 826 1866 suam
860 1809 976 1866 laudem
1008 1812 1128 1869 minuat.

62 1918 209 1977 Moderati
230 1916 318 1975 animi
340 1915 463 1990 gloriam
486 1933 521 1972 eo
544 1915 590 1971 die
610 1916 731 1989 adeptus
747 1915 848 1970 consul
863 1924 994 1971 senatum
1011 1912 1158 1988 dimisit,9

62 2044 99 2083 ao
122 2043 214 2100 prope
236 2021 374 2080 iustitium
398 2019 527 2076 omnium
553 2037 648 2076 rerum
680 2018 808 2076 futurum
834 2019 1002 2090 videbatur,
1036 2020 1129 2077 donec

62 2129 137 2186 alter
158 2127 260 2185 consul
275 2127 319 2183 'ad
341 2128 441 2183 urbem
467 2124 602 2181 venisset.

145 2232 254 2301 Otium,
276 2241 307 2288 ut
328 2232 410 2302 solat,
433 2230 571 2289 excitavit
591 2228 684 2303 plebis
706 2249 845 2288 rumores.
890 2231 966 2288 Belli
989 2229 1128 2287 diuturni·
1144 2216 1179 2271 ¹⁰

60 2347 150 2396 tatem
173 2345 202 2393 et
223 2346 355 2394 vastatos
377 2354 464 2410 agros
486 2337 564 2394 cirea
585 2337 696 2405 urbem,
717 2354 776 2409 qua
797 2336 904 2394 infesto
926 2337 1041 2411 agmine
1061 2337 1131 2393 isset
1169 2355 1172 2358 ⁴

61 2441 226 2514 Hannibal,
262 2443 433 2499 exhaustam
464 2441 615 2498 dilectibus
643 2440 759 2498 Italiam
790 2450 818 2498 et
849 2461 942 2517 prope
975 2442 1129 2517 quotannis

62 2565 152 2604 oaesos
175 2549 318 2605 exercitus
341 2549 543 2622 querebantur,
566 2554 595 2602 et
617 2545 748 2602 consules
770 2547 923 2604 bellicosos
945 2549 1031 2604 ambo
1050 2546 1129 2603 viros
1145 2530 1177 2585 ¹¹

62 2669 203 2726 acresque
223 2653 308 2709 nimis
332 2662 360 2709 et
380 2650 492 2707 feroces
515 2659 646 2719 creatos,
681 2653 730 2723 qui
759 2651 806 2707 vel
828 2652 858 2708 in
880 2670 952 2727 paee
974 2650 1130 2724 tranquilla

61 2755 168 2813 bellum
181 2758 309 2813 excitare
320 2765 446 2831 possent,
468 2758 575 2813 nedum
586 2757 615 2812 in
630 2755 706 2812 bello
718 2747 863 2830 respirare
875 2755 1019 2812 civitatem
1034 2755 1129 2812 forent

61 2862 186 2935 passuri.
230 2861 388 2936 Interrupit
402 2863 456 2918 hos
472 2879 619 2918 sermones
634 2869 728 2930 nocte,
747 2879 812 2934 quae
826 2860 919 2935 pridie
930 2861 1129 2934 Quinquatrus
1181 2837 1224 2908 ῃ

61 2963 125 3036 fuit,
147 2966 276 3040 pluribus
298 2966 384 3023 simul
400 2966 473 3023 locis
490 2967 567 3023 circa
581 2964 676 3021 forum
692 2965 856 3022 incendium
873 2975 977 3023 ortum.
1014 2956 1160 3022 Eodem2
1225 3030 1229 3035 p

62 3079 193 3146 tempore
215 3081 325 3146 septem
347 3072 484 3143 tabernae,
516 3091 581 3146 quae
598 3079 702 3146 postea
724 3071 865 3150 quinque,
897 3078 926 3126 et
950 3071 1130 3145 argentariae,

64 3193 128 3249 qnae
150 3194 227 3233 nunc
247 3196 331 3234 novae
355 3177 546 3252 appellantur,
570 3195 682 3246 arsere3
711 3179 922 3252 comprehensa
943 3184 1046 3250 postea
1070 3171 1159 3249 pri-3

63 3291 133 3338 vata
156 3282 277 3340 aedificia
298 3281 405 3358 (neque
428 3282 502 3339 enirn
526 3292 586 3339 tum
609 3280 736 3338 basilicae
768 3281 880 3354 erant),
914 3281 1130 3355 comprehensae

62 3387 209 3444 lautumiae
231 3387 385 3461 forumque
405 3386 592 3460 piscatorium
610 3395 637 3443 et
659 3386 764 3443 atrium
783 3386 910 3460 regium
932 3386 1008 3442 aedes
1031 3381 1160 3442 Vestae4

62 3491 114 3548 vix
146 3491 266 3550 defensa
293 3501 337 3548 est
366 3491 502 3547 tredecim
535 3491 662 3547 maxime
696 3509 846 3548 servorum
881 3510 986 3565 opera,
1020 3491 1069 3564 qui
1100 3490 1130 3548 in

63 3598 208 3673 publicum
230 3597 371 3673 redempti
394 3615 429 3654 ao
450 3595 619 3652 manumissi
649 3605 724 3651 sunt.
781 3596 878 3652 Nocte
910 3614 944 3653 ao
981 3595 1026 3650 die
1061 3590 1160 3651 con-5

63 3703 205 3760 tinuatum
229 3703 390 3760 incendium
417 3700 486 3770 fuit,
520 3718 574 3756 nec
603 3699 654 3756 ulli
683 3699 802 3758 dubium
833 3709 912 3767 erat,
943 3701 1072 3756 humana
1100 3698 1130 3754 id

63 3807 167 3866 fraude
188 3791 298 3865 facturn
322 3825 399 3876 esse,
423 3808 501 3880 quod
525 3806 656 3880 pluribus
678 3807 762 3864 simul
784 3805 866 3874 locis,
890 3813 918 3861 et
939 3804 974 3861 iis
999 3802 1129 3873 diversis,

63 3913 145 3988 ignes
167 3915 259 3971 coorti
283 3922 386 3972 essent.
433 3912 538 3985 Itaque
564 3911 664 3967 consul
689 3931 725 3968 ex
750 3889 922 3968 auctoritate
943 3917 1061 3967 senatus
1076 3905 1161 3983 prob*
