2700 4426
434 233 511 284 uuor
528 230 628 283 xxm.
666 233 859 296 (tebbath)
1080 237 1133 292 tes

109 417 224 486 darant,
245 417 496 490 conducerentque
518 434 554 480 ea
574 415 638 491 lege
659 417 831 491 praebenda,
861 434 926 490 quae
948 416 985 475 ad
1018 417 1174 476 exercitum
1193 421 1225 475 tt

110 521 432 596 Hispaniensemopus
453 530 564 590 essent,
592 531 633 590 ut,
661 541 748 596 quum
772 522 894 596 pecunia
916 523 945 578 in
966 522 1069 578 aerario
1091 532 1175 590 esset,

111 626 147 683 iis
167 625 278 700 primis·
290 626 460 683 solveretur.
481 609 484 613 ι
503 627 576 684 Haec
598 635 706 701 praetor
724 628 754 684 in
777 627 912 684 contione
933 625 1040 696 edixit,
1070 635 1095 682 et
1116 645 1174 700 quo
1192 628 1226 684 ts

110 731 156 787 da
177 731 350 803 vestimenta
377 749 412 788 uc
441 730 618 789 frumentum
640 732 829 807 Hispaniensi
851 731 989 789 exercitui
1010 732 1185 807 praebenda,¹

110 839 238 910 quoe'que-
264 836 323 894 elia
341 856 429 912 opus
462 848 558 909 essent
589 832 742 906 navalibus
775 837 877 908 sociis,
910 845 986 894 esset
1016 838 1173 894 locaturus.

111 939 171 999 Ubi
191 959 255 1013 sag
269 941 335 998 dies·
359 943 454 1014 venit,
486 943 524 1000 ad
553 943 771 1000 conducendum
799 951 857 1000 tres
879 944 1032 1013 societates
1054 943 1176 1000 aderant
1218 937 1268 1004 49
1309 965 1312 969 ·

110 1046 259 1104 hominum
292 1046 485 1123 undeviginti,
522 1067 646 1122 quorum
679 1049 737 1105 duo
769 1048 917 1122 postulata
948 1047 1046 1117 fuere,
1078 1049 1205 1114 unum,2

110 1128 142 1209 ul
164 1151 266 1209 militie
283 1159 438 1224 uacarent,
470 1154 538 1211 dum
565 1154 595 1210 in
617 1171 652 1209 eo
682 1152 798 1226 publico
821 1162 932 1224 essent,
965 1152 1102 1221 alterum,
1134 1163 1174 1220 ut,

110 1274 176 1329 quae
207 1257 237 1312 in
269 1275 359 1314 naves
391 1258 610 1332 imposuissent,
647 1259 685 1314 ab
718 1259 843 1315 hostium
877 1257 1113 1332 tempestatisque
1145 1257 1175 1312 vi

109 1361 228 1435 publico
242 1362 380 1436 periculo*
393 1373 497 1419 essent.
542 1364 675 1437 Utroque
691 1363 861 1437 impetrato,
886 1362 1094 1433 conduxerunt,
1116 1363 1173 1436 pri·
1188 1363 1204 1417 3

110 1474 238 1538 vataque
260 1468 382 1540 pecunia
397 1486 443 1524 res
458 1468 575 1542 publica
597 1468 799 1524 administrata
821 1476 872 1524 est.
916 1466 942 1522 li
965 1485 1059 1522 mores
1082 1485 1175 1540 euque

110 1570 217 1627 caritas
240 1573 341 1644 patriae
362 1592 415 1646 per
437 1592 537 1629 omnes
559 1574 674 1665 ordines
703 1574 782 1629 velut
803 1583 903 1631 tenore
923 1591 981 1629 uno
1003 1573 1174 1649 pertinebat.

111 1675 363 1747 Quemadmodum
388 1679 532 1735 conducta
554 1679 651 1735 omnia
666 1696 773 1753 magno
789 1679 885 1735 animo
904 1688 979 1747 sunt,
1001 1678 1042 1733 sic
1061 1680 1205 1734 summat

110 1780 167 1836 tide
195 1780 331 1855 praebita,
362 1801 416 1840 nec
446 1784 600 1856 quicquam
618 1787 734 1858 parcius
755 1784 885 1840 militibus
911 1784 1015 1851 (latum,
1038 1771 1132 1856 quam'
1150 1783 1174 1838 si

104 1904 147 1941 ex
169 1885 308 1960 opulento
330 1888 442 1956 aerario,
465 1897 497 1944 ut
517 1890 673 1963 quondam,
696 1889 849 1947 alerentur.

194 1991 291 2064 Quum
314 1993 343 2050 hi
366 2002 544 2050 commeatus
566 2005 714 2062 venerunt,
732 1982 851 2066 ⁴Iliturgi
875 1991 1012 2067 oppidum
1036 1992 1073 2047 ab
1096 1991 1205 2046 Has-5

110 2097 232 2154 drubale
265 2116 300 2154 ac
332 2099 461 2172 Magone
496 2107 525 2155 et
556 2098 723 2156 Hannibale
755 2097 928 2155 Bomilcaris
958 2096 1032 2156 filio,
1050 2097 1088 2152 ob
1125 2095 1173 2151 de·

107 2200 263 2260 sectionem
287 2201 323 2258 ad
343 2205 493 2261 Romanos
516 2204 749 2279 oppugnabatur.
797 2202 959 2260 Interhaec
981 2202 1056 2257 trina
1078 2206 1204 2258 castrati
1290 2220 1298 2228 ·

107 2306 235 2363 hostium
252 2306 402 2381 Scipiones
418 2327 506 2381 quum
523 2304 552 2365 in
568 2310 668 2365 urbem
683 2309 828 2365 sociorum
845 2325 951 2390 magno
967 2306 1124 2362 certamine
1139 2325 1173 2362 ac

107 2421 207 2486 strage
229 2412 428 2469 obsistentium
451 2414 657 2487 pervenissent,
679 2412 864 2481 frumentum,
887 2413 967 2469 cuius
981 2411 1081 2486 inopia
1102 2421 1173 2477 erat,

108 2519 299 2586 advexerunt,
322 2519 522 2592 cohortatique
547 2519 726 2593 oppidanos,
756 2527 788 2575 ut
806 2518 917 2599 *eodem
944 2517 1042 2572 animo
1068 2516 1203 2573 moenia7

107 2631 286 2692 tutarentur,
317 2643 375 2698 quo
405 2643 459 2699 pro
487 2645 518 2681 se
548 2634 724 2701 pugnantem
755 2624 920 2680 Romanum
944 2621 1101 2678 exercitum
1132 2622 1173 2677 vi-

106 2729 233 2798 dissent,
266 2729 304 2785 ad
338 2738 434 2786 castra
467 2731 595 2787 maxima
628 2727 839 2802 oppugnanda,
872 2727 976 2800 quibus
1007 2719 1175 2783 Hasdrubal

106 2843 249 2909 praerat,
282 2834 398 2893 ducunt.
457 2835 570 2892 Eodem
604 2842 632 2889 et
664 2833 721 2888 duo
743 2832 844 2896 ‚duces
878 2840 906 2887 et
938 2832 995 2888 duo
1032 2832 1205 2887 exercitus8

106 2938 407 3014 Carthaginiensium,
439 2941 479 2996 ibi
503 2958 567 3014 rem
600 2955 744 2994 summam
767 2937 815 3011 agi
839 2945 1003 3017 cernentes,
1033 2956 1174 2994 convene-

104 3055 184 3102 runt.
232 3046 338 3118 Itaque
366 3044 517 3118 eruptione
546 3064 562 3100 e
590 3044 692 3099 castris
720 3052 880 3117 pugnaturn
911 3053 963 3101 est.
1015 3042 1204 3117 Sexaginta9

105 3148 235 3206 hostium
250 3143 353 3209 “niitlia
375 3168 409 3205 eo
432 3150 478 3205 die
499 3149 528 3205 in
550 3167 649 3224 pugna
670 3138 808 3216 fuerunt,
829 3147 954 3204 sedecim
977 3149 1053 3206 circa
1075 3168 1093 3205 α
1115 3151 1174 3206 Ro·

105 3254 217 3324 manis3
238 3263 336 3311 tamen
352 3254 424 3310 adeo
446 3255 526 3311 haud
547 3254 635 3311 dubia
656 3253 779 3310 victoria
800 3253 863 3323 fuit,
885 3263 917 3310 ut
931 3254 1028 3328 plures
1044 3273 1174 3323 numero,
1193 3256 1227 3308 10

105 3377 198 3433 quam
224 3359 279 3434 ipsi
301 3369 392 3430 erant,
416 3357 540 3417 Romani
561 3359 686 3416 hostium
712 3359 877 3430 occiderint,
899 3359 1027 3434 ceperint
1051 3359 1174 3432 amplius
1191 3364 1222 3417 ll

104 3463 166 3520 tria
192 3463 284 3520 millia
310 3464 473 3534 hominum,
503 3465 591 3539 paulo
614 3465 707 3522 minus
731 3465 809 3522 mille
836 3482 991 3538 equorum,
1013 3464 1173 3520 undesexa-

105 3551 191 3643 ginta
216 3568 353 3625 militaria
379 3569 477 3643 signa,
507 3578 618 3644 septem
646 3569 830 3644 elephantos,
860 3569 987 3642 quinque
1016 3569 1044 3625 in
1071 3567 1173 3642 proelio

107 3671 227 3742 occisis3
247 3673 387 3747 trinisque
410 3693 445 3730 eo
468 3673 514 3730 die
535 3675 637 3731 castris
659 3675 743 3749 potiti
764 3684 840 3735 sunt.
888 3673 1003 3747 Iliturgi
1024 3672 1174 3729 obsidione
1192 3676 1227 3730 ta

107 3777 250 3847 liberato,
284 3779 453 3851 edIntibili
485 3779 711 3854 oppugnandum
744 3780 848 3837 Punici
878 3778 1020 3836 exercitus
1041 3778 1174 3846 traducti,

108 3883 249 3957 suppletis
271 3884 362 3958 copiis
388 3904 425 3942 ex
454 3884 621 3959 provincia,
652 3893 683 3940 ut
710 3882 774 3957 'quae
795 3885 922 3941 maxime
947 3883 1085 3952 omnium,
1108 3883 1174 3939 belli
