2704 4552
297 288 335 342 70
573 283 653 335 Liber
670 283 758 338 xxn.
796 285 839 349 (Α.
852 299 876 335 u.
889 300 913 338 c.
929 286 1000 345 1137.)

254 467 398 543 promissa
418 467 505 526 rebus
530 467 718 539 affirmarent,
740 469 893 544 iussosque
914 487 979 526 curn
1008 467 1141 543 pluribus
1164 477 1200 524 et
1226 466 1303 522 alm·

225 573 308 630 ibus
331 572 492 647 principum
514 573 608 630 redire
629 575 667 631 ad
688 592 720 631 se
741 573 857 631 dimisit.
901 575 970 650 Ipse
990 572 1117 649 imperat
1138 573 1225 641 duci,
1250 583 1281 628 ut
1302 614 1304 619 .

253 676 283 734 in
314 690 416 752 agrum
448 676 613 736 Casinatem
645 679 741 750 ducat,
774 680 892 737 edoctus
925 697 944 736 a
968 679 1067 754 peritis
1095 678 1277 753 regionum,
1306 720 1309 723 -

254 801 320 839 eum
349 783 454 840 saltum
484 792 668 858 occupasset,
700 784 808 840 exitum
838 785 974 842 Romano
999 785 1037 840 ad
1061 803 1148 859 opem
1171 783 1277 840 feren·
1290 810 1308 831 a

226 886 341 944 bsociis
372 887 608 958 interclusurum
640 889 692 946 sed
715 889 857 946 Punicum
885 890 1047 947 abhorrens
1079 889 1118 946 ab
1148 889 1268 945 Latino
1289 914 1308 935 ιι

173 981 196 1070 l
255 992 403 1051 nominum
420 995 642 1068 pronuntiatione
663 1013 703 1064 os,
727 993 877 1051 Casilinum
898 1014 952 1069 pro
975 993 1085 1052 Casino
1108 993 1170 1050 dux
1195 1003 1234 1050 ut
1258 1013 1276 1048 a
1295 1024 1306 1043 a

253 1106 344 1173 peret,
365 1096 448 1166 fecit,
470 1114 647 1173 aversusque
671 1100 709 1157 ab
731 1117 784 1158 suo
811 1100 913 1157 itinere
939 1117 992 1174 per
1012 1097 1178 1156 Allifanum
1206 1098 1256 1157 Ca
1278 1100 1304 1147 'v

254 1219 380 1276 numque
413 1211 442 1258 et
464 1200 602 1260 Calenum
636 1223 738 1280 agrum
767 1205 797 1262 in
826 1223 962 1280 campum
984 1201 1135 1261 Stellatem
1164 1203 1304 1262 descend

226 1307 314 1368 7Ubi
338 1326 426 1382 quum
448 1309 593 1366 montibus
618 1309 841 1385 fluminibusque
871 1310 1000 1368 clausam
1026 1308 1177 1383 regionem
1202 1309 1321 1366 circum·
1344 1308 1351 1329 ⁸

244 1405 413 1488 *spexisset,
444 1422 579 1471 vocatum
614 1415 715 1472 ducem
748 1424 951 1490 percontatur,
983 1414 1033 1471 ubi
1061 1421 1207 1472 terrarum
1233 1423 1319 1472 esset.

225 1517 353 1590 SQuum
377 1519 402 1575 is
425 1517 544 1576 Casilini
566 1539 601 1578 eo
623 1520 670 1577 die
693 1537 859 1577 mansurum
882 1537 947 1576 eum
970 1517 1100 1588 dixisset,
1122 1529 1185 1577 111111
1209 1523 1318 1578 demum

256 1624 387 1698 cognitus
412 1633 455 1681 est
476 1643 575 1696 error,
599 1634 628 1682 et
651 1617 790 1682 Casinum
811 1625 897 1700 longe
926 1623 993 1680 inde
1022 1623 1080 1679 alia
1101 1625 1228 1700 regione
1251 1643 1318 1692 esset

226 1729 403 1805 9virgisque
432 1747 506 1788 caeso
538 1729 610 1787 duce
642 1738 671 1786 et
699 1729 737 1786 ad
767 1729 943 1804 reliquorum
977 1738 1119 1787 terrorem
1148 1730 1178 1786 ln
1209 1747 1317 1788 crucan

256 1834 388 1906 sublato,
433 1836 535 1893 eastris
578 1835 776 1906 communitis,
818 1835 1021 1891 Maharbalem
1065 1854 1131 1892 oum
1178 1835 1315 1908 equitibus

210 1946 243 2001 10
256 1939 286 1997 in
322 1957 424 2016 agrum
460 1941 616 1999 Falernum
655 1941 814 2016 praedatum
847 1939 963 1997 dimisit.
1016 1941 1121 2015 Usque
1157 1940 1196 1997 ad
1234 1953 1316 2012 aquas

257 2045 449 2126 Sinuessanas
470 2046 620 2122 populatio
647 2064 683 2102 ea
704 2045 843 2120 pervenit.
890 2047 1040 2122 Ingentem
1063 2019 1193 2114 diadem,
1225 2044 1315 2118 fugam
1344 2046 1352 2147 Ι

210 2159 354 2214 litamen
392 2161 591 2226 terroremque
624 2148 711 2206 latius
744 2149 879 2208 Numidae
909 2149 1052 2221 fecerunt;
1084 2169 1138 2210 nec
1171 2147 1316 2208 tamenis
1344 2154 1352 2265 p

256 2264 360 2324 terror,
382 2274 470 2331 qaum
493 2255 590 2311 omnia
612 2254 687 2311 bello
708 2255 875 2330 flagrarent,
895 2255 952 2312 tide
971 2255 1066 2313 socios
1088 2255 1221 2327 dimovit,
1247 2253 1315 2310 vide·
1346 2268 1352 2357 p

257 2361 324 2418 licet
346 2361 415 2436 quia
442 2361 518 2418 iusto
540 2369 569 2418 et
598 2360 750 2418 moderato
771 2360 947 2434 regebantur
977 2361 1099 2437 imperio
1129 2380 1184 2418 nee
1213 2363 1314 2419 abnue·
1345 2374 1352 2461 Ι

257 2467 337 2535 bant,
360 2466 439 2541 quod
458 2483 546 2522 unum
570 2465 716 2523 vinculum
738 2466 805 2523 fidei
827 2476 880 2536 est,
902 2466 1069 2524 melioribus
1090 2485 1205 2542 parere.

73 2582 75 2584 ’
166 2569 205 2636 14
341 2571 384 2631 Ut
413 2589 499 2640 vero,
529 2578 684 2647 postquam
719 2571 757 2628 ad
786 2571 962 2629 Vulturnum
994 2574 1100 2630 flumen
1131 2580 1230 2629 castra
1261 2579 1314 2626 suut
1347 2598 1352 2701 p

258 2675 369 2752 posita,
396 2677 571 2734 exurebatur
601 2677 812 2734 amoenissimus
840 2677 934 2734 Italiae
961 2696 1032 2754 ager
1056 2675 1192 2752 villaeque
1216 2674 1313 2752 passim
1350 2704 1351 2737 1

257 2781 397 2840 incendiis
418 2781 587 2852 fumabant,
617 2801 669 2857 per
687 2780 766 2857 ⁸iuga
791 2781 910 2839 Massici
941 2783 1045 2839 montis
1067 2782 1164 2839 Fabio
1194 2783 1313 2842 ducents

229 2889 319 2946 2111111
341 2906 433 2963 prope
456 2887 493 2944 de
520 2887 634 2962 integro
658 2886 761 2943 seditio
789 2905 925 2957 accensa3
960 2887 1130 2962 quieverant
1164 2878 1244 2944 enim
1274 2901 1315 2958 per

260 3011 370 3068 paucos
392 2993 468 3064 dies,
498 2993 576 3067 quia,
599 3009 687 3066 quum
710 2990 830 3048 celerius
860 2991 946 3050 solito
969 2994 1085 3049 ductum
1109 3009 1218 3065 agmen
1234 2999 1313 3071 vessct

259 3098 390 3156 festinari
418 3098 455 3154 ad
477 3097 685 3173 prohibendam
713 3095 948 3172 populationibus
971 3095 1165 3170 Campaniam
1193 3095 1314 3154 credide-

230 3207 336 3262 3rant.
379 3202 421 3261 Ut
443 3221 514 3259 vero
542 3203 572 3258 in
594 3210 725 3259 extrema
753 3203 823 3276 iuga
844 3201 963 3259 Massici
994 3200 1100 3256 montis
1130 3211 1268 3270 ventum,
1294 3209 1314 3254 et

261 3307 359 3364 hostes
381 3308 435 3364 sub
464 3307 554 3365 oculis
583 3315 665 3363 erant
688 3306 807 3363 Falerni
834 3307 897 3382 agri
928 3306 1157 3379 colonorumque
1181 3307 1315 3365 Sinuessa

230 3420 338 3473 4teeta
358 3418 487 3480 urentes,
517 3429 570 3468 nec
599 3411 660 3468 nlla
688 3421 750 3468 erat
773 3412 879 3469 mentio
898 3429 1011 3487 pugnas,
1035 3409 1312 3484 „spectatumnuu

260 3514 355 3588 inquit
375 3513 528 3586 Minucius,
553 3518 609 3587 ,ad
630 3535 691 3574 rem
715 3509 867 3574 fruendam
890 3515 989 3587 oculis,
1011 3514 1157 3572 sociorum
1180 3515 1274 3571 caedes
1294 3523 1314 3568 et

260 3618 394 3676 incendia
414 3620 565 3679 venimus?
587 3639 649 3692 nec,
670 3622 695 3678 si
716 3621 822 3678 nullius
844 3620 961 3678 alterius
982 3637 1046 3690 nos,
1067 3637 1104 3674 ne
1126 3619 1235 3676 civium
1261 3617 1314 3694 qui·

262 3723 327 3782 dem
359 3725 462 3782 homm
493 3725 596 3801 pudet,
632 3743 705 3800 quos
742 3725 909 3784 Sinuessam
942 3724 1062 3782 colonos
1094 3732 1195 3799 patres
1234 3721 1314 3781 nostri

232 3827 414 3902 5miserunt,
444 3841 476 3888 ut
502 3832 539 3888 ab
570 3831 701 3896 Samnite
723 3830 807 3887 hoste
838 3839 903 3887 tuta
933 3831 995 3888 haee
1027 3848 1081 3887 ore
1110 3838 1203 3898 esset,
1238 3846 1313 3904 quau

261 3954 337 3994 nune
358 3954 417 3993 non
437 3935 547 3993 vicinus
574 3935 690 3994 Samnis
712 3936 784 4006 urit,
812 3937 863 3993 sed
884 3936 993 3993 Poenus
1022 3935 1145 4004 advena,
1168 3935 1207 4008 ab
1230 3945 1313 3992 extre·

263 4040 316 4097 mis
346 4039 425 4098 orbis
456 4049 599 4098 terrarum
628 4039 756 4098 terminis
789 4049 890 4097 nostra
916 4039 1099 4098 cunctatione
1132 4049 1160 4096 et
1190 4039 1313 4099 socordis
