2704 4552
110 131 138 262 ἢ
154 111 191 339 l
312 185 365 240 160
566 181 646 230 Libat
663 181 764 232 XXIII.
802 183 850 245 (Δ.
865 197 890 232 u.
907 199 928 234 c.
943 141 1019 309 istil)

264 371 470 439 propraetorcm
499 383 562 422 cum
594 364 629 422 iis
657 365 762 440 copiis,
793 383 867 439 quas
893 367 1035 436 habebat,
1065 365 1186 424 Nolam
1214 364 1245 419 in
1265 379 1320 436 pra·

263 471 367 528 sidium
390 470 476 531 misit.
615 465 623 477 ’

170 570 215 638 40
348 577 388 633 Et
420 576 449 632 in
478 569 613 634 Sardinia
639 593 685 632 res
711 593 764 651 par
786 577 825 635 Τ.
847 575 989 632 Manlium
1019 582 1184 650 praetorem
1216 571 1320 630 admini-

265 680 352 736 strari
374 689 483 755 coeptae,
506 698 570 754 quas
593 679 707 736 omissae
729 688 820 751 erant,
842 688 997 755 postquam
1023 678 1060 751 Q.
1085 679 1210 736 Mucius
1230 685 1321 753 prator

234 785 252 840 2
264 786 347 860 gravi
369 787 471 843 morbo
493 795 536 844 est
556 784 720 860 implicitus.
769 785 913 856 Manlius,
938 783 1062 840 navibus
1088 783 1192 858 longis
1220 784 1257 840 ad
1275 781 1319 840 Ca

266 891 341 947 rales
370 891 523 948 subductis
556 891 768 964 navalibusque
799 890 886 947 sociis
919 887 1056 958 armatis,
1087 895 1122 944 ut
1159 897 1242 946 terra
1270 904 1316 944 reu

264 1006 388 1070 gereret,
410 1005 439 1054 et
460 1016 478 1052 a
502 1004 627 1070 praetore
648 995 776 1054 exercitu
798 1002 935 1070 accepto,
966 991 1023 1050 duo
1054 1001 1083 1050 et
1105 993 1216 1067 viginti
1244 993 1321 1050 millis

234 1100 408 1176 3peditum,
434 1100 511 1158 milla
541 1101 679 1158 ducentos
708 1101 819 1174 equites
848 1097 980 1156 confecit.
1027 1096 1101 1155 Cum
1132 1097 1183 1154 his
1207 1099 1316 1172 aquitan

264 1206 451 1280 peditumque
473 1182 562 1282 copiis
584 1205 731 1281 profectus
752 1206 781 1261 in
802 1223 904 1280 agrum
917 1189 1044 1260 hostium
1064 1203 1148 1259 haud
1170 1201 1315 1278 proculab

264 1311 467 1410 Hampsicora
498 1312 600 1370 castris
632 1321 729 1369 castra
757 1310 867 1385 posuit
928 1307 1127 1383 Hampsicora
1163 1315 1228 1363 tum
1254 1304 1313 1363 forts

264 1415 411 1490 profectus
438 1425 501 1472 erat
529 1416 559 1470 in
582 1415 702 1472 Pellitos
731 1414 841 1473 Sardos
871 1414 908 1471 ad
936 1414 1114 1470 iuventutem
1147 1411 1313 1478 armandam,

234 1520 324 1592 4qua
357 1519 457 1593 copias
488 1529 621 1593 augerem
657 1520 733 1577 filius
765 1519 881 1576 nomine
915 1519 1027 1575 Hostus
1058 1517 1163 1574 castris
1198 1525 1312 1592 praerat.

265 1623 295 1678 Is
318 1621 512 1678 adolescentia
522 1619 631 1689 0iercx,
663 1628 772 1706 temere
793 1623 895 1698 proelio
922 1621 1003 1690 inita,
1035 1620 1118 1678 fusus
1140 1620 1326 1696 fugatusque

265 1727 315 1786 Ad
337 1713 394 1782 tria
415 1725 504 1782 millia
519 1726 678 1784 Sardorum
701 1745 736 1783 eo
757 1727 860 1801 proelio
882 1745 966 1796 caesa,
985 1725 1145 1800 octingenti
1164 1725 1254 1782 ferme
1266 1723 1310 1779 vin·

235 1830 354 1906 5capti3
376 1831 450 1888 alius
474 1831 617 1888 exercitus
639 1830 733 1905 primo
755 1848 916 1905 peragras
938 1830 1086 1903 silvasque
1108 1829 1182 1906 iuga
1204 1831 1310 1906 palatus,

264 1937 345 2006 dein,
374 1954 432 2011 quo
464 1936 565 1992 ducem
590 1934 699 2010 fugisse
719 1933 800 1991 fama
821 1944 898 2005 erat,
932 1935 969 1992 ad
990 1935 1091 1991 urbem
1114 1935 1234 1992 nomine
1253 1933 1326 1990 Con

235 2040 343 2110 tinum,
365 2049 453 2115 caput
475 2039 536 2096 eius
561 2039 702 2114 regionis,
732 2039 876 2115 confugia
904 2039 1139 2113 debellatumque
1169 2059 1205 2098 eo
1227 2039 1307 2115 prelia

265 2146 294 2203 in
321 2144 457 2203 Sardinia
481 2153 571 2213 esset,
603 2144 633 2200 ni
664 2143 764 2202 classis
793 2145 906 2202 Punica
932 2164 997 2203 cum
1030 2145 1103 2202 duce
1130 2143 1307 2202 Hasdrubale

266 2267 329 2323 quae
350 2255 522 2323 tempestate
539 2247 650 2306 deiecta
673 2249 711 2304 ad
732 2249 865 2308 Baliares
888 2259 959 2320 erat,
981 2251 1165 2332 in'tempore
1185 2249 1225 2304 ad
1244 2263 1305 2321 spen

236 2352 422 2409 trebellandi
450 2352 623 2411 advenisset.
670 2355 797 2412 Manlius
823 2364 892 2430 post
914 2355 1024 2412 famam
1057 2353 1188 2429 appulsa
1209 2352 1304 2410 Punica

183 2484 185 2488 ¹
265 2458 365 2515 classis
378 2455 497 2528 Carales
512 2476 543 2514 se
557 2459 679 2534 recepit;
694 2479 730 2518 ee
744 2461 859 2518 occasio
874 2461 1076 2536 Hampsicora
1092 2461 1164 2516 data
1179 2467 1223 2515 ast
1232 2459 1304 2514 Poeuo

236 2559 297 2618 8se
316 2561 461 2636 iungendi.
507 2562 685 2633 Hasdrubal,
714 2565 804 2639 copiis
831 2566 861 2622 in
885 2575 992 2622 terram
1015 2563 1156 2637 expositis
1186 2571 1214 2618 et
1233 2563 1304 2617 classe

264 2667 387 2724 remissa
418 2645 647 2740 Carthaginem,
669 2668 742 2726 duce
765 2670 961 2744 Hampsicora
990 2670 1028 2726 ad
1057 2667 1206 2725 sociorum
1226 2661 1304 2740 populi

265 2772 397 2831 Romani
421 2790 524 2846 agrum
557 2771 754 2845 populandum
788 2755 950 2848 profectus,
983 2772 1104 2830 Carales
1136 2779 1303 2848 perventurus

266 2887 345 2948 erat,
376 2878 405 2934 ni
435 2876 561 2932 Manlius
589 2856 676 2934 obuio
700 2878 826 2936 exercitu
858 2881 895 2936 ab
926 2877 1020 2936 effusa
1048 2896 1125 2934 eum·
1138 2874 1302 2953 populatione

235 2975 462 3040 9continuisset.
521 2982 621 3037 Primo
655 2989 751 3038 castra
785 2983 887 3040 castris
919 2982 1034 3040 modico
1066 2980 1220 3038 intervallo
1253 2986 1301 3032 sunt

266 3089 393 3157 obiecta3
416 3085 482 3160 dein
503 3104 556 3159 per
576 3086 810 3159 procursationes
830 3086 907 3144 levia
931 3087 1091 3153 certamina
1112 3086 1197 3142 vario
1220 3089 1300 3140 eventu

265 3191 350 3261 inita;
379 3199 526 3264 postremo
560 3189 729 3246 descensum
763 3190 794 3246 in
823 3190 924 3254 aciem.
977 3177 1075 3264 Signis
1103 3190 1218 3247 collatis
1246 3187 1300 3242 iusto

216 3293 252 3346 10
265 3295 367 3370 proelio
389 3312 443 3368 per
464 3299 601 3365 quattuor
621 3293 709 3350 horas
730 3303 899 3370 pugnatum.
943 3295 1002 3351 Diu
1021 3312 1151 3369 pugnam
1174 3286 1301 3367 ancipitem

266 3401 359 3468 Poeni,
382 3397 483 3456 Sardis
504 3395 590 3453 facile
614 3397 689 3454 vinci
712 3399 848 3468 assuetis,
870 3398 1015 3468 fecerunt3
1044 3408 1194 3474 postremo
1216 3407 1242 3456 et
1257 3392 1302 3469 ipsi.

268 3521 355 3576 quum
389 3502 486 3559 omnia
513 3497 590 3558 circa
619 3511 716 3578 strage
742 3521 777 3560 ac
804 3503 875 3578 fuga
901 3503 1061 3561 Sardorum
1090 3505 1204 3580 repleta
1224 3507 1301 3564 essent,

218 3603 251 3657 ll
266 3605 336 3674 fusi;
356 3615 485 3663 ceterum
508 3615 591 3680 terga
611 3607 712 3664 dantes
734 3607 929 3664 circumducto
956 3620 1060 3676 cornu,
1091 3626 1149 3681 quc
1179 3606 1302 3684 pepulerat

270 3709 396 3780 Sardos,
426 3709 540 3766 inclusit
567 3711 727 3771 Romanus.
778 3709 879 3768 Caedes
907 3711 974 3768 inde
1002 3712 1095 3786 magis
1119 3733 1207 3788 quam
1228 3725 1302 3788 pugna

217 3812 254 3868 12
268 3813 331 3870 fuit.
374 3815 536 3872 Duodecim
563 3815 654 3872 millia
674 3817 799 3874 hostium
822 3835 906 3888 caesa,
929 3815 1088 3875 Sardomm
1112 3817 1197 3874 simul
1221 3818 1302 3874 Penn-

268 3937 407 3991 rumque,
437 3918 528 3975 ferme
550 3920 606 3975 tria
628 3918 718 3976 millia
745 3931 774 3976 et
794 3922 967 3995 septingenti
989 3923 1066 3995 capti
1093 3931 1122 3976 ct
1148 3922 1230 3994 signa
1250 3913 1302 3973 mili·
