2680 4546
298 213 336 268 30
524 207 603 256 nisu
618 205 719 257 xxvr.
757 203 1050 268 (summm-⁵4⁴.)

206 401 241 457 ιο
255 399 349 470 parat.
396 390 547 449 Adversus
569 407 643 464 quos
665 389 854 448 Acarnanum
876 407 962 465 gens,
986 399 1016 445 et
1037 387 1156 444 viribus
1176 386 1258 461 impar
1278 395 1313 444 ct

255 500 312 557 iam
334 496 479 554 OEniadas
502 495 674 570 Nasumque
702 495 810 552 amism
838 512 957 552 cernens
984 496 1189 566 Romanaque
1211 493 1301 565 insuper

255 623 338 662 arma
372 604 524 679 ingruere,
548 601 605 692 'ira
642 599 735 673 magis
768 599 884 656 instruit
924 620 1013 676 quam
1050 597 1194 656 consilio.
1213 598 1301 658 bellun.

207 715 238 770 11
256 709 436 784 Coniugibus
457 707 613 781 liberisque
635 716 664 764 et
684 705 847 764 senioribus
869 725 957 782 super
985 705 1153 780 sexaginta
1179 721 1258 760 annos
1280 703 1302 758 iu

256 814 449 890 propinquam
471 811 594 887 Epirum
616 810 721 881 missis,
743 812 780 868 ab
807 811 969 885 quindecim
991 811 1031 867 ad
1054 809 1217 884 sexaginta
1237 823 1303 864 annua

210 925 244 981 12
257 919 422 989 coniurant,
456 914 510 972 nisi
545 915 670 972 victores
702 933 735 972 se
767 933 826 972 non
859 916 1018 985 redituros3
1052 916 1109 990 qui
1145 916 1235 971 victus
1260 913 1303 968 ac'c

257 1023 443 1091 excessisset,
475 1039 539 1076 eum
562 1037 598 1074 ne
620 1018 685 1092 quis
706 1021 792 1091 urbe,
823 1027 915 1092 tecto,
945 1039 1063 1092 mensa,
1098 1021 1166 1078 lare
1186 1018 1304 1092 reciperet.

257 1128 351 1185 diram
375 1127 602 1184 exsecrationem
623 1125 654 1181 in
674 1124 846 1200 populares,
879 1127 1111 1184 obtestationem
1142 1143 1227 1200 quam
1246 1141 1305 1178 sanc

209 1240 245 1296 13
257 1232 398 1290 tissimum
414 1240 571 1306 potuerunt
585 1230 725 1288 adversus
744 1230 873 1306 hospites
894 1239 1145 1306 composuerunt3
1168 1230 1305 1306 precatique

259 1337 344 1395 simul
364 1337 503 1412 Epirotas
529 1345 610 1405 sunt,
639 1345 685 1403 ut,
717 1335 768 1408 qui
791 1354 908 1394 suorum
930 1339 960 1394 in
983 1337 1046 1394 acie
1069 1335 1254 1402 cecidissent,
1271 1349 1304 1387 ecs

210 1453 245 1507 14
260 1463 317 1500 uno
341 1443 452 1500 tumulo
474 1449 675 1516 contegerent,
701 1439 912 1516 affigerentque
932 1443 1059 1499 humatis
1085 1441 1219 1498 titulum:
1250 1439 1303 1506 ,Hic

258 1549 304 1606 siti
327 1556 394 1604 sunt
415 1548 597 1616 Acarnanes,
625 1547 674 1620 qui
695 1546 836 1602 adversus
858 1547 916 1603 vim
939 1557 1026 1620 atquc
1048 1545 1193 1603 iniuriam
1215 1543 1303 1602 AEtcio·

209 1663 244 1717 15
258 1671 320 1709 rum
354 1670 407 1726 pro
435 1653 531 1725 patria
554 1660 716 1726 pugnantes
739 1659 861 1707 mortem
887 1652 1119 1708 occubuerunt.“
1182 1653 1238 1709 Per
1261 1651 1303 1704 hec

258 1756 384 1814 incitatis
407 1755 526 1824 animis,
559 1766 656 1813 castra
687 1758 717 1814 in
751 1755 886 1814 extremis
915 1755 1020 1811 finibus
1050 1757 1115 1812 suis
1147 1757 1233 1814 obvia
1250 1753 1302 1810 hosti

259 1870 427 1938 posuerunt.
475 1861 593 1918 Nuntiis
615 1863 653 1918 ad
673 1862 841 1938 Philippum
864 1860 973 1931 missis,
1005 1871 1121 1934 quanto
1150 1880 1198 1918 res
1222 1861 1246 1916 in
1264 1859 1302 1912 dis·

260 1967 378 2024 crimine
402 1974 493 2034 essct,
526 1966 659 2024 omittere
680 1967 847 2041 Philippum
870 1967 917 2037 id,
942 1967 1021 2040 quod
1046 1967 1076 2023 in
1100 1968 1235 2024 manibus
1251 1973 1300 2019 eut

261 2077 417 2148 coegerunt
445 2070 567 2141 bellum,
605 2072 826 2147 Iamphorynna
858 2091 911 2147 per
940 2070 1119 2128 deditionem
1155 2079 1301 2146 receptat

210 2180 247 2235 16
260 2195 400 2252 prospero
423 2175 481 2233 alio
503 2192 637 2233 successu
659 2195 767 2237 rerum.
810 2177 978 2234 AEtolorum
1000 2177 1146 2251 impetum
1163 2177 1299 2235 tardarent

260 2282 355 2357 primo
376 2279 583 2338 coniurationis
605 2280 686 2338 fama
709 2283 914 2350 Acarnanicam
936 2282 1039 2338 deinde
1062 2284 1183 2340 auditus
1203 2277 1299 2352 Philippi

212 2392 246 2446 17
261 2388 403 2444 adventus
424 2386 538 2461 regredi
559 2387 646 2444 etiam
668 2387 698 2444 in
717 2387 834 2444 intimos
849 2388 944 2462 coegit
957 2389 1038 2445 fines.
1084 2389 1152 2446 Nec
1167 2387 1297 2460 Philippus.

261 2511 444 2567 quanquam,
475 2511 512 2548 ne
545 2492 776 2567 opprimerentur
807 2494 995 2561 Acarnanes,
1027 2493 1183 2550 itineribus
1215 2487 1298 2562 magnis

260 2598 343 2668 ierat,
366 2597 443 2653 ultra
463 2597 554 2654 Dium
577 2606 621 2654 est
641 2615 827 2672 progressus3
846 2596 923 2665 inde,
946 2615 1034 2671 quum
1058 2599 1190 2656 audisset
1202 2595 1295 2653 reditun

260 2703 429 2760 AEtolorum
454 2721 491 2759 cx
512 2703 691 2772 Acarnania,
714 2712 743 2759 et
763 2703 825 2778 ipse
846 2703 960 2760 Pellam
981 2703 1077 2761 rediit.

167 2807 211 2877 26
345 2808 481 2865 Laevinus
513 2807 589 2864 veris
623 2806 764 2883 principio
797 2827 816 2864 a
849 2805 980 2884 Corcyra
1011 2807 1164 2882 profectus
1197 2803 1297 2862 navibus.

262 2923 399 2988 superato
414 2913 545 2970 Leucata
566 2910 766 2987 promuntorio
788 2931 877 2986 quum
898 2913 1026 2969 venisset
1044 2915 1237 2988 Naupactum,
1254 2907 1296 2963 tr·

263 3019 384 3093 ticyram
406 3018 473 3074 inde
494 3037 527 3074 se
547 3017 703 3092 petiturum
726 3017 825 3086 edixit,
847 3024 879 3075 ut
899 3027 1005 3092 praesto
1026 3019 1068 3076 ibi
1091 3019 1204 3094 Scopas
1217 3007 1295 3072 AEtoli·

231 3128 320 3197 2que
344 3133 447 3180 essent.
496 3123 560 3182 Sita
577 3123 721 3198 Anticyra
749 3131 794 3178 est
813 3121 843 3178 in
865 3123 990 3179 Locride
1016 3123 1093 3180 laeva
1120 3132 1204 3198 parte
1230 3117 1294 3174 sirm

250 3227 480 3286 'Corinthiacum
504 3229 635 3298 intranti;
664 3229 753 3284 breve
781 3236 860 3284 terra
890 3227 945 3283 iter
973 3245 1025 3298 eo,
1056 3229 1156 3286 brevis
1180 3219 1295 3297 navigatio

233 3334 302 3394 aab
324 3335 481 3408 Naupacto
503 3339 556 3389 est.
604 3333 704 3389 Tertio
732 3332 824 3406 ferme
851 3341 918 3406 post
938 3333 986 3388 die
1008 3332 1145 3407 utrinque
1167 3321 1293 3409 oppugnati

265 3447 360 3514 coepta
382 3447 439 3508 est;
469 3438 589 3512 gravior
610 3457 628 3494 a
650 3438 724 3494 mari
747 3439 927 3513 oppugnatio
949 3447 1021 3508 crat,
1043 3440 1115 3513 quia
1135 3450 1165 3496 et
1185 3439 1294 3495 tormenta

181 3615 184 3618 Ι
264 3543 462 3617 machinaque
483 3543 576 3600 omnis
597 3543 710 3618 generis
731 3543 760 3600 in
783 3543 907 3601 navibus
933 3553 1032 3611 erant,
1066 3554 1096 3600 et
1116 3541 1234 3602 Romani
1250 3531 1293 3592 init

265 3650 480 3724 oppugnabant.
535 3650 649 3724 ,Itaque
680 3650 756 3706 intra
787 3667 897 3724 paucos
930 3647 991 3706 dies
1022 3659 1143 3724 recepta
1175 3649 1236 3704 urbs
1260 3651 1294 3714 per

265 3753 439 3812 deditionem
461 3754 571 3811 AEtolis
598 3755 737 3825 traditur;
769 3755 869 3831 praeda
897 3775 934 3812 ex
962 3763 1049 3830 pacto
1072 3753 1211 3814 Romanis
1228 3741 1293 3804 cessit.

235 3858 384 3918 4Litterae
406 3860 525 3917 Laevino
546 3860 679 3930 reddita,
712 3861 860 3918 consulem
886 3879 951 3917 eum
980 3862 1130 3918 absentem
1152 3858 1293 3917 declaratum
