2700 4426
412 135 490 186 niter
506 135 632 186 xxvur
669 136 716 200 (Α.
729 134 778 189 on.
792 137 865 200 207.)
1069 141 1123 196 129

110 330 244 396 ageretur
275 319 433 400 (affuerant
461 320 536 377 enim
564 321 652 397 legati
679 341 772 396 nuper
792 321 941 378 Heracleae
963 321 1083 379 concilio
1105 325 1166 381 Ro-

109 445 260 484 manorum
282 426 530 504 AEtolorumque),
550 427 666 484 nuntius
688 425 817 497 affertur,
838 426 1043 485 Machanidam
1065 426 1165 502 Olym-

109 534 223 608 piorum
255 535 392 591 sollemne
422 531 561 591 ludicrum
595 542 732 608 parantes
757 532 839 589 Elios
876 533 995 607 aggredi
1022 533 1166 596 statuisse.

108 639 343 697 Praevertendum
365 640 395 695 id
416 649 507 710 ratus,
526 640 630 716 legatis
651 658 714 697 cum
730 639 854 714 benigno
875 657 1014 713 responso
1033 638 1166 708 dimissio,
1182 643 1216 697 15

109 763 140 801 se
161 764 255 820 neque
279 764 396 803 oausam
419 745 479 802 eius
501 745 568 802 belli
588 745 677 802 fuisse
708 763 761 801 nec
786 762 907 812 moram,
929 745 954 800 si
974 744 1062 802 modo
1082 764 1166 820 aequa

109 861 138 908 et
168 853 290 908 honesta
317 850 483 908 condicione
510 850 615 921 liceat,
647 851 713 926 paci
740 849 901 920 facturum,
937 868 1001 908 cum
1030 852 1165 926 expedito
1182 854 1216 909 16

109 956 225 1032 agmine
246 955 391 1031 profectus
413 976 466 1032 per
486 957 632 1014 Boeotiam
653 958 777 1031 Megara
799 964 886 1030 atque
907 956 973 1013 indo
995 955 1166 1014 Corinthum

109 1063 272 1132 deseendit,
306 1063 383 1118 unde
413 1061 621 1119 commeatibus
648 1060 769 1136 sumptis
801 1061 939 1118 Phliunta
960 1060 1166 1136 Pheneumque

106 1169 188 1244 petit.
235 1169 274 1225 Et
307 1167 367 1223 iam
400 1185 488 1241 quum
520 1167 655 1222 Heraeam
679 1167 824 1237 uenisset,
856 1167 936 1223 audit
959 1167 1165 1225 Machanidam
1182 1179 1215 1232 17

108 1273 190 1331 fama
211 1275 351 1330 adventus
373 1274 418 1331 sui
441 1273 570 1346 territum
593 1270 734 1346 refugisse
755 1272 1005 1343 Lacedaemonem,
1026 1274 1164 1349 AEgium-

108 1399 165 1455 que
185 1399 217 1437 se
239 1380 276 1437 ad
293 1379 444 1436 concilium
455 1380 630 1436 Achaeorum
646 1377 763 1452 recepit,
775 1372 860 1434 simul
878 1378 999 1436 classem
1014 1379 1164 1451 Punicam,
1199 1417 1203 1426 ·

107 1497 139 1544 ut
165 1486 238 1542 mari
264 1504 380 1560 quoque
410 1485 519 1560 aliquid
547 1494 665 1560 posset,
694 1483 825 1553 accitam,
848 1483 889 1540 ibi
910 1493 990 1540 ratus
1011 1503 1043 1542 se
1063 1485 1163 1542 inven-

107 1581 213 1651 turum.
271 1593 377 1648 Paucis
411 1601 477 1648 ante
509 1591 609 1647 diebus
640 1590 707 1646 inde
736 1588 835 1647 Oxeas
869 1588 1040 1648 traiecerant
1061 1593 1162 1662 Poeni;
1180 1600 1214 1656 18

107 1698 174 1755 inde
199 1707 300 1772 portus
329 1700 516 1754 Acarnanum
539 1697 697 1772 petierant,
730 1715 819 1770 quum
841 1697 878 1752 ab
900 1695 979 1754 Oreo
1000 1695 1161 1771 profectum

106 1803 239 1862 Attalum
270 1805 476 1877 Romanosque
505 1803 667 1872 audissent,
705 1802 805 1871 veriti,
839 1820 876 1858 ne
908 1803 946 1858 ad
971 1819 1002 1858 se
1028 1802 1118 1860 iretur
1139 1814 1165 1860 et

106 1909 182 1966 intra
209 1911 316 1967 Rhium
349 1909 459 1982 (lauces
489 1927 530 1965 eae
557 1917 623 1964 sunt
644 1906 786 1965 Corinthii
809 1907 900 1980 sinus)
923 1907 1161 1983 opprimerentur.

189 2016 341 2091 Philippus
363 2015 500 2070 maerebat
524 2013 637 2088 quidem
660 2022 688 2069 et
707 2013 876 2086 angebatur,
899 2031 987 2086 quum
1012 2015 1162 2072 adomnia
1215 2018 1237 2087 8

108 2120 170 2195 ipse
198 2120 305 2195 raptim
336 2121 419 2191 isset,
450 2119 521 2177 nulli
548 2129 645 2176 tamen
674 2137 705 2175 se
728 2119 771 2175 rei
793 2118 823 2175 in
845 2128 974 2194 tempore
995 2120 1162 2194 occurrisse,

108 2235 137 2283 et
163 2228 322 2302 rapientem
350 2227 448 2283 omnia
475 2245 511 2283 ex
541 2225 631 2282 oculis
657 2225 775 2282 elusisse
799 2223 976 2282 celeritatem
995 2243 1077 2283 suam
1099 2226 1162 2284 for-

107 2341 222 2400 tunom;
246 2333 274 2389 in
297 2333 418 2390 concilio
433 2341 530 2388 autem
548 2329 730 2387 dissimulans
750 2328 946 2404 aegritudinem
967 2331 1044 2388 elato
1064 2333 1193 2396 anim02

108 2436 252 2507 disseruit,
273 2447 394 2495 testatus
415 2438 485 2518 deos
506 2435 703 2508 hominesque,
726 2452 758 2491 se
778 2435 856 2492 nullo
880 2435 945 2493 looo
961 2455 1015 2494 neo
1033 2445 1163 2514 tempore

109 2539 250 2611 defuisse,
283 2544 368 2616 quin,
399 2543 448 2599 ubi
468 2539 593 2598 hostium
616 2557 698 2595 arma
719 2541 969 2615 concrepuissent,
997 2560 1031 2599 eo
1054 2553 1163 2617 quanta

108 2643 237 2700 maxima
269 2656 367 2719 posset
399 2646 544 2702 celeritate
578 2644 724 2713 tenderet;
766 2645 817 2701 sed
845 2644 895 2701 vix
926 2648 1067 2704 rationem
1098 2649 1192 2714 iniria

107 2766 208 2823 posse,
243 2759 337 2807 utrum
369 2771 387 2808 a
408 2770 440 2808 se
461 2739 598 2810 audacius
620 2767 658 2806 an
680 2749 812 2824 fugacius
834 2751 871 2807 ab
893 2751 1022 2808 hostibus
1045 2763 1164 2825 geratur

107 2853 224 2940 bellum.
274 2855 322 2914 Sic
344 2858 381 2913 ab
404 2855 520 2932 Opunte
540 2855 691 2923 Attalum,
712 2855 754 2912 sic
776 2853 932 2929 Sulpicium
955 2856 993 2912 ab
1015 2853 1180 2928 Chalcide,

107 2958 148 3014 sic
184 2961 224 3016 eis
261 2962 331 3037 ipsis
367 2962 466 3020 diebus
489 2961 695 3018 Machanidam
727 2979 744 3017 e
771 2960 904 3016 manibus
932 2960 991 3016 suis
1021 2960 1160 3036 elapsum.

107 3061 167 3120 Sed
187 3084 246 3127 non
267 3085 381 3142 semper
401 3067 512 3124 felicem
535 3085 597 3124 esse
618 3066 728 3142 fugam,
749 3083 803 3123 noc
821 3084 875 3141 pro
890 3064 999 3123 difficili
1011 3067 1041 3123 id
1056 3068 1191 3139 bellumq

107 3170 285 3242 habendum,
314 3174 344 3230 in
384 3192 441 3247 quo
476 3174 501 3230 si
535 3174 621 3230 modo
657 3191 827 3248 congressus
863 3191 927 3230 cum
955 3173 1086 3231 hostibus
1112 3175 1161 3246 sis,

107 3275 221 3336 viceris.
270 3279 357 3352 Quod
378 3281 502 3354 primum
525 3290 608 3350 esset,
631 3279 839 3336 confessionem
858 3296 889 3335 so
908 3276 1033 3335 hostium
1045 3278 1191 3351 habere,5
1259 3357 1261 3362 η

108 3400 292 3457 nequaquam
320 3403 406 3460 pares
428 3403 491 3442 esse
513 3385 586 3455 sibi;
619 3387 701 3443 brevi
722 3395 750 3442 et
770 3385 923 3442 victoriam
943 3381 1023 3441 haud
1044 3382 1160 3464 dubiam

108 3487 289 3560 habiturum,
326 3510 379 3548 neo
409 3491 527 3549 meliore
553 3502 655 3549 eventu
678 3510 727 3549 eos
750 3510 846 3550 secum
869 3509 957 3565 quam
978 3506 1030 3564 spe
1050 3508 1161 3564 pugna-

107 3601 200 3656 turos.
247 3596 320 3652 Laeti
347 3617 445 3673 regem
472 3599 542 3655 socii
572 3599 732 3658 audierunt.
779 3598 915 3656 Reddidit
947 3596 1015 3653 inde
1045 3597 1191 3661 Achaeis6

109 3703 244 3759 Heraeam
267 3714 295 3759 et
318 3705 509 3780 Triphyliam,
530 3703 701 3785 Alipheram
724 3713 820 3761 autern
840 3703 1063 3779 Megalopolitis,
1086 3707 1163 3778 quod

108 3826 227 3865 suorum
249 3807 337 3867 fuisse
357 3812 455 3868 finium
476 3810 546 3867 satis
567 3811 748 3884 probabant,
768 3810 900 3870 restituit.
947 3811 1020 3868 Inde
1040 3813 1192 3872 navibus7

110 3916 235 3990 acceptis
258 3917 295 3973 ab
317 3917 433 3974 Achaeis
455 3916 551 3992 (erant
571 3924 666 3971 autem
694 3927 752 3974 tres
776 3916 971 3992 quadriremes
993 3928 1020 3974 et
1041 3918 1163 3975 biremes

135 4033 198 4072 livius
215 4047 238 4073 ex
254 4047 294 4075 rec.
311 4036 407 4084 Madvigii.
433 4036 465 4074 tv.
949 4027 963 4070 9
