<?xml version="1.0" encoding="UTF-8"?>
<!DOCTYPE html PUBLIC "-//W3C//DTD XHTML 1.0 Transitional//EN"
    "http://www.w3.org/TR/xhtml1/DTD/xhtml1-transitional.dtd">
<html xmlns="http://www.w3.org/1999/xhtml" xml:lang="en" lang="en">
 <head>
  <title>
</title>
<meta http-equiv="Content-Type" content="text/html;charset=utf-8" />
  <meta name='ocr-system' content='tesseract 3.04.00' />
  <meta name='ocr-capabilities' content='ocr_page ocr_carea ocr_par ocr_line ocrx_word'/>
</head>
<body>
  <div class='ocr_page' id='page_1' title='image "./titiliviihistor01ussigoog/titiliviihistor01ussigoog_0028.png"; bbox 0 0 2812 4556; ppageno 0'>
   <div class='ocr_carea' id='block_1_1' title="bbox 594 277 657 323">
    <p class='ocr_par' dir='ltr' id='par_1_1' title="bbox 594 277 657 323">
     <span class='ocr_line' id='line_1_1' title="bbox 594 277 657 323; baseline -0.016 0"><span class='ocrx_word' id='word_1_1' title='bbox 594 277 657 323; x_wconf 81' lang='lat' dir='ltr'>m</span> 
     </span>
    </p>
   </div>
   <div class='ocr_carea' id='block_1_2' title="bbox 78 457 1158 540">
    <p class='ocr_par' dir='ltr' id='par_1_2' title="bbox 78 457 1158 540">
     <span class='ocr_line' id='line_1_2' title="bbox 78 457 1158 540; baseline 0.004 -24"><span class='ocrx_word' id='word_1_2' title='bbox 78 460 154 517; x_wconf 87' lang='lat' dir='ltr'><strong>cula</strong></span> <span class='ocrx_word' id='word_1_3' title='bbox 180 457 298 537; x_wconf 70' lang='lat' dir='ltr'><strong>(Grec.)</strong></span> <span class='ocrx_word' id='word_1_4' title='bbox 325 461 421 532; x_wconf 90' lang='lat' dir='ltr'>XIX,</span> <span class='ocrx_word' id='word_1_5' title='bbox 461 463 494 518; x_wconf 82' lang='grc'><strong>16</strong></span> <span class='ocrx_word' id='word_1_6' title='bbox 518 460 631 518; x_wconf 80' lang='lat' dir='ltr'>remissi</span> <span class='ocrx_word' id='word_1_7' title='bbox 653 457 761 518; x_wconf 88' lang='lat' dir='ltr'><strong>Cumas</strong></span> <span class='ocrx_word' id='word_1_8' title='bbox 784 479 848 518; x_wconf 87' lang='lat' dir='ltr'><strong>cum</strong></span> <span class='ocrx_word' id='word_1_9' title='bbox 870 461 926 520; x_wconf 88' lang='lat' dir='ltr'><strong>fide</strong></span> <span class='ocrx_word' id='word_1_10' title='bbox 948 457 1040 536; x_wconf 68' lang='lat' dir='ltr'><strong>(Iiob.n</strong></span> <span class='ocrx_word' id='word_1_11' title='bbox 1057 458 1158 540; x_wconf 69' lang='lat' dir='ltr'><strong>Titius)</strong></span> 
     </span>
    </p>
   </div>
   <div class='ocr_carea' id='block_1_3' title="bbox 31 539 1159 4180">
    <p class='ocr_par' dir='ltr' id='par_1_3' title="bbox 31 539 1159 4180">
     <span class='ocr_line' id='line_1_3' title="bbox 85 539 1159 622; baseline 0.002 -22"><span class='ocrx_word' id='word_1_12' title='bbox 85 545 125 601; x_wconf 82' lang='lat'><strong>18</strong></span> <span class='ocrx_word' id='word_1_13' title='bbox 145 543 192 619; x_wconf 87' lang='lat' dir='ltr'><strong>(et</strong></span> <span class='ocrx_word' id='word_1_14' title='bbox 213 544 271 600; x_wconf 83' lang='lat' dir='ltr'><strong>tria</strong></span> <span class='ocrx_word' id='word_1_15' title='bbox 292 545 375 620; x_wconf 85' lang='lat' dir='ltr'><strong>signa</strong></span> <span class='ocrx_word' id='word_1_16' title='bbox 396 546 502 600; x_wconf 82' lang='lat' dir='ltr'><strong>notovit</strong></span> <span class='ocrx_word' id='word_1_17' title='bbox 515 543 680 618; x_wconf 82' lang='lat' dir='ltr'><strong>Hnldrices)</strong></span> <span class='ocrx_word' id='word_1_18' title='bbox 699 542 704 621; x_wconf 95' lang='grc' dir='ltr'>Ι</span> <span class='ocrx_word' id='word_1_19' title='bbox 724 553 822 601; x_wconf 86' lang='lat' dir='ltr'><strong>votum</strong></span> <span class='ocrx_word' id='word_1_20' title='bbox 846 539 962 602; x_wconf 85' lang='lat' dir='ltr'><strong>vovisse</strong></span> <span class='ocrx_word' id='word_1_21' title='bbox 984 544 1056 622; x_wconf 79' lang='lat' dir='ltr'><strong>(Mp.</strong></span> <span class='ocrx_word' id='word_1_22' title='bbox 1079 565 1093 603; x_wconf 88' lang='lat' dir='ltr'><strong>e</strong></span> <span class='ocrx_word' id='word_1_23' title='bbox 1112 547 1159 602; x_wconf 85' lang='lat' dir='ltr'><strong>P.-</strong></span> 
     </span>
     <span class='ocr_line' id='line_1_4' title="bbox 80 626 1158 702; baseline 0.001 -19"><span class='ocrx_word' id='word_1_24' title='bbox 80 627 331 684; x_wconf 87' lang='lat' dir='ltr'><strong>votumuoluisse.</strong></span> <span class='ocrx_word' id='word_1_25' title='bbox 378 626 545 702; x_wconf 75' lang='lat' dir='ltr'><strong>Inaemptum</strong></span> <span class='ocrx_word' id='word_1_26' title='bbox 575 636 650 683; x_wconf 80' lang='lat' dir='ltr'><strong>erat:</strong></span> <span class='ocrx_word' id='word_1_27' title='bbox 680 629 722 684; x_wconf 91' lang='lat' dir='ltr'><strong>M.</strong></span> <span class='ocrx_word' id='word_1_28' title='bbox 751 629 791 689; x_wconf 84' lang='lat' dir='ltr'><strong>A.</strong></span> <span class='ocrx_word' id='word_1_29' title='bbox 815 637 914 684; x_wconf 89' lang='lat' dir='ltr'><strong>votum</strong></span> <span class='ocrx_word' id='word_1_30' title='bbox 942 629 1028 684; x_wconf 87' lang='lat' dir='ltr'><strong>solvit</strong></span> <span class='ocrx_word' id='word_1_31' title='bbox 1058 629 1158 686; x_wconf 88' lang='lat' dir='ltr'><strong>lubens</strong></span> 
     </span>
     <span class='ocr_line' id='line_1_5' title="bbox 80 709 1158 788; baseline 0.002 -22"><span class='ocrx_word' id='word_1_32' title='bbox 80 709 216 778; x_wconf 86' lang='lat' dir='ltr'><strong>merito.)</strong></span> <span class='ocrx_word' id='word_1_33' title='bbox 241 711 357 780; x_wconf 49' lang='lat' dir='ltr'><strong>XX„6</strong></span> <span class='ocrx_word' id='word_1_34' title='bbox 374 710 465 783; x_wconf 81' lang='lat' dir='ltr'><strong>(Fert.</strong></span> <span class='ocrx_word' id='word_1_35' title='bbox 488 718 547 766; x_wconf 89' lang='lat' dir='ltr'><strong>tam</strong></span> <span class='ocrx_word' id='word_1_36' title='bbox 563 710 727 785; x_wconf 84' lang='lat' dir='ltr'><strong>longinquis</strong></span> <span class='ocrx_word' id='word_1_37' title='bbox 743 712 814 783; x_wconf 64' lang='lat' dir='ltr'><strong>My,</strong></span> <span class='ocrx_word' id='word_1_38' title='bbox 829 709 963 787; x_wconf 71' lang='lat' dir='ltr'><strong>Porcii.)</strong></span> <span class='ocrx_word' id='word_1_39' title='bbox 982 710 987 788; x_wconf 96' lang='grc' dir='ltr'>Ι</span> <span class='ocrx_word' id='word_1_40' title='bbox 1006 711 1072 787; x_wconf 84' lang='lat' dir='ltr'><strong>(pro</strong></span> <span class='ocrx_word' id='word_1_41' title='bbox 1086 729 1158 787; x_wconf 83' lang='lat' dir='ltr'><strong>pree·</strong></span> 
     </span>
     <span class='ocr_line' id='line_1_6' title="bbox 80 791 1158 870; baseline 0.002 -20"><span class='ocrx_word' id='word_1_42' title='bbox 80 791 164 850; x_wconf 87' lang='lat' dir='ltr'><strong>senti</strong></span> <span class='ocrx_word' id='word_1_43' title='bbox 189 793 250 866; x_wconf 78' lang='lat' dir='ltr'><strong>Mp.</strong></span> <span class='ocrx_word' id='word_1_44' title='bbox 270 793 336 854; x_wconf 78' lang='lat' dir='ltr'><strong>Ena.</strong></span> <span class='ocrx_word' id='word_1_45' title='bbox 360 793 439 858; x_wconf 87' lang='grc'><em>263,·</em></span> <span class='ocrx_word' id='word_1_46' title='bbox 460 792 489 848; x_wconf 94' lang='lat' dir='ltr'><em>P</em></span> <span class='ocrx_word' id='word_1_47' title='bbox 507 802 532 848; x_wconf 89' lang='lat' dir='ltr'><strong>et</strong></span> <span class='ocrx_word' id='word_1_48' title='bbox 552 792 645 853; x_wconf 81' lang='lat' dir='ltr'><strong><em>Drak.</em></strong></span> <span class='ocrx_word' id='word_1_49' title='bbox 669 792 814 870; x_wconf 74' lang='lat' dir='ltr'><strong>praesenti)</strong></span> <span class='ocrx_word' id='word_1_50' title='bbox 840 797 874 850; x_wconf 85' lang='lat' dir='ltr'><strong>tt</strong></span> <span class='ocrx_word' id='word_1_51' title='bbox 897 795 1014 868; x_wconf 86' lang='lat' dir='ltr'><strong>(Relata</strong></span> <span class='ocrx_word' id='word_1_52' title='bbox 1041 835 1090 855; x_wconf 88' lang='lat'><strong>...</strong></span> <span class='ocrx_word' id='word_1_53' title='bbox 1126 813 1158 852; x_wconf 88' lang='lat' dir='ltr'><strong>re</strong></span> 
     </span>
     <span class='ocr_line' id='line_1_7' title="bbox 31 876 1152 937; baseline 0.004 -5"><span class='ocrx_word' id='word_1_54' title='bbox 31 921 33 926; x_wconf 93' lang='lat'><strong><em>.</em></strong></span> <span class='ocrx_word' id='word_1_55' title='bbox 81 884 247 933; x_wconf 86' lang='lat' dir='ltr'><strong>tenuerunt</strong></span> <span class='ocrx_word' id='word_1_56' title='bbox 270 876 347 934; x_wconf 78' lang='lat' dir='ltr'><strong>Creo.</strong></span> <span class='ocrx_word' id='word_1_57' title='bbox 364 877 393 932; x_wconf 94' lang='lat' dir='ltr'><em>P</em></span> <span class='ocrx_word' id='word_1_58' title='bbox 403 876 549 934; x_wconf 86' lang='lat' dir='ltr'><strong>relaxata.</strong></span> <span class='ocrx_word' id='word_1_59' title='bbox 565 919 592 936; x_wconf 90' lang='lat'><strong>..</strong></span> <span class='ocrx_word' id='word_1_60' title='bbox 621 877 806 935; x_wconf 88' lang='lat' dir='ltr'><strong>retinuerunt.</strong></span> <span class='ocrx_word' id='word_1_61' title='bbox 823 876 914 936; x_wconf 73' lang='lat' dir='ltr'><strong>Dran.</strong></span> <span class='ocrx_word' id='word_1_62' title='bbox 930 879 974 935; x_wconf 85' lang='lat' dir='ltr'><strong>Re</strong></span> <span class='ocrx_word' id='word_1_63' title='bbox 996 877 1152 937; x_wconf 85' lang='lat' dir='ltr'><strong>laxata...</strong></span> 
     </span>
     <span class='ocr_line' id='line_1_8' title="bbox 80 956 1155 1038; baseline 0.001 -23"><span class='ocrx_word' id='word_1_64' title='bbox 80 959 269 1032; x_wconf 87' lang='lat' dir='ltr'><strong>tenuerunt.)</strong></span> <span class='ocrx_word' id='word_1_65' title='bbox 292 960 389 1029; x_wconf 91' lang='lat' dir='ltr'>XXI,</span> <span class='ocrx_word' id='word_1_66' title='bbox 418 961 435 1014; x_wconf 86' lang='grc'><em>2</em></span> <span class='ocrx_word' id='word_1_67' title='bbox 460 956 507 1033; x_wconf 85' lang='grc' dir='ltr'><strong>(Ρ.</strong></span> <span class='ocrx_word' id='word_1_68' title='bbox 531 959 650 1015; x_wconf 87' lang='lat' dir='ltr'><strong>Furium</strong></span> <span class='ocrx_word' id='word_1_69' title='bbox 676 956 757 1016; x_wconf 78' lang='lat' dir='ltr'><strong>Glur.</strong></span> <span class='ocrx_word' id='word_1_70' title='bbox 780 959 852 1016; x_wconf 88' lang='lat' dir='ltr'><strong>Pet</strong></span> <span class='ocrx_word' id='word_1_71' title='bbox 872 959 963 1016; x_wconf 83' lang='lat' dir='ltr'><strong>Drole.</strong></span> <span class='ocrx_word' id='word_1_72' title='bbox 986 961 1019 1016; x_wconf 85' lang='lat' dir='ltr'><strong>L.</strong></span> <span class='ocrx_word' id='word_1_73' title='bbox 1044 959 1127 1036; x_wconf 80' lang='lat' dir='ltr'><strong>Fur.)</strong></span> <span class='ocrx_word' id='word_1_74' title='bbox 1152 956 1155 1038; x_wconf 95' lang='grc' dir='ltr'>Ι</span> 
     </span>
     <span class='ocr_line' id='line_1_9' title="bbox 82 1040 1155 1119; baseline 0.002 -22"><span class='ocrx_word' id='word_1_75' title='bbox 82 1040 188 1116; x_wconf 87' lang='lat' dir='ltr'><strong>(militi</strong></span> <span class='ocrx_word' id='word_1_76' title='bbox 210 1060 245 1098; x_wconf 90' lang='lat' dir='ltr'><strong>ac</strong></span> <span class='ocrx_word' id='word_1_77' title='bbox 267 1041 364 1098; x_wconf 70' lang='lat' dir='ltr'><strong>Aleon.</strong></span> <span class='ocrx_word' id='word_1_78' title='bbox 385 1042 415 1098; x_wconf 91' lang='lat' dir='ltr'><em>P</em></span> <span class='ocrx_word' id='word_1_79' title='bbox 430 1041 547 1098; x_wconf 74' lang='lat' dir='ltr'><strong>militiae.</strong></span> <span class='ocrx_word' id='word_1_80' title='bbox 569 1041 662 1099; x_wconf 80' lang='lat' dir='ltr'><strong>Drok.</strong></span> <span class='ocrx_word' id='word_1_81' title='bbox 687 1041 770 1098; x_wconf 88' lang='lat' dir='ltr'><strong>militi</strong></span> <span class='ocrx_word' id='word_1_82' title='bbox 790 1040 831 1119; x_wconf 80' lang='lat' dir='ltr'><strong>et)</strong></span> <span class='ocrx_word' id='word_1_83' title='bbox 853 1043 960 1112; x_wconf 90' lang='lat' dir='ltr'>XXII,</span> <span class='ocrx_word' id='word_1_84' title='bbox 984 1041 1155 1118; x_wconf 79' lang='lat' dir='ltr'><strong>4(inopiam</strong></span> 
     </span>
     <span class='ocr_line' id='line_1_10' title="bbox 80 1125 1156 1200; baseline 0.001 -19"><span class='ocrx_word' id='word_1_85' title='bbox 80 1133 268 1194; x_wconf 84' lang='lat' dir='ltr'><strong>senatorum,</strong></span> <span class='ocrx_word' id='word_1_86' title='bbox 292 1125 344 1182; x_wconf 88' lang='lat' dir='ltr'><strong>sed</strong></span> <span class='ocrx_word' id='word_1_87' title='bbox 375 1125 480 1193; x_wconf 80' lang='lat' dir='ltr'><strong>Weiss,</strong></span> <span class='ocrx_word' id='word_1_88' title='bbox 500 1125 684 1198; x_wconf 80' lang='lat' dir='ltr'><strong>preeuntibus</strong></span> <span class='ocrx_word' id='word_1_89' title='bbox 705 1126 782 1194; x_wconf 82' lang='lat' dir='ltr'><strong>aliis,</strong></span> <span class='ocrx_word' id='word_1_90' title='bbox 811 1127 860 1199; x_wconf 84' lang='lat' dir='ltr'><strong>qui</strong></span> <span class='ocrx_word' id='word_1_91' title='bbox 879 1125 1007 1200; x_wconf 86' lang='lat' dir='ltr'><strong>inopiam</strong></span> <span class='ocrx_word' id='word_1_92' title='bbox 1030 1135 1156 1192; x_wconf 85' lang='lat' dir='ltr'><strong>senatus,</strong></span> 
     </span>
     <span class='ocr_line' id='line_1_11' title="bbox 81 1207 1156 1288; baseline 0.003 -25"><span class='ocrx_word' id='word_1_93' title='bbox 81 1209 137 1263; x_wconf 89' lang='lat' dir='ltr'><strong>sed</strong></span> <span class='ocrx_word' id='word_1_94' title='bbox 164 1208 355 1288; x_wconf 67' lang='lat' dir='ltr'><strong>scripserant.)</strong></span> <span class='ocrx_word' id='word_1_95' title='bbox 393 1211 410 1263; x_wconf 88' lang='lat'>5</span> <span class='ocrx_word' id='word_1_96' title='bbox 437 1207 513 1280; x_wconf 89' lang='lat' dir='ltr'><strong>(cum</strong></span> <span class='ocrx_word' id='word_1_97' title='bbox 540 1226 569 1282; x_wconf 87' lang='lat' dir='ltr'><strong>p.</strong></span> <span class='ocrx_word' id='word_1_98' title='bbox 593 1208 628 1264; x_wconf 80' lang='lat' dir='ltr'><strong>R..</strong></span> <span class='ocrx_word' id='word_1_99' title='bbox 658 1225 835 1282; x_wconf 81' lang='lat' dir='ltr'>magnopere</span> <span class='ocrx_word' id='word_1_100' title='bbox 869 1207 946 1264; x_wconf 82' lang='lat' dir='ltr'><strong>Creo.</strong></span> <span class='ocrx_word' id='word_1_101' title='bbox 970 1209 1000 1264; x_wconf 93' lang='lat' dir='ltr'><strong><em>P</em></strong></span> <span class='ocrx_word' id='word_1_102' title='bbox 1023 1227 1156 1283; x_wconf 87' lang='lat' dir='ltr'><strong>cumpro·</strong></span> 
     </span>
     <span class='ocr_line' id='line_1_12' title="bbox 83 1285 1157 1367; baseline 0.002 -21"><span class='ocrx_word' id='word_1_103' title='bbox 83 1307 240 1364; x_wconf 88' lang='lat' dir='ltr'><strong>magnore.</strong></span> <span class='ocrx_word' id='word_1_104' title='bbox 251 1291 344 1347; x_wconf 79' lang='lat' dir='ltr'><strong>Drolc.</strong></span> <span class='ocrx_word' id='word_1_105' title='bbox 360 1309 413 1365; x_wconf 85' lang='lat' dir='ltr'><strong>pro</strong></span> <span class='ocrx_word' id='word_1_106' title='bbox 429 1308 536 1364; x_wconf 81' lang='lat' dir='ltr'><strong>magna</strong></span> <span class='ocrx_word' id='word_1_107' title='bbox 549 1291 593 1362; x_wconf 89' lang='lat' dir='ltr'><strong>re)</strong></span> <span class='ocrx_word' id='word_1_108' title='bbox 613 1285 617 1367; x_wconf 99' lang='grc' dir='ltr'>Ι</span> <span class='ocrx_word' id='word_1_109' title='bbox 638 1289 841 1365; x_wconf 81' lang='lat' dir='ltr'><strong>(senatoribus,</strong></span> <span class='ocrx_word' id='word_1_110' title='bbox 856 1292 960 1364; x_wconf 92' lang='lat' dir='ltr'><strong>quibus</strong></span> <span class='ocrx_word' id='word_1_111' title='bbox 975 1291 1000 1350; x_wconf 87' lang='lat' dir='ltr'><strong>I.</strong></span> <span class='ocrx_word' id='word_1_112' title='bbox 1015 1291 1050 1350; x_wconf 85' lang='lat' dir='ltr'><strong>H.</strong></span> <span class='ocrx_word' id='word_1_113' title='bbox 1069 1291 1157 1358; x_wconf 74' lang='lat' dir='ltr'><strong>Voss,</strong></span> 
     </span>
     <span class='ocr_line' id='line_1_13' title="bbox 83 1368 1155 1449; baseline 0.002 -20"><span class='ocrx_word' id='word_1_114' title='bbox 83 1374 152 1446; x_wconf 69' lang='lat' dir='ltr'><strong>My.</strong></span> <span class='ocrx_word' id='word_1_115' title='bbox 176 1373 205 1428; x_wconf 92' lang='lat' dir='ltr'><em>P</em></span> <span class='ocrx_word' id='word_1_116' title='bbox 222 1374 414 1442; x_wconf 86' lang='lat' dir='ltr'><strong>senatoribus,</strong></span> <span class='ocrx_word' id='word_1_117' title='bbox 435 1373 528 1430; x_wconf 81' lang='lat' dir='ltr'><strong>Drale.</strong></span> <span class='ocrx_word' id='word_1_118' title='bbox 554 1373 735 1430; x_wconf 90' lang='lat' dir='ltr'><strong>senatoribus</strong></span> <span class='ocrx_word' id='word_1_119' title='bbox 754 1374 791 1446; x_wconf 89' lang='lat' dir='ltr'><strong>si)</strong></span> <span class='ocrx_word' id='word_1_120' title='bbox 815 1368 820 1449; x_wconf 94' lang='grc' dir='ltr'>Ι</span> <span class='ocrx_word' id='word_1_121' title='bbox 839 1381 926 1447; x_wconf 88' lang='lat' dir='ltr'><strong>atque</strong></span> <span class='ocrx_word' id='word_1_122' title='bbox 946 1374 976 1429; x_wconf 91' lang='lat' dir='ltr'><strong>in</strong></span> <span class='ocrx_word' id='word_1_123' title='bbox 998 1375 1071 1447; x_wconf 82' lang='lat' dir='ltr'><strong>(Mp.</strong></span> <span class='ocrx_word' id='word_1_124' title='bbox 1096 1373 1155 1431; x_wconf 77' lang='lat' dir='ltr'><strong>Ab·</strong></span> 
     </span>
     <span class='ocr_line' id='line_1_14' title="bbox 84 1453 1154 1532; baseline 0.001 -19"><span class='ocrx_word' id='word_1_125' title='bbox 84 1475 148 1513; x_wconf 85' lang='lat' dir='ltr'><strong>esse</strong></span> <span class='ocrx_word' id='word_1_126' title='bbox 166 1474 317 1530; x_wconf 80' lang='lat' dir='ltr'><em>pronomen</em></span> <span class='ocrx_word' id='word_1_127' title='bbox 338 1454 452 1532; x_wconf 79' lang='lat' dir='ltr'><strong>nequit.)</strong></span> <span class='ocrx_word' id='word_1_128' title='bbox 491 1456 560 1512; x_wconf 83' lang='lat' dir='ltr'><strong>sid</strong></span> <span class='ocrx_word' id='word_1_129' title='bbox 582 1465 677 1513; x_wconf 87' lang='lat' dir='ltr'><strong>actum</strong></span> <span class='ocrx_word' id='word_1_130' title='bbox 708 1453 808 1531; x_wconf 72' lang='lat' dir='ltr'><strong>(eron.</strong></span> <span class='ocrx_word' id='word_1_131' title='bbox 831 1456 895 1513; x_wconf 80' lang='lat' dir='ltr'><strong>Em.</strong></span> <span class='ocrx_word' id='word_1_132' title='bbox 917 1456 980 1512; x_wconf 84' lang='lat'><strong>263</strong></span> <span class='ocrx_word' id='word_1_133' title='bbox 999 1476 1026 1515; x_wconf 83' lang='lat' dir='ltr'><strong>n.</strong></span> <span class='ocrx_word' id='word_1_134' title='bbox 1051 1457 1082 1530; x_wconf 88' lang='grc'><strong>2)</strong></span> <span class='ocrx_word' id='word_1_135' title='bbox 1120 1461 1154 1514; x_wconf 88' lang='grc'><strong>10</strong></span> 
     </span>
     <span class='ocr_line' id='line_1_15' title="bbox 84 1538 1156 1614; baseline 0 -18"><span class='ocrx_word' id='word_1_136' title='bbox 84 1557 124 1596; x_wconf 88' lang='lat' dir='ltr'><strong>ex</strong></span> <span class='ocrx_word' id='word_1_137' title='bbox 143 1540 190 1596; x_wconf 92' lang='lat' dir='ltr'><strong>his</strong></span> <span class='ocrx_word' id='word_1_138' title='bbox 216 1540 345 1606; x_wconf 87' lang='lat' dir='ltr'>XXIII,</span> <span class='ocrx_word' id='word_1_139' title='bbox 383 1541 448 1596; x_wconf 85' lang='lat' dir='ltr'><strong>2se</strong></span> <span class='ocrx_word' id='word_1_140' title='bbox 469 1541 526 1594; x_wconf 80' lang='lat' dir='ltr'><strong>sine</strong></span> <span class='ocrx_word' id='word_1_141' title='bbox 548 1541 624 1595; x_wconf 79' lang='lat' dir='ltr'><strong>eneis</strong></span> <span class='ocrx_word' id='word_1_142' title='bbox 646 1538 690 1611; x_wconf 83' lang='lat' dir='ltr'><strong>(O,</strong></span> <span class='ocrx_word' id='word_1_143' title='bbox 713 1539 794 1600; x_wconf 80' lang='lat' dir='ltr'><strong>codd.</strong></span> <span class='ocrx_word' id='word_1_144' title='bbox 811 1541 878 1614; x_wconf 81' lang='lat' dir='ltr'><strong>aliq,</strong></span> <span class='ocrx_word' id='word_1_145' title='bbox 902 1557 970 1599; x_wconf 78' lang='lat' dir='ltr'><strong>rece.</strong></span> <span class='ocrx_word' id='word_1_146' title='bbox 993 1538 1057 1596; x_wconf 87' lang='lat' dir='ltr'><strong>Non</strong></span> <span class='ocrx_word' id='word_1_147' title='bbox 1080 1541 1107 1596; x_wconf 84' lang='lat' dir='ltr'><strong>in</strong></span> <span class='ocrx_word' id='word_1_148' title='bbox 1128 1559 1156 1596; x_wconf 86' lang='lat' dir='ltr'><strong>se</strong></span> 
     </span>
     <span class='ocr_line' id='line_1_16' title="bbox 83 1622 1154 1696; baseline 0.002 -18"><span class='ocrx_word' id='word_1_149' title='bbox 83 1623 145 1678; x_wconf 75' lang='lat' dir='ltr'><strong>lucc</strong></span> <span class='ocrx_word' id='word_1_150' title='bbox 157 1623 295 1696; x_wconf 82' lang='lat' dir='ltr'><strong>improbat</strong></span> <span class='ocrx_word' id='word_1_151' title='bbox 306 1622 421 1692; x_wconf 84' lang='lat' dir='ltr'><strong>Fabius,</strong></span> <span class='ocrx_word' id='word_1_152' title='bbox 436 1623 487 1678; x_wconf 85' lang='lat' dir='ltr'><strong>sed</strong></span> <span class='ocrx_word' id='word_1_153' title='bbox 499 1623 564 1691; x_wconf 81' lang='lat' dir='ltr'><strong>hoc,</strong></span> <span class='ocrx_word' id='word_1_154' title='bbox 580 1641 641 1696; x_wconf 83' lang='lat' dir='ltr'><strong>qeoe</strong></span> <span class='ocrx_word' id='word_1_155' title='bbox 651 1623 678 1678; x_wconf 83' lang='lat' dir='ltr'><strong>in</strong></span> <span class='ocrx_word' id='word_1_156' title='bbox 692 1624 752 1696; x_wconf 83' lang='lat' dir='ltr'><strong>ipso</strong></span> <span class='ocrx_word' id='word_1_157' title='bbox 764 1625 909 1679; x_wconf 78' lang='lat' dir='ltr'><strong>constituto</strong></span> <span class='ocrx_word' id='word_1_158' title='bbox 920 1632 991 1692; x_wconf 83' lang='lat' dir='ltr'><strong>sunt,</strong></span> <span class='ocrx_word' id='word_1_159' title='bbox 1004 1625 1154 1696; x_wconf 76' lang='lat' dir='ltr'><strong>poneretim</strong></span> 
     </span>
     <span class='ocr_line' id='line_1_17' title="bbox 84 1702 1155 1781; baseline 0 -19"><span class='ocrx_word' id='word_1_160' title='bbox 84 1704 248 1780; x_wconf 69' lang='lat' dir='ltr'><strong>improbae.)</strong></span> <span class='ocrx_word' id='word_1_161' title='bbox 288 1703 390 1762; x_wconf 84' lang='lat' dir='ltr'><strong>3fors</strong></span> <span class='ocrx_word' id='word_1_162' title='bbox 418 1713 531 1780; x_wconf 84' lang='lat' dir='ltr'><strong>tempus</strong></span> <span class='ocrx_word' id='word_1_163' title='bbox 565 1702 638 1779; x_wconf 77' lang='lat' dir='ltr'><strong>(Mp.</strong></span> <span class='ocrx_word' id='word_1_164' title='bbox 662 1704 727 1765; x_wconf 78' lang='lat' dir='ltr'><strong>Era.</strong></span> <span class='ocrx_word' id='word_1_165' title='bbox 751 1704 803 1781; x_wconf 87' lang='grc'><strong>68)</strong></span> <span class='ocrx_word' id='word_1_166' title='bbox 840 1706 1024 1778; x_wconf 88' lang='lat' dir='ltr'><strong>5[senatus]</strong></span> <span class='ocrx_word' id='word_1_167' title='bbox 1045 1706 1155 1781; x_wconf 87' lang='lat' dir='ltr'><strong>primus</strong></span> 
     </span>
     <span class='ocr_line' id='line_1_18' title="bbox 84 1785 1158 1863; baseline 0 -18"><span class='ocrx_word' id='word_1_168' title='bbox 84 1785 201 1863; x_wconf 66' lang='lat' dir='ltr'><strong>(Gerr.)</strong></span> <span class='ocrx_word' id='word_1_169' title='bbox 241 1791 259 1845; x_wconf 88' lang='grc'><strong>6</strong></span> <span class='ocrx_word' id='word_1_170' title='bbox 282 1787 331 1862; x_wconf 92' lang='lat' dir='ltr'><strong>qui</strong></span> <span class='ocrx_word' id='word_1_171' title='bbox 363 1790 480 1844; x_wconf 82' lang='lat' dir='ltr'><strong>mioores</strong></span> <span class='ocrx_word' id='word_1_172' title='bbox 512 1787 698 1862; x_wconf 80' lang='lat' dir='ltr'><strong>magistratus</strong></span> <span class='ocrx_word' id='word_1_173' title='bbox 731 1787 874 1862; x_wconf 80' lang='lat' dir='ltr'>cepissent</span> <span class='ocrx_word' id='word_1_174' title='bbox 900 1808 913 1845; x_wconf 90' lang='lat' dir='ltr'><strong>e</strong></span> <span class='ocrx_word' id='word_1_175' title='bbox 942 1793 1009 1846; x_wconf 81' lang='lat' dir='ltr'><strong>cont.</strong></span> <span class='ocrx_word' id='word_1_176' title='bbox 1041 1788 1158 1846; x_wconf 72' lang='lat' dir='ltr'><strong>straete·</strong></span> 
     </span>
     <span class='ocr_line' id='line_1_19' title="bbox 85 1868 1154 1946; baseline 0.001 -19"><span class='ocrx_word' id='word_1_177' title='bbox 85 1869 161 1946; x_wconf 75' lang='lat' dir='ltr'><strong>(Sip.</strong></span> <span class='ocrx_word' id='word_1_178' title='bbox 181 1871 211 1926; x_wconf 91' lang='grc' dir='ltr'><strong><em>Ρ</em></strong></span> <span class='ocrx_word' id='word_1_179' title='bbox 229 1870 279 1945; x_wconf 93' lang='lat' dir='ltr'><strong>qui</strong></span> <span class='ocrx_word' id='word_1_180' title='bbox 300 1889 375 1945; x_wconf 86' lang='lat' dir='ltr'><strong>mag.</strong></span> <span class='ocrx_word' id='word_1_181' title='bbox 398 1871 475 1945; x_wconf 81' lang='lat' dir='ltr'><strong>cep.)</strong></span> <span class='ocrx_word' id='word_1_182' title='bbox 499 1873 515 1926; x_wconf 83' lang='lat'>9</span> <span class='ocrx_word' id='word_1_183' title='bbox 538 1870 613 1926; x_wconf 86' lang='lat' dir='ltr'><strong>redit</strong></span> <span class='ocrx_word' id='word_1_184' title='bbox 634 1870 715 1943; x_wconf 86' lang='lat' dir='ltr'><strong>(Pm.</strong></span> <span class='ocrx_word' id='word_1_185' title='bbox 731 1868 762 1945; x_wconf 86' lang='lat'><strong>2)</strong></span> <span class='ocrx_word' id='word_1_186' title='bbox 786 1871 907 1940; x_wconf 90' lang='lat' dir='ltr'>XXIV,</span> <span class='ocrx_word' id='word_1_187' title='bbox 941 1873 957 1928; x_wconf 83' lang='lat'>3</span> <span class='ocrx_word' id='word_1_188' title='bbox 981 1876 1069 1945; x_wconf 83' lang='lat' dir='ltr'><strong>atque</strong></span> <span class='ocrx_word' id='word_1_189' title='bbox 1093 1890 1154 1928; x_wconf 91' lang='lat' dir='ltr'><strong>mo·</strong></span> 
     </span>
     <span class='ocr_line' id='line_1_20' title="bbox 84 1950 1155 2028; baseline 0.001 -18"><span class='ocrx_word' id='word_1_190' title='bbox 84 1954 152 2010; x_wconf 89' lang='lat' dir='ltr'><strong>dice</strong></span> <span class='ocrx_word' id='word_1_191' title='bbox 185 1954 226 2025; x_wconf 93' lang='lat' dir='ltr'><strong>(P</strong></span> <span class='ocrx_word' id='word_1_192' title='bbox 243 1953 439 2025; x_wconf 88' lang='lat' dir='ltr'><strong>acdemodice)</strong></span> <span class='ocrx_word' id='word_1_193' title='bbox 464 1956 468 2028; x_wconf 93' lang='grc' dir='ltr'>Ι</span> <span class='ocrx_word' id='word_1_194' title='bbox 494 1962 661 2010; x_wconf 83' lang='lat' dir='ltr'><strong>crearentur</strong></span> <span class='ocrx_word' id='word_1_195' title='bbox 689 1950 727 2027; x_wconf 82' lang='grc' dir='ltr'><strong>ΙΙ.</strong></span> <span class='ocrx_word' id='word_1_196' title='bbox 751 1953 789 2013; x_wconf 85' lang='grc' dir='ltr'><strong>Η.</strong></span> <span class='ocrx_word' id='word_1_197' title='bbox 822 1954 913 2024; x_wconf 82' lang='lat' dir='ltr'><strong>Voss.)</strong></span> <span class='ocrx_word' id='word_1_198' title='bbox 951 1957 966 2008; x_wconf 84' lang='lat'><em>7</em></span> <span class='ocrx_word' id='word_1_199' title='bbox 992 1953 1155 2011; x_wconf 83' lang='lat' dir='ltr'><strong>occiderent</strong></span> 
     </span>
     <span class='ocr_line' id='line_1_21' title="bbox 85 2036 1153 2110; baseline 0 -18"><span class='ocrx_word' id='word_1_200' title='bbox 85 2037 218 2110; x_wconf 81' lang='lat' dir='ltr'><strong>(Dout&#39;ut.</strong></span> <span class='ocrx_word' id='word_1_201' title='bbox 246 2037 341 2092; x_wconf 83' lang='lat' dir='ltr'><strong>Possis</strong></span> <span class='ocrx_word' id='word_1_202' title='bbox 363 2039 443 2093; x_wconf 81' lang='lat' dir='ltr'><strong>etiam</strong></span> <span class='ocrx_word' id='word_1_203' title='bbox 475 2036 654 2092; x_wconf 89' lang='lat' dir='ltr'><strong>succiderent</strong></span> <span class='ocrx_word' id='word_1_204' title='bbox 675 2038 820 2110; x_wconf 74' lang='lat' dir='ltr'><strong>auspicari,</strong></span> <span class='ocrx_word' id='word_1_205' title='bbox 841 2037 901 2094; x_wconf 81' lang='lat' dir='ltr'><strong>coll.</strong></span> <span class='ocrx_word' id='word_1_206' title='bbox 925 2037 989 2092; x_wconf 88' lang='lat' dir='ltr'><strong>Em.</strong></span> <span class='ocrx_word' id='word_1_207' title='bbox 1012 2036 1082 2110; x_wconf 84' lang='lat'><strong><em>218)</em></strong></span> <span class='ocrx_word' id='word_1_208' title='bbox 1118 2040 1153 2092; x_wconf 81' lang='grc'><strong>12</strong></span> 
     </span>
     <span class='ocr_line' id='line_1_22' title="bbox 85 2119 1154 2194; baseline 0 -18"><span class='ocrx_word' id='word_1_209' title='bbox 85 2119 165 2176; x_wconf 86' lang='lat' dir='ltr'><strong>idern</strong></span> <span class='ocrx_word' id='word_1_210' title='bbox 187 2119 331 2176; x_wconf 84' lang='lat' dir='ltr'><strong>sacerdoti</strong></span> <span class='ocrx_word' id='word_1_211' title='bbox 346 2137 409 2176; x_wconf 90' lang='lat' dir='ltr'><strong>esse</strong></span> <span class='ocrx_word' id='word_1_212' title='bbox 431 2136 465 2176; x_wconf 87' lang='lat' dir='ltr'><strong>ao</strong></span> <span class='ocrx_word' id='word_1_213' title='bbox 487 2119 587 2194; x_wconf 80' lang='lat' dir='ltr'><strong>(sedin</strong></span> <span class='ocrx_word' id='word_1_214' title='bbox 598 2121 668 2175; x_wconf 82' lang='lat' dir='ltr'><strong>notis</strong></span> <span class='ocrx_word' id='word_1_215' title='bbox 682 2119 752 2174; x_wconf 77' lang='lat' dir='ltr'><strong>iden</strong></span> <span class='ocrx_word' id='word_1_216' title='bbox 765 2120 873 2194; x_wconf 83' lang='lat' dir='ltr'><strong>probet,</strong></span> <span class='ocrx_word' id='word_1_217' title='bbox 896 2120 971 2194; x_wconf 84' lang='lat' dir='ltr'><strong>quod</strong></span> <span class='ocrx_word' id='word_1_218' title='bbox 983 2137 1041 2177; x_wconf 84' lang='lat' dir='ltr'><strong>nos.</strong></span> <span class='ocrx_word' id='word_1_219' title='bbox 1081 2120 1154 2177; x_wconf 84' lang='lat' dir='ltr'><strong>Esse</strong></span> 
     </span>
     <span class='ocr_line' id='line_1_23' title="bbox 87 2200 1154 2279; baseline -0.001 -20"><span class='ocrx_word' id='word_1_220' title='bbox 87 2203 151 2259; x_wconf 86' lang='lat' dir='ltr'><strong>tolli</strong></span> <span class='ocrx_word' id='word_1_221' title='bbox 170 2204 289 2258; x_wconf 79' lang='lat' dir='ltr'><strong>iusserat</strong></span> <span class='ocrx_word' id='word_1_222' title='bbox 310 2201 436 2262; x_wconf 75' lang='lat' dir='ltr'><strong>Freinsh.</strong></span> <span class='ocrx_word' id='word_1_223' title='bbox 458 2202 488 2257; x_wconf 93' lang='lat' dir='ltr'><strong><em>P</em></strong></span> <span class='ocrx_word' id='word_1_224' title='bbox 505 2201 663 2258; x_wconf 85' lang='lat' dir='ltr'><strong>sacerdotis</strong></span> <span class='ocrx_word' id='word_1_225' title='bbox 685 2219 748 2257; x_wconf 85' lang='lat' dir='ltr'><strong>esse</strong></span> <span class='ocrx_word' id='word_1_226' title='bbox 771 2200 817 2279; x_wconf 85' lang='lat' dir='ltr'><strong>ac)</strong></span> <span class='ocrx_word' id='word_1_227' title='bbox 839 2201 943 2273; x_wconf 90' lang='lat' dir='ltr'>XXV,</span> <span class='ocrx_word' id='word_1_228' title='bbox 966 2207 984 2260; x_wconf 91' lang='grc'><strong>4</strong></span> <span class='ocrx_word' id='word_1_229' title='bbox 1008 2200 1154 2277; x_wconf 80' lang='lat' dir='ltr'><strong>(attineret</strong></span> 
     </span>
     <span class='ocr_line' id='line_1_24' title="bbox 82 2282 1152 2360; baseline 0.001 -20"><span class='ocrx_word' id='word_1_230' title='bbox 82 2304 140 2360; x_wconf 83' lang='lat' dir='ltr'><strong>pro</strong></span> <span class='ocrx_word' id='word_1_231' title='bbox 169 2285 271 2341; x_wconf 88' lang='lat' dir='ltr'><strong>attinet</strong></span> <span class='ocrx_word' id='word_1_232' title='bbox 302 2283 388 2344; x_wconf 83' lang='lat' dir='ltr'><strong>Groo.</strong></span> <span class='ocrx_word' id='word_1_233' title='bbox 416 2285 496 2344; x_wconf 83' lang='lat' dir='ltr'><strong>Fert.</strong></span> <span class='ocrx_word' id='word_1_234' title='bbox 529 2303 593 2358; x_wconf 77' lang='lat' dir='ltr'><strong>quae</strong></span> <span class='ocrx_word' id='word_1_235' title='bbox 622 2285 660 2341; x_wconf 86' lang='lat' dir='ltr'><strong>ad</strong></span> <span class='ocrx_word' id='word_1_236' title='bbox 689 2282 804 2346; x_wconf 80' lang='lat' dir='ltr'><strong>Carth..</strong></span> <span class='ocrx_word' id='word_1_237' title='bbox 817 2328 845 2345; x_wconf 85' lang='lat'><strong>..</strong></span> <span class='ocrx_word' id='word_1_238' title='bbox 885 2285 1055 2354; x_wconf 85' lang='lat' dir='ltr'><strong>attinerent,</strong></span> <span class='ocrx_word' id='word_1_239' title='bbox 1085 2304 1152 2360; x_wconf 85' lang='lat' dir='ltr'><strong>pro·</strong></span> 
     </span>
     <span class='ocr_line' id='line_1_25' title="bbox 86 2365 1154 2444; baseline 0.001 -20"><span class='ocrx_word' id='word_1_240' title='bbox 86 2385 184 2443; x_wconf 82' lang='lat' dir='ltr'><strong>spera.</strong></span> <span class='ocrx_word' id='word_1_241' title='bbox 199 2367 265 2424; x_wconf 63' lang='lat' dir='ltr'><strong>aaa.</strong></span> <span class='ocrx_word' id='word_1_242' title='bbox 281 2365 355 2443; x_wconf 84' lang='grc'><em>263)</em></span> <span class='ocrx_word' id='word_1_243' title='bbox 379 2371 464 2425; x_wconf 87' lang='lat' dir='ltr'><strong>6nee</strong></span> <span class='ocrx_word' id='word_1_244' title='bbox 487 2367 561 2424; x_wconf 89' lang='lat' dir='ltr'><strong>unde</strong></span> <span class='ocrx_word' id='word_1_245' title='bbox 586 2366 752 2423; x_wconf 86' lang='lat' dir='ltr'><strong>consulares</strong></span> <span class='ocrx_word' id='word_1_246' title='bbox 775 2366 848 2444; x_wconf 78' lang='lat' dir='ltr'><strong>(Mq.</strong></span> <span class='ocrx_word' id='word_1_247' title='bbox 872 2367 936 2424; x_wconf 86' lang='lat' dir='ltr'><strong>Em.</strong></span> <span class='ocrx_word' id='word_1_248' title='bbox 959 2369 1029 2425; x_wconf 82' lang='grc'><em>264.</em></span> <span class='ocrx_word' id='word_1_249' title='bbox 1053 2367 1083 2424; x_wconf 91' lang='lat' dir='ltr'><strong><em>P</em></strong></span> <span class='ocrx_word' id='word_1_250' title='bbox 1101 2386 1154 2425; x_wconf 87' lang='lat' dir='ltr'><strong>nec</strong></span> 
     </span>
     <span class='ocr_line' id='line_1_26' title="bbox 87 2448 1155 2526; baseline -0.001 -18"><span class='ocrx_word' id='word_1_251' title='bbox 87 2452 166 2508; x_wconf 90' lang='lat' dir='ltr'><strong>undo</strong></span> <span class='ocrx_word' id='word_1_252' title='bbox 190 2448 369 2526; x_wconf 79' lang='lat' dir='ltr'><strong>consulares)</strong></span> <span class='ocrx_word' id='word_1_253' title='bbox 394 2453 465 2506; x_wconf 78' lang='lat' dir='ltr'><strong>Sex</strong></span> <span class='ocrx_word' id='word_1_254' title='bbox 486 2451 551 2507; x_wconf 90' lang='lat' dir='ltr'><strong>Iuni</strong></span> <span class='ocrx_word' id='word_1_255' title='bbox 574 2451 723 2507; x_wconf 81' lang='lat' dir='ltr'><strong>dictatoris</strong></span> <span class='ocrx_word' id='word_1_256' title='bbox 754 2453 855 2508; x_wconf 81' lang='lat' dir='ltr'><strong>eccui.</strong></span> <span class='ocrx_word' id='word_1_257' title='bbox 880 2450 962 2523; x_wconf 83' lang='lat' dir='ltr'><strong><em>(Om.</em></strong></span> <span class='ocrx_word' id='word_1_258' title='bbox 975 2452 1004 2508; x_wconf 88' lang='grc'><strong>2.</strong></span> <span class='ocrx_word' id='word_1_259' title='bbox 1027 2452 1056 2507; x_wconf 91' lang='lat' dir='ltr'><em>P</em></span> <span class='ocrx_word' id='word_1_260' title='bbox 1074 2451 1155 2507; x_wconf 88' lang='lat' dir='ltr'><strong>exin·</strong></span> 
     </span>
     <span class='ocr_line' id='line_1_27' title="bbox 88 2529 1155 2610; baseline 0 -21"><span class='ocrx_word' id='word_1_261' title='bbox 88 2532 253 2609; x_wconf 86' lang='lat' dir='ltr'><strong>dictatoris)</strong></span> <span class='ocrx_word' id='word_1_262' title='bbox 279 2529 284 2610; x_wconf 94' lang='grc' dir='ltr'>Ι</span> <span class='ocrx_word' id='word_1_263' title='bbox 313 2533 367 2589; x_wconf 90' lang='lat' dir='ltr'><strong>nisi</strong></span> <span class='ocrx_word' id='word_1_264' title='bbox 398 2533 446 2607; x_wconf 90' lang='lat' dir='ltr'><strong>qui</strong></span> <span class='ocrx_word' id='word_1_265' title='bbox 479 2533 558 2608; x_wconf 86' lang='lat' dir='ltr'><strong>stip..</strong></span> <span class='ocrx_word' id='word_1_266' title='bbox 573 2576 600 2594; x_wconf 87' lang='lat'><strong>..</strong></span> <span class='ocrx_word' id='word_1_267' title='bbox 637 2543 733 2589; x_wconf 90' lang='lat' dir='ltr'><strong>essent</strong></span> <span class='ocrx_word' id='word_1_268' title='bbox 761 2531 835 2609; x_wconf 63' lang='lat' dir='ltr'><strong>(My.</strong></span> <span class='ocrx_word' id='word_1_269' title='bbox 857 2533 923 2594; x_wconf 64' lang='lat' dir='ltr'><strong>Eun.</strong></span> <span class='ocrx_word' id='word_1_270' title='bbox 945 2535 1015 2592; x_wconf 84' lang='grc'><em>264.</em></span> <span class='ocrx_word' id='word_1_271' title='bbox 1048 2535 1078 2590; x_wconf 91' lang='grc' dir='ltr'><strong><em>Ρ</em></strong></span> <span class='ocrx_word' id='word_1_272' title='bbox 1100 2533 1155 2590; x_wconf 89' lang='lat' dir='ltr'><strong>nisi</strong></span> 
     </span>
     <span class='ocr_line' id='line_1_28' title="bbox 89 2616 1155 2691; baseline 0.001 -19"><span class='ocrx_word' id='word_1_273' title='bbox 89 2617 139 2690; x_wconf 89' lang='lat' dir='ltr'><strong>qui</strong></span> <span class='ocrx_word' id='word_1_274' title='bbox 161 2617 244 2690; x_wconf 86' lang='lat' dir='ltr'><strong>stip..</strong></span> <span class='ocrx_word' id='word_1_275' title='bbox 257 2660 285 2676; x_wconf 86' lang='lat'><strong>..</strong></span> <span class='ocrx_word' id='word_1_276' title='bbox 315 2617 401 2688; x_wconf 91' lang='lat' dir='ltr'><strong>esset)</strong></span> <span class='ocrx_word' id='word_1_277' title='bbox 435 2619 464 2672; x_wconf 88' lang='lat' dir='ltr'><strong>lt</strong></span> <span class='ocrx_word' id='word_1_278' title='bbox 485 2616 641 2691; x_wconf 84' lang='lat' dir='ltr'><strong>propagari</strong></span> <span class='ocrx_word' id='word_1_279' title='bbox 666 2617 758 2688; x_wconf 84' lang='lat' dir='ltr'><strong>(codd.</strong></span> <span class='ocrx_word' id='word_1_280' title='bbox 780 2617 859 2690; x_wconf 80' lang='lat' dir='ltr'><strong>rece.)</strong></span> <span class='ocrx_word' id='word_1_281' title='bbox 881 2617 1002 2687; x_wconf 90' lang='lat' dir='ltr'>XXVI,</span> <span class='ocrx_word' id='word_1_282' title='bbox 1032 2617 1155 2691; x_wconf 74' lang='lat' dir='ltr'><strong>Ipedi-</strong></span> 
     </span>
     <span class='ocr_line' id='line_1_29' title="bbox 90 2697 1155 2774; baseline -0.001 -20"><span class='ocrx_word' id='word_1_283' title='bbox 90 2709 149 2755; x_wconf 88' lang='lat' dir='ltr'><strong>tum</strong></span> <span class='ocrx_word' id='word_1_284' title='bbox 174 2708 202 2754; x_wconf 87' lang='lat' dir='ltr'><strong>et</strong></span> <span class='ocrx_word' id='word_1_285' title='bbox 224 2697 301 2754; x_wconf 82' lang='lat' dir='ltr'><strong>mille</strong></span> <span class='ocrx_word' id='word_1_286' title='bbox 317 2699 427 2772; x_wconf 83' lang='lat' dir='ltr'><strong>equites</strong></span> <span class='ocrx_word' id='word_1_287' title='bbox 448 2699 556 2770; x_wconf 75' lang='lat' dir='ltr'><strong>(Aiacis.</strong></span> <span class='ocrx_word' id='word_1_288' title='bbox 571 2699 600 2754; x_wconf 94' lang='lat' dir='ltr'><em>P</em></span> <span class='ocrx_word' id='word_1_289' title='bbox 610 2699 737 2774; x_wconf 88' lang='lat' dir='ltr'><strong>peditum</strong></span> <span class='ocrx_word' id='word_1_290' title='bbox 753 2701 780 2755; x_wconf 73' lang='lat' dir='ltr'><strong>Se</strong></span> <span class='ocrx_word' id='word_1_291' title='bbox 794 2699 914 2773; x_wconf 87' lang='lat' dir='ltr'><strong>equites.</strong></span> <span class='ocrx_word' id='word_1_292' title='bbox 938 2699 1030 2756; x_wconf 83' lang='lat' dir='ltr'><strong>Drok.</strong></span> <span class='ocrx_word' id='word_1_293' title='bbox 1045 2699 1109 2774; x_wconf 88' lang='lat' dir='ltr'><strong>ped.</strong></span> <span class='ocrx_word' id='word_1_294' title='bbox 1127 2709 1155 2754; x_wconf 91' lang='lat' dir='ltr'><strong>et</strong></span> 
     </span>
     <span class='ocr_line' id='line_1_30' title="bbox 91 2778 1156 2858; baseline -0.001 -20"><span class='ocrx_word' id='word_1_295' title='bbox 91 2780 239 2855; x_wconf 87' lang='lat' dir='ltr'><strong>quingenti</strong></span> <span class='ocrx_word' id='word_1_296' title='bbox 252 2778 311 2856; x_wconf 79' lang='lat' dir='ltr'><strong>eq.)</strong></span> <span class='ocrx_word' id='word_1_297' title='bbox 329 2785 343 2837; x_wconf 83' lang='lat'><strong>7</strong></span> <span class='ocrx_word' id='word_1_298' title='bbox 359 2781 496 2855; x_wconf 89' lang='lat' dir='ltr'><strong>(equitum</strong></span> <span class='ocrx_word' id='word_1_299' title='bbox 509 2790 621 2856; x_wconf 77' lang='lat' dir='ltr'><strong>partem</strong></span> <span class='ocrx_word' id='word_1_300' title='bbox 634 2781 749 2838; x_wconf 75' lang='lat' dir='ltr'><strong>Fischer</strong></span> <span class='ocrx_word' id='word_1_301' title='bbox 758 2782 951 2858; x_wconf 85' lang='lat' dir='ltr'><strong>prepeditum</strong></span> <span class='ocrx_word' id='word_1_302' title='bbox 964 2781 1005 2856; x_wconf 81' lang='lat' dir='ltr'><strong>p.)</strong></span> <span class='ocrx_word' id='word_1_303' title='bbox 1025 2781 1029 2854; x_wconf 87' lang='grc' dir='ltr'>Ι</span> <span class='ocrx_word' id='word_1_304' title='bbox 1048 2781 1156 2838; x_wconf 83' lang='lat' dir='ltr'><strong>dimisit</strong></span> 
     </span>
     <span class='ocr_line' id='line_1_31' title="bbox 92 2863 1153 2940; baseline 0 -21"><span class='ocrx_word' id='word_1_305' title='bbox 92 2873 123 2920; x_wconf 92' lang='lat' dir='ltr'><strong>ut</strong></span> <span class='ocrx_word' id='word_1_306' title='bbox 151 2863 326 2937; x_wconf 80' lang='lat' dir='ltr'><strong>(Heueinper.</strong></span> <span class='ocrx_word' id='word_1_307' title='bbox 378 2863 436 2920; x_wconf 80' lang='lat' dir='ltr'><strong>Sed</strong></span> <span class='ocrx_word' id='word_1_308' title='bbox 451 2873 589 2938; x_wconf 77' lang='lat' dir='ltr'><strong>preterea</strong></span> <span class='ocrx_word' id='word_1_309' title='bbox 611 2865 647 2920; x_wconf 87' lang='lat' dir='ltr'><strong>ad</strong></span> <span class='ocrx_word' id='word_1_310' title='bbox 670 2864 866 2940; x_wconf 87' lang='lat' dir='ltr'><strong>populandum</strong></span> <span class='ocrx_word' id='word_1_311' title='bbox 892 2865 975 2921; x_wconf 73' lang='lat' dir='ltr'><strong>aetthi</strong></span> <span class='ocrx_word' id='word_1_312' title='bbox 996 2864 1081 2932; x_wconf 84' lang='lat' dir='ltr'><strong>debet,</strong></span> <span class='ocrx_word' id='word_1_313' title='bbox 1102 2884 1153 2920; x_wconf 81' lang='lat' dir='ltr'><strong>non</strong></span> 
     </span>
     <span class='ocr_line' id='line_1_32' title="bbox 93 2945 1155 3022; baseline 0 -20"><span class='ocrx_word' id='word_1_314' title='bbox 93 2947 131 3003; x_wconf 89' lang='lat' dir='ltr'><strong>ad</strong></span> <span class='ocrx_word' id='word_1_315' title='bbox 153 2947 258 3022; x_wconf 85' lang='lat' dir='ltr'><strong>depop.</strong></span> <span class='ocrx_word' id='word_1_316' title='bbox 306 2945 404 3020; x_wconf 85' lang='lat' dir='ltr'><strong>Neque</strong></span> <span class='ocrx_word' id='word_1_317' title='bbox 424 2949 493 3002; x_wconf 85' lang='lat' dir='ltr'><strong>enim</strong></span> <span class='ocrx_word' id='word_1_318' title='bbox 514 2946 685 3022; x_wconf 86' lang='lat' dir='ltr'><strong>depopulari</strong></span> <span class='ocrx_word' id='word_1_319' title='bbox 714 2948 836 3003; x_wconf 83' lang='lat' dir='ltr'><strong>obsolute</strong></span> <span class='ocrx_word' id='word_1_320' title='bbox 857 2947 964 3004; x_wconf 69' lang='grc' dir='ltr'><strong>ἀὲοἰίιιν.</strong></span> <span class='ocrx_word' id='word_1_321' title='bbox 1010 2945 1155 3002; x_wconf 77' lang='lat' dir='ltr'><strong>Gerainoto</strong></span> 
     </span>
     <span class='ocr_line' id='line_1_33' title="bbox 93 3029 1153 3104; baseline -0.002 -18"><span class='ocrx_word' id='word_1_322' title='bbox 93 3031 180 3086; x_wconf 81' lang='lat' dir='ltr'><strong>altero</strong></span> <span class='ocrx_word' id='word_1_323' title='bbox 196 3032 400 3104; x_wconf 73' lang='lat' dir='ltr'><strong>propositionis</strong></span> <span class='ocrx_word' id='word_1_324' title='bbox 430 3032 521 3086; x_wconf 83' lang='lat' dir='ltr'><strong>littera</strong></span> <span class='ocrx_word' id='word_1_325' title='bbox 548 3031 660 3102; x_wconf 79' lang='lat' dir='ltr'><strong>nocuit.)</strong></span> <span class='ocrx_word' id='word_1_326' title='bbox 693 3032 735 3086; x_wconf 72' lang='lat'><strong>&#39;10</strong></span> <span class='ocrx_word' id='word_1_327' title='bbox 766 3029 893 3104; x_wconf 88' lang='lat' dir='ltr'><strong>(flumine</strong></span> <span class='ocrx_word' id='word_1_328' title='bbox 923 3029 1008 3084; x_wconf 88' lang='lat' dir='ltr'><strong>etiam</strong></span> <span class='ocrx_word' id='word_1_329' title='bbox 1039 3029 1153 3085; x_wconf 91' lang='lat' dir='ltr'><strong>obiecto</strong></span> 
     </span>
     <span class='ocr_line' id='line_1_34' title="bbox 94 3111 1153 3186; baseline -0.002 -18"><span class='ocrx_word' id='word_1_330' title='bbox 94 3121 182 3169; x_wconf 87' lang='lat' dir='ltr'><strong>tutum</strong></span> <span class='ocrx_word' id='word_1_331' title='bbox 213 3113 323 3168; x_wconf 80' lang='lat' dir='ltr'><strong>Hecrw.</strong></span> <span class='ocrx_word' id='word_1_332' title='bbox 351 3120 377 3168; x_wconf 90' lang='lat' dir='ltr'><strong>et</strong></span> <span class='ocrx_word' id='word_1_333' title='bbox 404 3113 463 3186; x_wconf 62' lang='lat' dir='ltr'><strong>My.</strong></span> <span class='ocrx_word' id='word_1_334' title='bbox 494 3113 558 3173; x_wconf 86' lang='lat' dir='ltr'><strong>Em.</strong></span> <span class='ocrx_word' id='word_1_335' title='bbox 581 3114 642 3168; x_wconf 73' lang='lat'><strong>265</strong></span> <span class='ocrx_word' id='word_1_336' title='bbox 663 3131 689 3168; x_wconf 88' lang='lat' dir='ltr'><strong>n.</strong></span> <span class='ocrx_word' id='word_1_337' title='bbox 713 3113 742 3168; x_wconf 91' lang='lat' dir='ltr'><em>P</em></span> <span class='ocrx_word' id='word_1_338' title='bbox 767 3121 793 3168; x_wconf 86' lang='lat' dir='ltr'><strong>ct</strong></span> <span class='ocrx_word' id='word_1_339' title='bbox 813 3111 905 3171; x_wconf 84' lang='lat' dir='ltr'><strong>Drolc.</strong></span> <span class='ocrx_word' id='word_1_340' title='bbox 929 3120 1021 3168; x_wconf 88' lang='lat' dir='ltr'><strong>tutum</strong></span> <span class='ocrx_word' id='word_1_341' title='bbox 1051 3112 1080 3168; x_wconf 87' lang='lat' dir='ltr'><strong>fl.</strong></span> <span class='ocrx_word' id='word_1_342' title='bbox 1116 3121 1153 3167; x_wconf 88' lang='lat' dir='ltr'><strong>et.</strong></span> 
     </span>
     <span class='ocr_line' id='line_1_35' title="bbox 95 3192 1154 3271; baseline -0.002 -19"><span class='ocrx_word' id='word_1_343' title='bbox 95 3196 205 3254; x_wconf 90' lang='lat' dir='ltr'><strong>obiecto</strong></span> <span class='ocrx_word' id='word_1_344' title='bbox 227 3195 301 3271; x_wconf 88' lang='lat' dir='ltr'><strong>tum)</strong></span> <span class='ocrx_word' id='word_1_345' title='bbox 321 3192 325 3269; x_wconf 88' lang='grc' dir='ltr'>Ι</span> <span class='ocrx_word' id='word_1_346' title='bbox 344 3195 452 3270; x_wconf 87' lang='lat' dir='ltr'><strong>recepit</strong></span> <span class='ocrx_word' id='word_1_347' title='bbox 475 3193 576 3268; x_wconf 80' lang='lat' dir='ltr'><strong>(Gron.</strong></span> <span class='ocrx_word' id='word_1_348' title='bbox 599 3194 691 3270; x_wconf 76' lang='lat' dir='ltr'><strong>tuce‘te)</strong></span> <span class='ocrx_word' id='word_1_349' title='bbox 714 3195 851 3266; x_wconf 87' lang='lat' dir='ltr'>XXVII,</span> <span class='ocrx_word' id='word_1_350' title='bbox 875 3194 999 3252; x_wconf 77' lang='lat' dir='ltr'><strong>tnuutii</strong></span> <span class='ocrx_word' id='word_1_351' title='bbox 1022 3213 1055 3251; x_wconf 92' lang='lat' dir='ltr'><strong>ac</strong></span> <span class='ocrx_word' id='word_1_352' title='bbox 1077 3192 1154 3250; x_wconf 86' lang='lat' dir='ltr'><strong>refu·</strong></span> 
     </span>
     <span class='ocr_line' id='line_1_36' title="bbox 94 3276 1153 3353; baseline -0.002 -19"><span class='ocrx_word' id='word_1_353' title='bbox 94 3279 200 3353; x_wconf 85' lang='lat' dir='ltr'><strong>gientes</strong></span> <span class='ocrx_word' id='word_1_354' title='bbox 234 3277 342 3350; x_wconf 81' lang='lat' dir='ltr'><strong>(Alseh.</strong></span> <span class='ocrx_word' id='word_1_355' title='bbox 365 3297 379 3334; x_wconf 89' lang='lat' dir='ltr'><strong>e</strong></span> <span class='ocrx_word' id='word_1_356' title='bbox 400 3279 440 3334; x_wconf 85' lang='lat' dir='ltr'><strong>P:</strong></span> <span class='ocrx_word' id='word_1_357' title='bbox 462 3277 760 3352; x_wconf 79' lang='lat' dir='ltr'><strong>nuntiaresfugientes.</strong></span> <span class='ocrx_word' id='word_1_358' title='bbox 790 3278 883 3334; x_wconf 82' lang='lat' dir='ltr'><strong>Prone</strong></span> <span class='ocrx_word' id='word_1_359' title='bbox 903 3278 1003 3347; x_wconf 90' lang='lat' dir='ltr'><strong>nuntii,</strong></span> <span class='ocrx_word' id='word_1_360' title='bbox 1037 3280 1085 3351; x_wconf 83' lang='lat' dir='ltr'><strong>qut</strong></span> <span class='ocrx_word' id='word_1_361' title='bbox 1105 3276 1153 3332; x_wconf 84' lang='lat' dir='ltr'><strong>ab·</strong></span> 
     </span>
     <span class='ocr_line' id='line_1_37' title="bbox 95 3359 1156 3436; baseline -0.004 -18"><span class='ocrx_word' id='word_1_362' title='bbox 95 3363 178 3418; x_wconf 81' lang='lat' dir='ltr'><strong>solute</strong></span> <span class='ocrx_word' id='word_1_363' title='bbox 209 3362 402 3436; x_wconf 77' lang='lat' dir='ltr'><strong>appellentur,</strong></span> <span class='ocrx_word' id='word_1_364' title='bbox 434 3371 599 3436; x_wconf 80' lang='lat' dir='ltr'><strong>separantur</strong></span> <span class='ocrx_word' id='word_1_365' title='bbox 627 3379 645 3416; x_wconf 90' lang='lat' dir='ltr'><strong>o</strong></span> <span class='ocrx_word' id='word_1_366' title='bbox 674 3359 903 3434; x_wconf 85' lang='lat' dir='ltr'><strong>refugientibus.)</strong></span> <span class='ocrx_word' id='word_1_367' title='bbox 942 3365 961 3418; x_wconf 83' lang='grc' dir='ltr'><strong>Ι7</strong></span> <span class='ocrx_word' id='word_1_368' title='bbox 996 3359 1156 3434; x_wconf 85' lang='lat' dir='ltr'><strong>(applicant</strong></span> 
     </span>
     <span class='ocr_line' id='line_1_38' title="bbox 102 3440 1155 3519; baseline -0.005 -16"><span class='ocrx_word' id='word_1_369' title='bbox 102 3444 196 3503; x_wconf 80' lang='lat' dir='ltr'><strong>Weiss.</strong></span> <span class='ocrx_word' id='word_1_370' title='bbox 215 3461 271 3518; x_wconf 83' lang='lat' dir='ltr'><strong>pro</strong></span> <span class='ocrx_word' id='word_1_371' title='bbox 294 3443 484 3519; x_wconf 88' lang='lat' dir='ltr'><strong>applicantur.</strong></span> <span class='ocrx_word' id='word_1_372' title='bbox 506 3444 535 3500; x_wconf 94' lang='lat' dir='ltr'><em>P</em></span> <span class='ocrx_word' id='word_1_373' title='bbox 552 3440 851 3519; x_wconf 83' lang='lat' dir='ltr'><strong>applicanturmaque)</strong></span> <span class='ocrx_word' id='word_1_374' title='bbox 875 3442 946 3518; x_wconf 83' lang='lat' dir='ltr'><strong>9(in</strong></span> <span class='ocrx_word' id='word_1_375' title='bbox 969 3452 1055 3518; x_wconf 88' lang='lat' dir='ltr'><strong>pacto</strong></span> <span class='ocrx_word' id='word_1_376' title='bbox 1078 3441 1155 3498; x_wconf 87' lang='lat' dir='ltr'><strong>Stro-</strong></span> 
     </span>
     <span class='ocr_line' id='line_1_39' title="bbox 97 3523 1159 3602; baseline -0.004 -19"><span class='ocrx_word' id='word_1_377' title='bbox 97 3527 164 3584; x_wconf 75' lang='lat' dir='ltr'><strong>ttius</strong></span> <span class='ocrx_word' id='word_1_378' title='bbox 181 3543 237 3602; x_wconf 83' lang='lat' dir='ltr'><strong>pro</strong></span> <span class='ocrx_word' id='word_1_379' title='bbox 258 3526 287 3583; x_wconf 92' lang='lat' dir='ltr'><strong>in</strong></span> <span class='ocrx_word' id='word_1_380' title='bbox 309 3527 427 3602; x_wconf 87' lang='lat' dir='ltr'><strong>pacato)</strong></span> <span class='ocrx_word' id='word_1_381' title='bbox 453 3529 485 3583; x_wconf 82' lang='lat' dir='ltr'><strong>ii</strong></span> <span class='ocrx_word' id='word_1_382' title='bbox 512 3527 694 3600; x_wconf 86' lang='lat' dir='ltr'><strong>relinqueret,</strong></span> <span class='ocrx_word' id='word_1_383' title='bbox 713 3545 804 3601; x_wconf 88' lang='lat' dir='ltr'><strong>prope</strong></span> <span class='ocrx_word' id='word_1_384' title='bbox 826 3545 876 3582; x_wconf 91' lang='lat' dir='ltr'><strong>eos</strong></span> <span class='ocrx_word' id='word_1_385' title='bbox 898 3524 998 3600; x_wconf 77' lang='lat' dir='ltr'><strong>(Grec.</strong></span> <span class='ocrx_word' id='word_1_386' title='bbox 1022 3525 1086 3582; x_wconf 89' lang='lat' dir='ltr'><strong>Pm.</strong></span> <span class='ocrx_word' id='word_1_387' title='bbox 1100 3523 1159 3580; x_wconf 81' lang='lat'><strong>20</strong></span> 
     </span>
     <span class='ocr_line' id='line_1_40' title="bbox 96 3609 1156 3684; baseline -0.004 -18"><span class='ocrx_word' id='word_1_388' title='bbox 96 3609 266 3683; x_wconf 86' lang='lat' dir='ltr'><strong>relinqueret</strong></span> <span class='ocrx_word' id='word_1_389' title='bbox 292 3627 346 3684; x_wconf 89' lang='lat' dir='ltr'><strong>pro</strong></span> <span class='ocrx_word' id='word_1_390' title='bbox 368 3627 408 3678; x_wconf 88' lang='lat' dir='ltr'><strong>se,</strong></span> <span class='ocrx_word' id='word_1_391' title='bbox 430 3629 481 3666; x_wconf 87' lang='lat' dir='ltr'><strong>om.</strong></span> <span class='ocrx_word' id='word_1_392' title='bbox 505 3627 563 3666; x_wconf 91' lang='lat' dir='ltr'><strong>eos.</strong></span> <span class='ocrx_word' id='word_1_393' title='bbox 606 3609 640 3666; x_wconf 86' lang='lat' dir='ltr'><strong>In</strong></span> <span class='ocrx_word' id='word_1_394' title='bbox 661 3611 800 3682; x_wconf 73' lang='lat' dir='ltr'><strong>accepturo</strong></span> <span class='ocrx_word' id='word_1_395' title='bbox 821 3609 893 3669; x_wconf 84' lang='lat' dir='ltr'><strong>Pm.</strong></span> <span class='ocrx_word' id='word_1_396' title='bbox 910 3611 927 3663; x_wconf 90' lang='lat'><strong><em>1</em></strong></span> <span class='ocrx_word' id='word_1_397' title='bbox 946 3625 1094 3682; x_wconf 80' lang='lat' dir='ltr'><strong>perversus</strong></span> <span class='ocrx_word' id='word_1_398' title='bbox 1116 3616 1156 3663; x_wconf 84' lang='lat' dir='ltr'><strong>eat</strong></span> 
     </span>
     <span class='ocr_line' id='line_1_41' title="bbox 97 3689 1151 3768; baseline -0.004 -20"><span class='ocrx_word' id='word_1_399' title='bbox 97 3693 233 3749; x_wconf 60' lang='lat' dir='ltr'><strong>cuborum</strong></span> <span class='ocrx_word' id='word_1_400' title='bbox 265 3693 350 3760; x_wconf 82' lang='lat' dir='ltr'><strong>ordo,</strong></span> <span class='ocrx_word' id='word_1_401' title='bbox 383 3711 431 3748; x_wconf 87' lang='lat' dir='ltr'><strong>nec</strong></span> <span class='ocrx_word' id='word_1_402' title='bbox 459 3694 494 3748; x_wconf 85' lang='lat' dir='ltr'><strong>de</strong></span> <span class='ocrx_word' id='word_1_403' title='bbox 509 3693 716 3767; x_wconf 81' lang='lat' dir='ltr'><strong>propinquitate</strong></span> <span class='ocrx_word' id='word_1_404' title='bbox 737 3689 851 3767; x_wconf 77' lang='lat' dir='ltr'><strong>opiter.)</strong></span> <span class='ocrx_word' id='word_1_405' title='bbox 880 3689 995 3768; x_wconf 69' lang='lat' dir='ltr'><strong>{possit</strong></span> <span class='ocrx_word' id='word_1_406' title='bbox 1020 3689 1151 3764; x_wconf 70' lang='lat' dir='ltr'><strong>(For-eth.</strong></span> 
     </span>
     <span class='ocr_line' id='line_1_42' title="bbox 99 3775 1156 3849; baseline -0.005 -18"><span class='ocrx_word' id='word_1_407' title='bbox 99 3775 129 3830; x_wconf 85' lang='lat' dir='ltr'><strong>In</strong></span> <span class='ocrx_word' id='word_1_408' title='bbox 148 3776 200 3831; x_wconf 73' lang='lat' dir='ltr'><strong>hoc</strong></span> <span class='ocrx_word' id='word_1_409' title='bbox 221 3776 289 3831; x_wconf 81' lang='lat' dir='ltr'><strong>serie</strong></span> <span class='ocrx_word' id='word_1_410' title='bbox 303 3777 518 3849; x_wconf 70' lang='lat' dir='ltr'><strong>Imperfectorom</strong></span> <span class='ocrx_word' id='word_1_411' title='bbox 534 3784 559 3831; x_wconf 85' lang='lat' dir='ltr'><strong>et</strong></span> <span class='ocrx_word' id='word_1_412' title='bbox 569 3775 779 3848; x_wconf 76' lang='lat' dir='ltr'><strong>precedentium</strong></span> <span class='ocrx_word' id='word_1_413' title='bbox 801 3783 827 3829; x_wconf 89' lang='lat' dir='ltr'><strong>et</strong></span> <span class='ocrx_word' id='word_1_414' title='bbox 847 3775 1066 3847; x_wconf 80' lang='lat' dir='ltr'><strong>subsequentium</strong></span> <span class='ocrx_word' id='word_1_415' title='bbox 1080 3775 1156 3845; x_wconf 78' lang='lat' dir='ltr'><strong>ferri</strong></span> 
     </span>
     <span class='ocr_line' id='line_1_43' title="bbox 96 3853 1154 3934; baseline -0.001 -20"><span class='ocrx_word' id='word_1_416' title='bbox 96 3875 213 3932; x_wconf 80' lang='lat' dir='ltr'><strong>presens</strong></span> <span class='ocrx_word' id='word_1_417' title='bbox 234 3856 347 3934; x_wconf 78' lang='lat' dir='ltr'><strong>nequit.)</strong></span> <span class='ocrx_word' id='word_1_418' title='bbox 381 3858 538 3924; x_wconf 88' lang='lat' dir='ltr'>XXVIII,</span> <span class='ocrx_word' id='word_1_419' title='bbox 573 3858 653 3929; x_wconf 84' lang='grc' dir='ltr'><strong>4ΙΡ</strong></span> <span class='ocrx_word' id='word_1_420' title='bbox 670 3856 831 3913; x_wconf 83' lang='lat' dir='ltr'><strong>edocuisset</strong></span> <span class='ocrx_word' id='word_1_421' title='bbox 854 3856 931 3930; x_wconf 86' lang='lat' dir='ltr'><strong>ipse;</strong></span> <span class='ocrx_word' id='word_1_422' title='bbox 964 3873 1033 3911; x_wconf 78' lang='lat' dir='ltr'><strong>corr.</strong></span> <span class='ocrx_word' id='word_1_423' title='bbox 1057 3853 1154 3913; x_wconf 78' lang='lat' dir='ltr'><strong>Alsch.</strong></span> 
     </span>
     <span class='ocr_line' id='line_1_44' title="bbox 95 3935 1154 4017; baseline -0.007 -19"><span class='ocrx_word' id='word_1_424' title='bbox 95 3950 156 4016; x_wconf 86' lang='lat' dir='ltr'><strong>post</strong></span> <span class='ocrx_word' id='word_1_425' title='bbox 183 3940 300 4000; x_wconf 75' lang='lat' dir='ltr'><strong>Vellere</strong></span> <span class='ocrx_word' id='word_1_426' title='bbox 349 3940 442 4000; x_wconf 80' lang='lat' dir='ltr'><strong>Drok.</strong></span> <span class='ocrx_word' id='word_1_427' title='bbox 466 3939 628 3998; x_wconf 87' lang='lat' dir='ltr'><strong>edidicisset</strong></span> <span class='ocrx_word' id='word_1_428' title='bbox 649 3940 723 4015; x_wconf 91' lang='lat' dir='ltr'><strong>ipse)</strong></span> <span class='ocrx_word' id='word_1_429' title='bbox 743 3936 747 4017; x_wconf 96' lang='grc' dir='ltr'>Ι</span> <span class='ocrx_word' id='word_1_430' title='bbox 765 3938 839 3995; x_wconf 87' lang='lat' dir='ltr'><strong>redit</strong></span> <span class='ocrx_word' id='word_1_431' title='bbox 871 3937 951 4010; x_wconf 85' lang='lat' dir='ltr'><strong>(Pm.</strong></span> <span class='ocrx_word' id='word_1_432' title='bbox 969 3935 1001 4012; x_wconf 86' lang='grc'><strong>2)</strong></span> <span class='ocrx_word' id='word_1_433' title='bbox 1032 3937 1154 4004; x_wconf 92' lang='lat' dir='ltr'>XXIX,</span> 
     </span>
     <span class='ocr_line' id='line_1_45' title="bbox 101 4017 1155 4097; baseline -0.004 -19"><span class='ocrx_word' id='word_1_434' title='bbox 101 4026 115 4079; x_wconf 88' lang='grc'><em>2</em></span> <span class='ocrx_word' id='word_1_435' title='bbox 142 4033 185 4079; x_wconf 88' lang='lat' dir='ltr'><strong>est</strong></span> <span class='ocrx_word' id='word_1_436' title='bbox 214 4025 270 4078; x_wconf 84' lang='lat' dir='ltr'><strong>sine</strong></span> <span class='ocrx_word' id='word_1_437' title='bbox 293 4025 369 4079; x_wconf 83' lang='lat' dir='ltr'><strong>uncis</strong></span> <span class='ocrx_word' id='word_1_438' title='bbox 391 4024 466 4097; x_wconf 80' lang='lat' dir='ltr'><strong>(Mp.</strong></span> <span class='ocrx_word' id='word_1_439' title='bbox 489 4021 550 4078; x_wconf 81' lang='lat' dir='ltr'><strong>Alii</strong></span> <span class='ocrx_word' id='word_1_440' title='bbox 572 4025 688 4079; x_wconf 81' lang='lat' dir='ltr'><strong>atteram</strong></span> <span class='ocrx_word' id='word_1_441' title='bbox 717 4029 760 4078; x_wconf 90' lang='lat' dir='ltr'><strong>est</strong></span> <span class='ocrx_word' id='word_1_442' title='bbox 788 4017 955 4096; x_wconf 83' lang='lat' dir='ltr'><strong>omiserunt.)</strong></span> <span class='ocrx_word' id='word_1_443' title='bbox 995 4019 1013 4074; x_wconf 81' lang='lat'><strong>3</strong></span> <span class='ocrx_word' id='word_1_444' title='bbox 1036 4028 1155 4094; x_wconf 83' lang='lat' dir='ltr'><strong>accepts</strong></span> 
     </span>
     <span class='ocr_line' id='line_1_46' title="bbox 101 4103 1155 4180; baseline -0.006 -18"><span class='ocrx_word' id='word_1_445' title='bbox 101 4107 167 4179; x_wconf 78' lang='lat' dir='ltr'><strong>(Mp.</strong></span> <span class='ocrx_word' id='word_1_446' title='bbox 191 4105 389 4180; x_wconf 65' lang='lat' dir='ltr'><strong>decipientur,</strong></span> <span class='ocrx_word' id='word_1_447' title='bbox 423 4109 472 4180; x_wconf 81' lang='lat' dir='ltr'><strong>qui</strong></span> <span class='ocrx_word' id='word_1_448' title='bbox 501 4106 612 4162; x_wconf 80' lang='lat' dir='ltr'><strong>attende</strong></span> <span class='ocrx_word' id='word_1_449' title='bbox 645 4107 759 4161; x_wconf 79' lang='lat' dir='ltr'><strong>ueniunt.</strong></span> <span class='ocrx_word' id='word_1_450' title='bbox 805 4103 880 4161; x_wconf 82' lang='lat' dir='ltr'><strong>Suos</strong></span> <span class='ocrx_word' id='word_1_451' title='bbox 913 4105 971 4177; x_wconf 84' lang='lat' dir='ltr'><strong>ipse</strong></span> <span class='ocrx_word' id='word_1_452' title='bbox 1002 4104 1096 4177; x_wconf 87' lang='lat' dir='ltr'><strong>copias</strong></span> <span class='ocrx_word' id='word_1_453' title='bbox 1123 4119 1155 4157; x_wconf 83' lang='lat' dir='ltr'><strong>ec</strong></span> 
     </span>
    </p>
   </div>
   <div class='ocr_carea' id='block_1_4' title="bbox 0 0 1427 4556">
    <p class='ocr_par' dir='ltr' id='par_1_4' title="bbox 0 0 1427 4556">
     <span class='ocr_line' id='line_1_47' title="bbox 0 0 1427 4556; baseline 0 0"><span class='ocrx_word' id='word_1_454' title='bbox 0 0 1427 4556; x_wconf 95' lang='lat' dir='ltr'><strong> </strong></span> 
     </span>
    </p>
   </div>
  </div>
 </body>
</html>
