2812 4556
259 221 262 226 ’
282 238 321 294 24
559 234 638 284 ntea
655 233 731 286 xxr.
767 231 815 296 (a.
828 245 851 280 n.
868 247 890 284 ο.
904 232 976 293 aar.)

238 417 318 475 ribus
340 415 445 475 validis
471 415 636 474 retinaculis
658 423 742 491 parte
764 415 912 490 superiore
936 414 1007 490 ripa
1028 413 1182 489 religatam
1209 415 1333 490 pontis
1390 429 1401 466 ‘l

239 522 269 578 in
299 521 417 579 modum
449 522 538 578 humo
568 520 674 578 iniecta
708 530 942 591 constraverunt,
977 529 1010 576 nt
1042 519 1135 578 belua
1163 521 1334 578 audacter
1391 551 1394 560 ν

209 625 317 684 8velut
338 643 391 700 per
411 624 504 682 solum
529 625 755 701 ingrederentur.
799 625 904 682 Altera
924 624 995 682 ratis
1018 626 1192 698 aqualata,
1219 625 1333 700 longa
1400 642 1401 680 l

238 716 327 806 pedes
359 736 482 799 centum,
515 731 553 788 ad
585 731 785 790 traiiciendum
812 731 919 788 flumen
951 739 1030 805 apta,
1065 731 1133 788 huic
1166 730 1333 808 copulata

239 843 296 905 est3
342 844 402 892 tum
440 835 585 910 elephanti
626 855 679 911 per
723 836 856 894 stabilem
899 846 992 894 ratem
1035 845 1175 911 tanquam
1214 836 1327 906 viam,
1397 859 1401 894 l

238 939 493 1015 praegredientibus
510 939 634 1011 feminis,
658 941 715 998 acti
730 940 780 998 ubi
800 940 830 996 in
846 941 985 998 minorem
1008 941 1184 1016 applicatam
1209 952 1328 998 trans-

210 1053 227 1108 9
239 1044 332 1120 gressi
361 1054 441 1115 sunt,
471 1046 617 1121 externplo
639 1044 783 1114 resolutis,
814 1045 918 1119 quibus
952 1046 1053 1103 leviter
1080 1066 1197 1104 annexa
1235 1055 1326 1114 erat,
1394 1055 1401 1105 J

237 1131 375 1217 uinculis,
407 1152 445 1206 ab
475 1152 611 1209 actuariis
634 1151 746 1226 aliquot
767 1151 890 1208 navibus
913 1150 951 1206 ad
973 1151 1093 1208 alteram
1116 1151 1211 1227 ripam
1239 1171 1327 1228 per-

239 1255 377 1324 trahitur3
409 1255 451 1312 ita
473 1257 573 1331 primis
606 1255 755 1331 expositis,
783 1255 832 1311 alii
860 1255 962 1312 deinde
989 1256 1104 1330 repetiti
1132 1275 1167 1314 ac
1189 1257 1326 1316 traiecti
1394 1283 1398 1304 =

191 1367 226 1421 ¹0
240 1369 316 1418 sunt.
364 1359 445 1418 Nihil
472 1379 543 1418 sane
570 1361 769 1437 trepidabant,
801 1360 893 1416 donec
916 1361 1074 1418 continenti
1103 1363 1184 1420 velut
1213 1373 1324 1438 ponte
1399 1412 1400 1415 ,

240 1473 407 1540 agerentur3
435 1467 546 1540 primus
568 1476 631 1523 erat
652 1483 759 1541 pavor,
790 1483 888 1538 quum,
910 1465 1006 1522 soluta
1030 1467 1067 1523 ab
1090 1467 1193 1524 ceteris
1224 1477 1317 1535 rate,
1395 1506 1398 1515 ·

190 1577 222 1631 tl
240 1571 269 1626 in
298 1570 386 1626 altum
416 1579 594 1646 raperentur,
639 1571 685 1628 Ibi
716 1578 850 1645 urgentes
879 1571 954 1626 inter
983 1589 1029 1640 se,
1056 1571 1224 1629 cedentibus
1252 1591 1317 1630 ex-

240 1675 337 1733 tremis
374 1675 411 1731 ab
445 1695 538 1750 aqua,
574 1675 775 1750 trepidationis
813 1675 994 1748 aliquantum
1031 1676 1171 1745 edebant,
1208 1677 1317 1734 donec

191 1785 226 1840 12
241 1781 365 1854 quictem
386 1780 448 1855 ipse
470 1780 557 1837 timor
579 1779 883 1854 circumspectantibus
911 1799 1017 1854 aquam
1041 1780 1165 1842 fecisset.
1215 1782 1322 1839 Exci·
1395 1809 1399 1843 :

240 1888 308 1944 dere
340 1887 426 1943 etiarn
459 1885 609 1942 sevientes
639 1885 757 1958 quidam
784 1884 815 1940 in
845 1885 965 1954 flumen3
1003 1885 1053 1942 sed
1079 1887 1210 1959 pondere
1239 1887 1317 1962 ipso
1400 1897 1401 1904 ’

239 1991 371 2061 stabiles,
404 1991 521 2048 deiectis
550 1989 725 2057 rectoribus,
762 1987 922 2061 quaerendis
954 1990 1128 2064 pedetentim
1157 1992 1243 2048 vadis
1285 1993 1318 2048 in
1398 2047 1399 2052 ,

239 2105 345 2154 terram
368 2113 497 2153 evasere.
640 2161 641 2166 ἵ

144 2197 190 2268 29
323 2201 401 2257 Dum
434 2197 580 2274 elephanti
612 2197 807 2268 traiiciuntur,
837 2198 951 2254 interim
980 2197 1130 2254 Hannibal
1159 2201 1316 2258 Numidas
1398 2231 1399 2235 1

240 2305 350 2378 equites
375 2304 547 2378 quingentos
570 2303 607 2359 ed
629 2312 725 2360 castra
746 2305 882 2362 Romana
905 2303 1023 2360 miserat
1044 2303 1236 2377 speculatum,
1258 2305 1317 2362 nbi

209 2414 269 2469 net
290 2418 405 2483 quantae
424 2407 515 2483 copiae
542 2415 638 2464 essent
659 2416 688 2464 et
716 2407 785 2481 quid
807 2417 953 2482 pararent.
999 2408 1077 2465 Huic
1099 2409 1154 2464 alre
1175 2411 1314 2483 equitum
1400 2465 1401 2484 ,

241 2514 329 2582 missi,
352 2521 383 2570 ut
405 2520 472 2568 ante
493 2510 600 2568 dictum
623 2519 675 2580 est,
700 2513 737 2568 ab
759 2513 834 2569 ostio
857 2512 993 2570 Rhodani
1014 2513 1134 2569 trecenti
1154 2514 1315 2572 Romano·

238 2637 303 2675 rum
326 2617 436 2690 equites
459 2625 622 2678 occurrunt.
674 2617 813 2674 Proelinm
835 2617 961 2674 atrocius
991 2636 1079 2692 quam
1107 2636 1161 2692 pro
1184 2637 1313 2676 numero
1400 2625 1401 2642 ¹

210 2735 230 2788 3Δ
239 2721 427 2798 pugnantium
457 2721 564 2790 editur3
598 2739 665 2776 nam
696 2731 800 2796 praeter
832 2721 923 2778 multa
955 2722 1075 2778 vulnera
1102 2722 1195 2779 caedes
1218 2725 1313 2782 etiam

239 2846 330 2903 prope
352 2845 406 2900 par
427 2825 561 2900 utrinqne
583 2826 646 2895 fuit,
669 2825 797 2900 fugaque
819 2837 847 2882 et
868 2846 962 2901 pavor
976 2827 1170 2884 Numidarum
1193 2830 1314 2886 Roma·

239 2933 283 2988 nis
305 2932 363 2988 iam
386 2931 543 2988 admodum
557 2930 641 2988 fessis
661 2931 815 2989 victoriam
838 2931 924 2990 dedit.
971 2931 1106 2988 Victores
1127 2932 1168 2988 ad
1190 2943 1311 2990 cent-um

240 3035 406 3110 sexaginta,
442 3053 495 3092 nec
532 3054 631 3092 omnes
663 3037 804 3105 Romani,
840 3037 890 3094 sed
926 3054 996 3110 pars
1029 3035 1200 3106 Gallorum,
1238 3037 1312 3100 victi
1400 3069 1401 3080 κ

209 3139 363 3213 lampiius
398 3139 512 3196 ducenti
546 3141 720 3200 ceciderunt.
779 3142 846 3198 Hoc
879 3139 1051 3214 principium
1087 3139 1174 3196 simul
1206 3159 1312 3198 omen-

241 3227 296 3318 que
327 3243 393 3299 belli
429 3254 461 3300 ut
489 3264 608 3302 summae
639 3265 735 3302 rerum
766 3263 936 3320 prosperum
979 3253 1129 3314 eventum,
1164 3244 1206 3301 ita
1228 3247 1312 3304 haud

240 3367 311 3405 sane
342 3349 521 3406 incruentam
553 3350 744 3424 ancipitisque
781 3349 944 3406 certaminis
979 3349 1131 3406 victoriam
1163 3351 1311 3408 Romanis
1393 3383 1400 3396 κ

142 3447 146 3454 ’
241 3451 395 3530 portendit.
976 3455 981 3482 ¹

184 3571 187 3580 ’
212 3566 228 3618 5
327 3559 366 3618 Ut
387 3579 420 3616 re
441 3560 483 3616 ita
506 3567 589 3634 gesta
617 3559 655 3615 ad
681 3567 833 3632 utrumque
862 3557 964 3614 ducem
995 3556 1039 3612 sui
1070 3556 1226 3628 redierunt,
1255 3579 1311 3618 nee
1399 3557 1400 3574 ¹

243 3665 372 3739 Scipioni
396 3676 474 3722 stare
496 3663 638 3720 sententie
660 3671 784 3737 poterat,
809 3661 865 3718 nisi
886 3669 918 3718 ut
940 3680 978 3718 ex
999 3661 1125 3719 consiliis
1147 3662 1311 3738 coeptisque

212 3771 332 3830 bhostis
355 3779 384 3827 et
405 3770 467 3844 ipse
490 3779 611 3826 conatus
627 3776 753 3841 caperet,
775 3774 803 3822 et
818 3765 1015 3824 Hannibalern
1037 3766 1187 3836 incertum,
1210 3777 1310 3826 utrum

243 3884 368 3949 coeptum
389 3873 419 3930 in
440 3872 558 3930 Italiam
580 3871 741 3928 intenderet
761 3871 816 3928 iter
847 3888 886 3926 an
908 3888 972 3928 oum
995 3889 1040 3940 eo,
1072 3872 1122 3944 qni
1143 3870 1255 3946 primus
1278 3893 1310 3932 se
1399 3939 1400 3956 χ

243 3977 394 4035 obtulisset
409 3978 559 4034 Romanus
581 3975 733 4044 exercitus,
756 3993 859 4032 manus
881 3985 1053 4042 consereret,
1076 3977 1181 4034 avertit
1194 3995 1214 4034 a
1234 3995 1310 4052 pror·
