2700 4426
111 143 122 174 1
163 163 167 172 .

611 215 660 262 vn

108 401 171 457 dua
199 400 279 471 (Uss.
302 400 430 475 Apparet
451 419 503 456 non
524 401 614 457 iubere
644 401 694 458 boa
717 402 896 471 Marcellum,
925 422 958 459 ne
982 406 1081 460 ironice
1103 406 1164 479 qui-

107 485 176 553 den,
198 483 248 540 sed
262 493 373 558 partem
404 485 473 540 banc
500 502 557 541 esse
579 486 679 558 iniqua
700 485 885 558 condicionis.)
913 486 1041 556 XXXI,
1064 488 1080 543 2
1104 504 1163 543 non

109 567 177 642 quid
208 563 368 643 (100100.
395 567 472 637 313,
504 568 552 624 abi
575 577 662 624 100100
690 567 847 625 addendum
878 572 985 625 tertium
1015 571 1164 644 coemptam

108 652 201 707 omissi
222 652 250 706 in
271 650 407 707 codicibus
429 660 498 719 tam,
519 649 619 718 XXV,
649 653 696 716 15,
717 651 756 716 0,·
786 670 850 707 nam
879 655 907 708 in
936 661 1035 726 quarto
1063 652 1164 720 XXX,

108 735 156 803 20,
180 734 196 788 7
219 735 299 789 etiam
326 733 370 791 W.
392 741 452 790 tam
469 743 535 809 post
557 733 764 808 relinquant—am
788 735 919 809 addidit.)
943 738 960 792 3
984 736 1165 792 desciverunt

108 835 126 873 a
152 817 257 892 popula
285 815 428 882 Roman03
461 817 583 873 bostibas
612 827 779 892 aperuerant
805 827 920 892 portas,
950 818 1062 893 legatos
1090 819 1163 892 (Ma.

107 899 172 956 Em.
192 899 263 960 313.
285 899 313 955 P
330 900 512 958 desciverunt
532 907 631 975 portas
653 899 777 977 legatus]
804 903 821 958 8
845 898 924 976 (Usa.
945 904 1025 958 malit
1052 902 1163 959 accide-

107 988 186 1050 runt)
221 988 255 1039 li)
279 982 381 1058 (necne
401 983 480 1043 codd.
505 993 559 1040 tres
579 1000 648 1041 rece.
670 983 700 1038 P
716 1003 762 1054 ne,
784 983 876 1044 Dralc.
897 984 953 1057 nse)
983 989 1014 1041 11
1043 984 1164 1058 (dimissi

108 1065 198 1124 Siculi
212 1065 309 1123 1110011.
333 1085 346 1122 0
363 1060 620 1136 Pdimississieuli;
634 1065 726 1122 Drak.
748 1067 873 1124 dimissis
888 1067 1004 1141 Siculis)
1025 1068 1164 1136 XXXII,

114 1155 120 1205 1
149 1149 198 1206 din
219 1149 256 1205 de
284 1149 431 1206 sententiis
453 1147 566 1222 (Gran.)
587 1154 604 1206 6
627 1151 705 1223 (acta
726 1151 768 1208 M.
793 1151 884 1207 Maro.
912 1150 954 1211 W.
977 1171 991 1207 e
1011 1151 1052 1207 P:
1075 1159 1165 1208 ctam·

106 1232 246 1290 marcelli.
269 1231 361 1288 Drab.
384 1233 571 1290 decreverunt
592 1251 681 1290 causa
703 1233 844 1294 Marcelli.
888 1233 972 1306 Quia)
995 1237 1012 1291 8
1034 1233 1164 1309 proiece-

106 1323 174 1372 runt
195 1324 304 1372 orantes
326 1325 355 1371 et
378 1317 562 1374 obsecrantes
584 1315 675 1388 (codd.
700 1335 768 1373 rece.
790 1318 830 1373 Et
850 1336 883 1372 en
897 1326 909 1372 t
922 1317 1027 1390 mium)
1052 1313 1055 1397 1
1079 1316 1163 1392 polli-

108 1416 175 1455 cens
196 1400 252 1456 hoe
273 1399 324 1471 (M
334 1399 436 1473 aliique
442 1421 452 1465 ;
474 1399 762 1474 Ppotensocconsul,
804 1399 886 1456 Dicit
906 1399 956 1456 bac
969 1399 1068 1457 Liuius
1088 1409 1119 1456 ut
1139 1400 1164 1468 I,

107 1481 157 1552 33,
185 1485 205 1538 5
227 1481 336 1556 ingenti
365 1482 464 1556 praeda
491 1491 609 1557 potans,
636 1483 667 1539 id
692 1492 740 1554 est,
769 1482 870 1542 elatus.
892 1481 984 1542 Drab.
1006 1494 1072 1559 post
1103 1484 1164 1540 haec

108 1565 219 1638 consul)
242 1565 398 1634 XXXIII,
421 1569 438 1622 3
461 1566 623 1641 (superesse
638 1565 734 1626 Aiscb.
757 1572 785 1622 P
805 1565 1046 1641 superioresesse;
1070 1565 1163 1626 Drab.

107 1649 275 1723 superstites
299 1652 374 1714 esse)
400 1644 403 1727 1
426 1649 596 1724 propinquis
619 1649 736 1706 iamiam
756 1649 975 1723 cognationibus
1002 1650 1076 1723 (Ma.
1097 1649 1163 1709 Eat.

107 1731 176 1787 314.
237 1731 330 1788 Aliter
362 1734 442 1788 etiarn
473 1735 587 1807 partitur
620 1732 737 1788 iamiam
776 1751 837 1788 cam
872 1736 1005 1807 prasenti
1039 1742 1164 1807 ternpore,

108 1814 156 1871 nbi
185 1831 246 1870 carn
278 1815 440 1871 vehementia
472 1816 644 1883 declaratur,
680 1816 749 1890 qaid
780 1834 813 1872 ea
843 1824 946 1872 mutato
972 1835 1063 1872 reram
1089 1824 1165 1871 stata

107 1905 257 1972 sequatur,
286 1907 316 1954 ut
343 1898 422 1972 apud
447 1899 522 1971 Virp.
548 1899 619 1956 AEn.
642 1898 714 1968 XII,
737 1899 822 1968 070.)
860 1901 894 1956 13
918 1898 1017 1973 populi
1038 1898 1164 1955 Romani

108 1980 214 2036 Fulvio
251 1981 338 2054 (Ma.)
377 1977 380 2057 1
415 1999 601 2055 quosque...
642 1981 776 2038 dedidere
814 1984 870 2038 sine
905 1983 981 2038 aneis
1015 1981 1165 2057 (Videntur

106 2064 178 2133 bac,
211 2083 272 2138 quie
291 2066 319 2120 in
341 2064 501 2121 editionibus
523 2064 728 2134 mittebantur,
750 2083 783 2120 ea
803 2064 990 2139 dittopropbia
1012 2074 1038 2122 et
1059 2082 1163 2121 correc-

108 2149 191 2216 tione,
224 2166 307 2221 quana
337 2150 469 2222 scriptam
501 2157 570 2203 esset
598 2165 729 2221 quasque
751 2165 807 2222 pro
839 2166 975 2222 quaeque,
1007 2156 1069 2204 orta
1097 2166 1162 2206 esse.

108 2228 212 2303 Apitar
234 2230 268 2286 de
289 2232 370 2286 certis
392 2230 541 2286 bominibus
572 2239 598 2286 et
618 2249 710 2286 eorum
736 2231 826 2288 rebus.
874 2232 953 2287 Male
978 2231 1164 2287 0110000010-

106 2316 208 2370 minam
237 2315 397 2387 siarbicatio
424 2315 625 2388 interponitur.)
660 2318 692 2371 14
717 2314 808 2388 plebis
836 2307 841 2390 Ι
865 2314 960 2370 adsint
989 2313 1094 2387 (Cobet.
1116 2315 1165 2370 Ex

107 2396 221 2454 adsient
252 2406 340 2454 ortum
372 2399 399 2453 in
427 2397 455 2452 P
475 2394 635 2473 adsidens.)
672 2396 815 2463 XXXV,
852 2402 869 2455 3
897 2397 1032 2472 privatim
1066 2395 1163 2472 (Frob.

110 2479 197 2538 1531.
246 2478 312 2536 Non
339 2480 407 2535 dant
422 2482 563 2553 priuatim,
586 2482 635 2554 qai
655 2481 712 2553 lepe
732 2491 758 2537 et
779 2480 864 2536 edicta
885 2481 1017 2537 iubentur.
1067 2482 1164 2536 Altero

108 2562 187 2619 modo
215 2565 326 2637 scripsit
347 2563 446 2620 Livius
475 2580 497 2620 0.
520 2563 575 2632 30,
598 2565 626 2628 4,
647 2563 794 2632 XXXIV,
817 2566 845 2633 b',
868 2563 926 2636 18.)
954 2563 1113 2633 XXXVI,
1146 2565 1162 2620 3

108 2645 133 2701 si
155 2647 260 2720 qnid..
287 2646 373 2715 velis,
395 2649 420 2703 si
439 2647 468 2702 id
490 2647 569 2721 prius
592 2645 665 2722 (My.
686 2646 749 2702 Era.
770 2646 838 2704 314.
860 2646 889 2702 Ρ
908 2646 932 2702 si
956 2646 1061 2719 quid..
1092 2647 1164 2703 velis

108 2728 150 2801 id)
173 2730 303 2804 litaque
318 2729 459 2790 classes..
488 2730 570 2786 dare:
590 2729 733 2786 nobismet
754 2729 827 2801 (My.
842 2729 907 2785 Em.
924 2727 1008 2804 315.)
1033 2735 1049 2786 5
1066 2748 1164 2786 omnes

108 2821 256 2870 senatores
288 2810 400 2888 (Gran.)
437 2816 454 2869 6
478 2813 519 2884 (et
542 2812 630 2868 libras
660 2811 756 2885 pondo
789 2811 959 2870 distributive
989 2813 1103 2882 dicitnr,
1135 2821 1165 2868 nt

108 2896 207 2965 millia,
230 2913 310 2952 asses
332 2897 365 2952 de
386 2896 500 2969 sinuatis
520 2894 647 2962 millibus,
677 2894 784 2950 assibus
791 2916 801 2959 ,·
832 2894 887 2950 aid.
916 2893 953 2964 V,
976 2896 1023 2963 47,
1045 2895 1072 2964 8,
1100 2894 1164 2963 VII,

107 2977 156 3046 37,
176 2979 205 3048 3,
227 2978 267 3047 Χ,
288 2978 337 3046 30,
360 2981 406 3048 10,
420 2977 542 3045 XXXI,
564 2977 612 3046 13,
635 2978 669 3042 7,·
690 2996 761 3046 moa,
785 2979 884 3033 ornissa
897 2978 949 3033 illa
962 2979 1164 3052 sipnificatione,

107 3060 233 3133 libram.)
261 3066 293 3118 11
312 3079 413 3118 aurum
429 3071 578 3134 argentum
595 3060 651 3133 (0.,
664 3069 728 3117 teste
745 3060 813 3126 Wo,·
824 3060 888 3120 Eat.
902 3060 952 3136 69)
967 3056 971 3139 Ι
985 3061 1094 3136 (prima
1115 3071 1165 3117 aut

108 3144 183 3201 inter
205 3145 267 3217 Mq.
290 3144 355 3203 Em.
378 3145 438 3200 315
460 3163 473 3200 e
494 3144 534 3199 P:
555 3144 682 3218 primaut
704 3143 787 3199 inter.
836 3142 929 3202 Drab.
965 3146 1060 3219 prima
1079 3145 1163 3211 inter)

108 3227 278 3297 XXXVII,
305 3231 314 3282 1
332 3227 423 3302 magis
445 3229 502 3283 sine
521 3223 601 3284 aneis
622 3226 714 3300 (codd.
737 3227 850 3296 20000,
874 3224 972 3300 Gran.)
999 3223 1002 3306 1
1026 3227 1164 3284 immixtis

109 3306 202 3384 (codd.
228 3328 295 3368 rece.
325 3309 374 3367 Vei
405 3319 521 3384 propter
549 3309 658 3384 pariter
689 3311 869 3365 nominativus
896 3313 1065 3367 necessarias
1099 3315 1163 3378 est.)

108 3393 295 3462 XXXVIII,
319 3397 335 3450 4
359 3397 493 3467 pernicies
511 3393 673 3466 pertinebat
695 3393 787 3465 (codd.
809 3391 890 3468 rece.)
918 3398 932 3450 7
957 3403 1115 3463 cunctatus,
1137 3404 1165 3449 et

68 3542 69 3545 Ἴ
108 3487 168 3532 111111
185 3494 299 3549 quoque
315 3476 388 3551 (My.
403 3476 467 3532 Em.
477 3495 509 3551 p.
524 3476 593 3532 315.
631 3475 753 3532 Ceteram
766 3475 882 3532 Emend.
893 3494 925 3550 p.
941 3477 1010 3544 214,
1025 3475 1165 3546 adXXI,

108 3559 158 3628 25,
180 3559 209 3626 9,
229 3561 317 3615 nescio
333 3577 385 3633 qna
407 3577 498 3615 errore
520 3568 546 3616 et
566 3560 696 3615 oblivione
716 3559 820 3614 addere
840 3560 952 3631 nepleri,
974 3559 1014 3614 ad
1022 3561 1167 3634 participii

108 3650 135 3697 et
148 3642 223 3698 verbi
229 3642 305 3714 finiti
319 3643 352 3698 de
366 3642 457 3698 eodern
477 3643 593 3698 subiecto
603 3645 756 3716 positorum
770 3643 976 3697 coniunctionem
993 3651 1075 3698 toturn
1089 3644 1165 3698 iilam

106 3724 317 3800 disputationem
327 3723 487 3801 pertinere.)
504 3722 507 3802 1
525 3726 691 3800 appellabat
713 3723 950 3800 (0101101315.
973 3724 1069 3780 Etiam
1078 3726 1166 3800 paulo

106 3810 297 3882 postsortasse
306 3808 433 3884 appellat
445 3809 628 3881 scribendam)
645 3813 680 3865 10
692 3817 791 3882 posset
799 3807 885 3880 (My.)
901 3813 909 3863 1
922 3812 933 3863 1
949 3807 1058 3864 abstitit
1069 3818 1165 3864 tamen

109 3900 169 3948 tam
185 3889 277 3967 (codd.
289 3909 357 3949 recc.
369 3898 397 3948 P
407 3893 527 3963 tament)
548 3895 582 3949 13
595 3911 631 3948 ax
645 3892 690 3948 his
704 3890 1007 3960 xxx1x‚nhanuie
1021 3893 1077 3947 sine
1090 3894 1166 3948 uncis

109 3973 198 4044 (11010.
222 3975 297 4031 Mire
311 3977 379 4030 eriirn
393 3975 566 4048 siqnificetnr,
589 3984 644 4031 tres
657 3977 773 4031 minares
790 3991 872 4030 naves
890 3971 1043 4041 Quinctium
1056 3975 1167 4030 aliunde

107 4057 257 4130 10101000.)
281 4063 297 4113 5
313 4056 401 4115 efficit
416 4058 487 4131 (cod.
503 4076 555 4114 rec.
567 4058 754 4114 insectabit
769 4056 831 4116 edd.
843 4057 920 4130 vett.)
944 4059 961 4114 6
976 4058 1040 4131 pari
1056 4056 1166 4130 [classi]
