<?xml version="1.0" encoding="UTF-8"?>
<!DOCTYPE html PUBLIC "-//W3C//DTD XHTML 1.0 Transitional//EN"
    "http://www.w3.org/TR/xhtml1/DTD/xhtml1-transitional.dtd">
<html xmlns="http://www.w3.org/1999/xhtml" xml:lang="en" lang="en">
 <head>
  <title>
</title>
<meta http-equiv="Content-Type" content="text/html;charset=utf-8" />
  <meta name='ocr-system' content='tesseract 3.04.00' />
  <meta name='ocr-capabilities' content='ocr_page ocr_carea ocr_par ocr_line ocrx_word'/>
</head>
<body>
  <div class='ocr_page' id='page_1' title='image "./titiliviihistor01ussigoog/titiliviihistor01ussigoog_0533.png"; bbox 0 0 2748 4556; ppageno 0'>
   <div class='ocr_carea' id='block_1_1' title="bbox 318 206 1034 274">
    <p class='ocr_par' dir='ltr' id='par_1_1' title="bbox 318 206 1034 274">
     <span class='ocr_line' id='line_1_1' title="bbox 318 206 1034 274; baseline -0.017 -2"><span class='ocrx_word' id='word_1_1' title='bbox 318 215 377 274; x_wconf 80' lang='grc'><strong>192</strong></span> <span class='ocrx_word' id='word_1_2' title='bbox 585 209 665 262; x_wconf 84' lang='lat' dir='ltr'><strong>lesr</strong></span> <span class='ocrx_word' id='word_1_3' title='bbox 681 207 786 264; x_wconf 75' lang='lat' dir='ltr'><strong>xm.</strong></span> <span class='ocrx_word' id='word_1_4' title='bbox 823 209 875 273; x_wconf 79' lang='grc' dir='ltr'><strong>(Δ.</strong></span> <span class='ocrx_word' id='word_1_5' title='bbox 887 223 914 260; x_wconf 87' lang='lat' dir='ltr'><strong>u.</strong></span> <span class='ocrx_word' id='word_1_6' title='bbox 926 223 948 260; x_wconf 87' lang='lat' dir='ltr'><strong>o.</strong></span> <span class='ocrx_word' id='word_1_7' title='bbox 961 206 1034 272; x_wconf 74' lang='lat' dir='ltr'><strong>m.)</strong></span> 
     </span>
    </p>
   </div>
   <div class='ocr_carea' id='block_1_2' title="bbox 245 391 1318 467">
    <p class='ocr_par' dir='ltr' id='par_1_2' title="bbox 245 300 1335 467">
     <span class='ocr_line' id='line_1_2' title="bbox 245 391 1318 467; baseline -0.018 -9"><span class='ocrx_word' id='word_1_8' title='bbox 245 393 403 456; x_wconf 76' lang='lat' dir='ltr'><strong>tuentum</strong></span> <span class='ocrx_word' id='word_1_9' title='bbox 429 394 568 454; x_wconf 81' lang='lat' dir='ltr'><strong>Flaccum</strong></span> <span class='ocrx_word' id='word_1_10' title='bbox 596 404 625 452; x_wconf 85' lang='lat' dir='ltr'><strong>ot</strong></span> <span class='ocrx_word' id='word_1_11' title='bbox 655 394 699 452; x_wconf 96' lang='lat' dir='ltr'><strong>M.</strong></span> <span class='ocrx_word' id='word_1_12' title='bbox 727 392 880 450; x_wconf 84' lang='lat' dir='ltr'><strong>Valerium</strong></span> <span class='ocrx_word' id='word_1_13' title='bbox 914 391 1079 452; x_wconf 80' lang='lat' dir='ltr'><strong>Faltonem.</strong></span> <span class='ocrx_word' id='word_1_14' title='bbox 1129 394 1164 452; x_wconf 78' lang='lat' dir='ltr'><strong>lis</strong></span> <span class='ocrx_word' id='word_1_15' title='bbox 1190 394 1318 467; x_wconf 64' lang='lat' dir='ltr'><strong>quinque</strong></span> 
     </span>
    </p>
   </div>
   <div class='ocr_carea' id='block_1_3' title="bbox 246 496 1337 1623">
    <p class='ocr_par' dir='ltr' id='par_1_3' title="bbox 246 496 1337 1623">
     <span class='ocr_line' id='line_1_3' title="bbox 276 496 1318 574; baseline -0.008 -14"><span class='ocrx_word' id='word_1_16' title='bbox 276 519 367 560; x_wconf 79' lang='lat' dir='ltr'><strong>narso</strong></span> <span class='ocrx_word' id='word_1_17' title='bbox 395 500 631 574; x_wconf 84' lang='lat' dir='ltr'><strong>quinqueremes,</strong></span> <span class='ocrx_word' id='word_1_18' title='bbox 668 504 700 554; x_wconf 87' lang='lat' dir='ltr'><strong>ut</strong></span> <span class='ocrx_word' id='word_1_19' title='bbox 728 516 766 556; x_wconf 88' lang='lat' dir='ltr'><strong>ax</strong></span> <span class='ocrx_word' id='word_1_20' title='bbox 794 497 935 572; x_wconf 76' lang='lat' dir='ltr'><strong>dignitate</strong></span> <span class='ocrx_word' id='word_1_21' title='bbox 956 496 1058 572; x_wconf 89' lang='lat' dir='ltr'><strong>populi</strong></span> <span class='ocrx_word' id='word_1_22' title='bbox 1077 497 1186 556; x_wconf 78' lang='lat' dir='ltr'><strong>Romam</strong></span> <span class='ocrx_word' id='word_1_23' title='bbox 1203 497 1318 553; x_wconf 80' lang='lat' dir='ltr'><strong>adirent</strong></span> 
     </span>
     <span class='ocr_line' id='line_1_4' title="bbox 277 601 1321 676; baseline -0.011 -9"><span class='ocrx_word' id='word_1_24' title='bbox 277 625 328 667; x_wconf 85' lang='lat' dir='ltr'><strong>eas</strong></span> <span class='ocrx_word' id='word_1_25' title='bbox 363 616 470 676; x_wconf 78' lang='lat' dir='ltr'><strong>tomas,</strong></span> <span class='ocrx_word' id='word_1_26' title='bbox 506 604 544 662; x_wconf 84' lang='lat' dir='ltr'><strong>ad</strong></span> <span class='ocrx_word' id='word_1_27' title='bbox 581 618 656 676; x_wconf 85' lang='lat' dir='ltr'><strong>quas</strong></span> <span class='ocrx_word' id='word_1_28' title='bbox 688 602 870 662; x_wconf 81' lang='lat' dir='ltr'><strong>concilianda</strong></span> <span class='ocrx_word' id='word_1_29' title='bbox 900 601 1039 660; x_wconf 85' lang='lat' dir='ltr'><strong>maiestas</strong></span> <span class='ocrx_word' id='word_1_30' title='bbox 1067 601 1165 660; x_wconf 89' lang='lat' dir='ltr'><strong>nomini</strong></span> <span class='ocrx_word' id='word_1_31' title='bbox 1187 604 1321 660; x_wconf 67' lang='lat' dir='ltr'><strong>Murano</strong></span> 
     </span>
     <span class='ocr_line' id='line_1_5' title="bbox 246 706 1323 784; baseline -0.006 -18"><span class='ocrx_word' id='word_1_32' title='bbox 246 710 371 784; x_wconf 84' lang='lat' dir='ltr'><strong>5assat‚</strong></span> <span class='ocrx_word' id='word_1_33' title='bbox 409 710 574 767; x_wconf 88' lang='lat' dir='ltr'><strong>decernunt.</strong></span> <span class='ocrx_word' id='word_1_34' title='bbox 619 708 726 784; x_wconf 77' lang='lat' dir='ltr'><strong>Legati</strong></span> <span class='ocrx_word' id='word_1_35' title='bbox 754 707 858 766; x_wconf 82' lang='lat' dir='ltr'><strong>Asiam</strong></span> <span class='ocrx_word' id='word_1_36' title='bbox 885 715 1017 782; x_wconf 86' lang='lat' dir='ltr'><strong>putentes</strong></span> <span class='ocrx_word' id='word_1_37' title='bbox 1050 708 1171 782; x_wconf 88' lang='lat' dir='ltr'><strong>protinus</strong></span> <span class='ocrx_word' id='word_1_38' title='bbox 1193 706 1323 780; x_wconf 73' lang='lat' dir='ltr'><strong>Delphos</strong></span> 
     </span>
     <span class='ocr_line' id='line_1_6' title="bbox 279 810 1327 892; baseline -0.01 -18"><span class='ocrx_word' id='word_1_39' title='bbox 279 835 367 892; x_wconf 86' lang='lat' dir='ltr'><strong>quum</strong></span> <span class='ocrx_word' id='word_1_40' title='bbox 392 812 604 882; x_wconf 69' lang='lat' dir='ltr'><strong>accedissent,</strong></span> <span class='ocrx_word' id='word_1_41' title='bbox 637 811 787 871; x_wconf 87' lang='lat' dir='ltr'><strong>oraculum</strong></span> <span class='ocrx_word' id='word_1_42' title='bbox 817 813 951 870; x_wconf 84' lang='lat' dir='ltr'><strong>adierunt</strong></span> <span class='ocrx_word' id='word_1_43' title='bbox 971 812 1163 881; x_wconf 74' lang='lat' dir='ltr'>consulentes,</span> <span class='ocrx_word' id='word_1_44' title='bbox 1190 811 1224 868; x_wconf 83' lang='lat' dir='ltr'><strong>ad</strong></span> <span class='ocrx_word' id='word_1_45' title='bbox 1241 810 1327 884; x_wconf 82' lang='lat' dir='ltr'><strong>quod</strong></span> 
     </span>
     <span class='ocr_line' id='line_1_7' title="bbox 280 916 1336 996; baseline -0.008 -18"><span class='ocrx_word' id='word_1_46' title='bbox 280 919 429 996; x_wconf 80' lang='lat' dir='ltr'><strong>negotium</strong></span> <span class='ocrx_word' id='word_1_47' title='bbox 452 918 540 975; x_wconf 87' lang='lat' dir='ltr'><strong>domo</strong></span> <span class='ocrx_word' id='word_1_48' title='bbox 562 916 643 974; x_wconf 78' lang='lat' dir='ltr'><strong>missi</strong></span> <span class='ocrx_word' id='word_1_49' title='bbox 663 927 778 987; x_wconf 79' lang='lat' dir='ltr'><strong>assent,</strong></span> <span class='ocrx_word' id='word_1_50' title='bbox 798 917 965 993; x_wconf 85' lang='lat' dir='ltr'><strong>perficiendi</strong></span> <span class='ocrx_word' id='word_1_51' title='bbox 988 918 1054 976; x_wconf 86' lang='lat' dir='ltr'><strong>aius</strong></span> <span class='ocrx_word' id='word_1_52' title='bbox 1075 935 1156 992; x_wconf 81' lang='lat' dir='ltr'><strong>quara</strong></span> <span class='ocrx_word' id='word_1_53' title='bbox 1175 916 1225 973; x_wconf 85' lang='lat' dir='ltr'><strong>sibi</strong></span> <span class='ocrx_word' id='word_1_54' title='bbox 1242 933 1336 989; x_wconf 46' lang='lat' dir='ltr'><strong>spem*</strong></span> 
     </span>
     <span class='ocr_line' id='line_1_8' title="bbox 248 1021 1329 1101; baseline -0.006 -21"><span class='ocrx_word' id='word_1_55' title='bbox 248 1024 448 1101; x_wconf 71' lang='lat' dir='ltr'><strong>opopuloque</strong></span> <span class='ocrx_word' id='word_1_56' title='bbox 470 1025 605 1082; x_wconf 87' lang='lat' dir='ltr'><strong>Romano</strong></span> <span class='ocrx_word' id='word_1_57' title='bbox 627 1021 822 1099; x_wconf 77' lang='lat' dir='ltr'><strong>portenderet.</strong></span> <span class='ocrx_word' id='word_1_58' title='bbox 869 1025 1053 1098; x_wconf 75' lang='lat' dir='ltr'><strong>Responsum</strong></span> <span class='ocrx_word' id='word_1_59' title='bbox 1078 1039 1140 1080; x_wconf 82' lang='lat' dir='ltr'><strong>esse</strong></span> <span class='ocrx_word' id='word_1_60' title='bbox 1158 1021 1251 1085; x_wconf 83' lang='lat' dir='ltr'><strong>ierunt.</strong></span> <span class='ocrx_word' id='word_1_61' title='bbox 1273 1038 1329 1094; x_wconf 89' lang='lat' dir='ltr'><strong>per</strong></span> 
     </span>
     <span class='ocr_line' id='line_1_9' title="bbox 281 1128 1326 1203; baseline -0.01 -14"><span class='ocrx_word' id='word_1_62' title='bbox 281 1130 414 1189; x_wconf 83' lang='lat' dir='ltr'><strong>Attalum</strong></span> <span class='ocrx_word' id='word_1_63' title='bbox 449 1145 547 1202; x_wconf 82' lang='lat' dir='ltr'><strong>regom</strong></span> <span class='ocrx_word' id='word_1_64' title='bbox 582 1136 732 1200; x_wconf 81' lang='lat' dir='ltr'><strong>compotes</strong></span> <span class='ocrx_word' id='word_1_65' title='bbox 758 1128 819 1185; x_wconf 87' lang='lat' dir='ltr'><strong>eius</strong></span> <span class='ocrx_word' id='word_1_66' title='bbox 848 1128 928 1198; x_wconf 79' lang='lat' dir='ltr'><strong>fore,</strong></span> <span class='ocrx_word' id='word_1_67' title='bbox 965 1129 1045 1202; x_wconf 90' lang='lat' dir='ltr'><strong>quod</strong></span> <span class='ocrx_word' id='word_1_68' title='bbox 1074 1134 1213 1203; x_wconf 84' lang='lat' dir='ltr'><strong>paterent;</strong></span> <span class='ocrx_word' id='word_1_69' title='bbox 1241 1143 1326 1198; x_wconf 87' lang='lat' dir='ltr'><strong>quun</strong></span> 
     </span>
     <span class='ocr_line' id='line_1_10' title="bbox 281 1229 1329 1306; baseline -0.009 -12"><span class='ocrx_word' id='word_1_70' title='bbox 281 1237 405 1294; x_wconf 72' lang='lat' dir='ltr'><strong>Rarum</strong></span> <span class='ocrx_word' id='word_1_71' title='bbox 429 1234 512 1292; x_wconf 86' lang='lat' dir='ltr'><strong>deam</strong></span> <span class='ocrx_word' id='word_1_72' title='bbox 536 1232 730 1300; x_wconf 79' lang='lat' dir='ltr'><strong>derexissent.</strong></span> <span class='ocrx_word' id='word_1_73' title='bbox 750 1240 811 1291; x_wconf 89' lang='lat' dir='ltr'><strong>tum</strong></span> <span class='ocrx_word' id='word_1_74' title='bbox 833 1242 977 1304; x_wconf 81' lang='lat' dir='ltr'><strong>curarent,</strong></span> <span class='ocrx_word' id='word_1_75' title='bbox 998 1242 1031 1290; x_wconf 88' lang='lat' dir='ltr'><strong>ut</strong></span> <span class='ocrx_word' id='word_1_76' title='bbox 1045 1252 1119 1304; x_wconf 85' lang='lat' dir='ltr'><strong>carn,</strong></span> <span class='ocrx_word' id='word_1_77' title='bbox 1141 1232 1189 1306; x_wconf 90' lang='lat' dir='ltr'><strong>qui</strong></span> <span class='ocrx_word' id='word_1_78' title='bbox 1203 1231 1244 1287; x_wconf 82' lang='lat' dir='ltr'><strong>vir</strong></span> <span class='ocrx_word' id='word_1_79' title='bbox 1256 1229 1329 1304; x_wconf 88' lang='lat' dir='ltr'><strong>opti·</strong></span> 
     </span>
     <span class='ocr_line' id='line_1_11' title="bbox 251 1335 1337 1413; baseline -0.002 -20"><span class='ocrx_word' id='word_1_80' title='bbox 251 1339 347 1398; x_wconf 75' lang='lat' dir='ltr'><strong>imus</strong></span> <span class='ocrx_word' id='word_1_81' title='bbox 377 1341 480 1398; x_wconf 86' lang='lat' dir='ltr'><strong>Roman</strong></span> <span class='ocrx_word' id='word_1_82' title='bbox 510 1346 602 1406; x_wconf 78' lang='lat' dir='ltr'><strong>esset,</strong></span> <span class='ocrx_word' id='word_1_83' title='bbox 635 1335 763 1412; x_wconf 88' lang='lat' dir='ltr'><strong>hospitio</strong></span> <span class='ocrx_word' id='word_1_84' title='bbox 784 1338 939 1413; x_wconf 72' lang='lat' dir='ltr'>exciperet.</span> <span class='ocrx_word' id='word_1_85' title='bbox 987 1339 1163 1413; x_wconf 81' lang='lat' dir='ltr'><strong>Pergamum</strong></span> <span class='ocrx_word' id='word_1_86' title='bbox 1184 1337 1221 1392; x_wconf 85' lang='lat' dir='ltr'><strong>ad</strong></span> <span class='ocrx_word' id='word_1_87' title='bbox 1237 1339 1337 1409; x_wconf 67' lang='lat' dir='ltr'><strong>regern}</strong></span> 
     </span>
     <span class='ocr_line' id='line_1_12' title="bbox 281 1441 1337 1518; baseline -0.004 -18"><span class='ocrx_word' id='word_1_88' title='bbox 281 1452 431 1504; x_wconf 84' lang='lat' dir='ltr'><strong>venerunt.</strong></span> <span class='ocrx_word' id='word_1_89' title='bbox 477 1444 509 1500; x_wconf 87' lang='lat' dir='ltr'><strong>Is</strong></span> <span class='ocrx_word' id='word_1_90' title='bbox 536 1441 648 1518; x_wconf 83' lang='lat' dir='ltr'><strong>legatos</strong></span> <span class='ocrx_word' id='word_1_91' title='bbox 675 1441 798 1501; x_wconf 85' lang='lat' dir='ltr'><strong>comiter</strong></span> <span class='ocrx_word' id='word_1_92' title='bbox 818 1451 954 1518; x_wconf 87' lang='lat' dir='ltr'><strong>acceptos</strong></span> <span class='ocrx_word' id='word_1_93' title='bbox 975 1442 1174 1500; x_wconf 70' lang='lat' dir='ltr'><strong>Pessinuntem</strong></span> <span class='ocrx_word' id='word_1_94' title='bbox 1196 1442 1224 1498; x_wconf 89' lang='lat' dir='ltr'><strong>in</strong></span> <span class='ocrx_word' id='word_1_95' title='bbox 1241 1441 1337 1512; x_wconf 54' lang='lat' dir='ltr'><strong>Phry</strong></span> 
     </span>
     <span class='ocr_line' id='line_1_13' title="bbox 282 1545 1330 1623; baseline -0.006 -19"><span class='ocrx_word' id='word_1_96' title='bbox 282 1549 360 1623; x_wconf 81' lang='lat' dir='ltr'><strong>giam</strong></span> <span class='ocrx_word' id='word_1_97' title='bbox 390 1547 526 1617; x_wconf 82' lang='lat' dir='ltr'><strong>deduxit,</strong></span> <span class='ocrx_word' id='word_1_98' title='bbox 558 1565 731 1620; x_wconf 86' lang='lat' dir='ltr'><strong>sacrumque</strong></span> <span class='ocrx_word' id='word_1_99' title='bbox 761 1547 797 1602; x_wconf 87' lang='lat' dir='ltr'><strong>iis</strong></span> <span class='ocrx_word' id='word_1_100' title='bbox 823 1547 965 1622; x_wconf 79' lang='lat' dir='ltr'>lapidem,</span> <span class='ocrx_word' id='word_1_101' title='bbox 1000 1567 1088 1622; x_wconf 85' lang='lat' dir='ltr'><strong>quam</strong></span> <span class='ocrx_word' id='word_1_102' title='bbox 1116 1557 1234 1606; x_wconf 87' lang='lat' dir='ltr'><strong>matrem</strong></span> <span class='ocrx_word' id='word_1_103' title='bbox 1252 1545 1330 1601; x_wconf 87' lang='lat' dir='ltr'><strong>deum</strong></span> 
     </span>
    </p>
   </div>
   <div class='ocr_carea' id='block_1_4' title="bbox 252 1647 1338 2146">
    <p class='ocr_par' dir='ltr' id='par_1_4' title="bbox 252 1647 1338 2146">
     <span class='ocr_line' id='line_1_14' title="bbox 283 1647 1330 1727; baseline -0.009 -16"><span class='ocrx_word' id='word_1_104' title='bbox 283 1671 347 1711; x_wconf 84' lang='lat' dir='ltr'><strong>osse</strong></span> <span class='ocrx_word' id='word_1_105' title='bbox 377 1652 479 1710; x_wconf 74' lang='lat' dir='ltr'><strong>incole</strong></span> <span class='ocrx_word' id='word_1_106' title='bbox 511 1653 664 1720; x_wconf 82' lang='lat' dir='ltr'><strong>dicebant,</strong></span> <span class='ocrx_word' id='word_1_107' title='bbox 698 1651 819 1708; x_wconf 74' lang='lat' dir='ltr'><strong>tradidit</strong></span> <span class='ocrx_word' id='word_1_108' title='bbox 850 1671 885 1710; x_wconf 85' lang='lat' dir='ltr'><strong>uc</strong></span> <span class='ocrx_word' id='word_1_109' title='bbox 917 1653 1073 1727; x_wconf 85' lang='lat' dir='ltr'><strong>deportare</strong></span> <span class='ocrx_word' id='word_1_110' title='bbox 1101 1655 1224 1712; x_wconf 82' lang='lat' dir='ltr'><strong>Romam</strong></span> <span class='ocrx_word' id='word_1_111' title='bbox 1249 1647 1330 1705; x_wconf 80' lang='lat' dir='ltr'><strong>iussit</strong></span> 
     </span>
     <span class='ocr_line' id='line_1_15' title="bbox 253 1754 1338 1831; baseline -0.005 -17"><span class='ocrx_word' id='word_1_112' title='bbox 253 1757 457 1817; x_wconf 77' lang='lat' dir='ltr'><strong>8Praemissus</strong></span> <span class='ocrx_word' id='word_1_113' title='bbox 488 1758 527 1814; x_wconf 82' lang='lat' dir='ltr'><strong>ab</strong></span> <span class='ocrx_word' id='word_1_114' title='bbox 559 1756 663 1831; x_wconf 83' lang='lat' dir='ltr'><strong>legatis</strong></span> <span class='ocrx_word' id='word_1_115' title='bbox 695 1755 737 1814; x_wconf 88' lang='lat' dir='ltr'><strong>M.</strong></span> <span class='ocrx_word' id='word_1_116' title='bbox 769 1755 906 1814; x_wconf 80' lang='lat' dir='ltr'><strong>Valerius</strong></span> <span class='ocrx_word' id='word_1_117' title='bbox 942 1757 1030 1816; x_wconf 87' lang='lat' dir='ltr'><strong>Falto</strong></span> <span class='ocrx_word' id='word_1_118' title='bbox 1065 1757 1222 1825; x_wconf 82' lang='lat' dir='ltr'><strong>nuntiavit,</strong></span> <span class='ocrx_word' id='word_1_119' title='bbox 1255 1754 1338 1822; x_wconf 70' lang='lat' dir='ltr'><strong>deam</strong></span> 
     </span>
     <span class='ocr_line' id='line_1_16' title="bbox 284 1841 1338 1939; baseline -0.009 -18"><span class='ocrx_word' id='word_1_120' title='bbox 284 1861 452 1939; x_wconf 80' lang='lat' dir='ltr'><strong>apportari3</strong></span> <span class='ocrx_word' id='word_1_121' title='bbox 491 1861 676 1936; x_wconf 72' lang='lat' dir='ltr'><strong>quarendum</strong></span> <span class='ocrx_word' id='word_1_122' title='bbox 697 1859 791 1918; x_wconf 81' lang='lat' dir='ltr'><strong>virum</strong></span> <span class='ocrx_word' id='word_1_123' title='bbox 822 1861 963 1936; x_wconf 89' lang='lat' dir='ltr'><strong>optimum</strong></span> <span class='ocrx_word' id='word_1_124' title='bbox 991 1863 1021 1920; x_wconf 91' lang='lat' dir='ltr'><strong>in</strong></span> <span class='ocrx_word' id='word_1_125' title='bbox 1043 1861 1161 1918; x_wconf 85' lang='lat' dir='ltr'><strong>civitate</strong></span> <span class='ocrx_word' id='word_1_126' title='bbox 1181 1878 1256 1929; x_wconf 83' lang='lat' dir='ltr'><strong>esso,</strong></span> <span class='ocrx_word' id='word_1_127' title='bbox 1290 1841 1338 1931; x_wconf 40' lang='lat' dir='ltr'><strong>qui*</strong></span> 
     </span>
     <span class='ocr_line' id='line_1_17' title="bbox 285 1965 749 2042; baseline 0 -16"><span class='ocrx_word' id='word_1_128' title='bbox 285 1987 350 2026; x_wconf 86' lang='lat' dir='ltr'><strong>eam</strong></span> <span class='ocrx_word' id='word_1_129' title='bbox 371 1967 426 2024; x_wconf 89' lang='lat' dir='ltr'><strong>rite</strong></span> <span class='ocrx_word' id='word_1_130' title='bbox 446 1966 574 2042; x_wconf 88' lang='lat' dir='ltr'><strong>hospitio</strong></span> <span class='ocrx_word' id='word_1_131' title='bbox 596 1965 749 2039; x_wconf 84' lang='lat' dir='ltr'><strong>acciperet.</strong></span> 
     </span>
     <span class='ocr_line' id='line_1_18' title="bbox 252 2063 1329 2146; baseline -0.006 -17"><span class='ocrx_word' id='word_1_132' title='bbox 252 2074 271 2129; x_wconf 79' lang='lat'>9</span> <span class='ocrx_word' id='word_1_133' title='bbox 368 2072 406 2146; x_wconf 84' lang='lat' dir='ltr'><strong>Q.</strong></span> <span class='ocrx_word' id='word_1_134' title='bbox 428 2070 560 2132; x_wconf 80' lang='lat' dir='ltr'><strong>Caecillus</strong></span> <span class='ocrx_word' id='word_1_135' title='bbox 579 2069 716 2128; x_wconf 85' lang='lat' dir='ltr'><strong>Melcllus</strong></span> <span class='ocrx_word' id='word_1_136' title='bbox 737 2069 862 2128; x_wconf 83' lang='lat' dir='ltr'><strong>dictator</strong></span> <span class='ocrx_word' id='word_1_137' title='bbox 883 2072 921 2128; x_wconf 84' lang='lat' dir='ltr'><strong>ab</strong></span> <span class='ocrx_word' id='word_1_138' title='bbox 943 2069 1107 2130; x_wconf 89' lang='lat' dir='ltr'><strong>consulein</strong></span> <span class='ocrx_word' id='word_1_139' title='bbox 1122 2067 1241 2128; x_wconf 83' lang='lat' dir='ltr'><strong>Bruttiis</strong></span> <span class='ocrx_word' id='word_1_140' title='bbox 1255 2063 1329 2124; x_wconf 86' lang='lat' dir='ltr'><strong>comi·</strong></span> 
     </span>
    </p>
   </div>
   <div class='ocr_carea' id='block_1_5' title="bbox 196 2171 1339 4038">
    <p class='ocr_par' dir='ltr' id='par_1_5' title="bbox 196 2171 1339 4038">
     <span class='ocr_line' id='line_1_19' title="bbox 285 2171 1331 2250; baseline -0.007 -17"><span class='ocrx_word' id='word_1_141' title='bbox 285 2177 390 2236; x_wconf 89' lang='lat' dir='ltr'><strong>tiorum</strong></span> <span class='ocrx_word' id='word_1_142' title='bbox 428 2193 518 2234; x_wconf 86' lang='lat' dir='ltr'><strong>causa</strong></span> <span class='ocrx_word' id='word_1_143' title='bbox 551 2175 644 2234; x_wconf 87' lang='lat' dir='ltr'><strong>dictus</strong></span> <span class='ocrx_word' id='word_1_144' title='bbox 680 2175 882 2250; x_wconf 85' lang='lat' dir='ltr'><strong>exercitusque</strong></span> <span class='ocrx_word' id='word_1_145' title='bbox 917 2175 979 2234; x_wconf 87' lang='lat' dir='ltr'><strong>eius</strong></span> <span class='ocrx_word' id='word_1_146' title='bbox 1015 2174 1168 2244; x_wconf 81' lang='lat' dir='ltr'><strong>dimissus,</strong></span> <span class='ocrx_word' id='word_1_147' title='bbox 1212 2171 1331 2246; x_wconf 84' lang='lat' dir='ltr'><strong>magister</strong></span> 
     </span>
     <span class='ocr_line' id='line_1_20' title="bbox 237 2277 1339 2356; baseline -0.006 -18"><span class='ocrx_word' id='word_1_148' title='bbox 237 2285 273 2338; x_wconf 88' lang='grc'><strong>10</strong></span> <span class='ocrx_word' id='word_1_149' title='bbox 286 2281 414 2356; x_wconf 85' lang='lat' dir='ltr'><strong>equitum</strong></span> <span class='ocrx_word' id='word_1_150' title='bbox 438 2281 473 2341; x_wconf 74' lang='lat'><strong>1..</strong></span> <span class='ocrx_word' id='word_1_151' title='bbox 499 2280 639 2342; x_wconf 68' lang='lat' dir='ltr'><strong>vetuitus</strong></span> <span class='ocrx_word' id='word_1_152' title='bbox 660 2279 756 2339; x_wconf 89' lang='lat' dir='ltr'><strong>Philo.</strong></span> <span class='ocrx_word' id='word_1_153' title='bbox 801 2277 928 2340; x_wconf 86' lang='lat' dir='ltr'><strong>Comitia</strong></span> <span class='ocrx_word' id='word_1_154' title='bbox 956 2280 1058 2338; x_wconf 84' lang='lat' dir='ltr'><strong>habita</strong></span> <span class='ocrx_word' id='word_1_155' title='bbox 1085 2297 1140 2355; x_wconf 84' lang='lat' dir='ltr'><strong>per</strong></span> <span class='ocrx_word' id='word_1_156' title='bbox 1169 2279 1339 2342; x_wconf 50' lang='lat' dir='ltr'><strong>dictatorem..</strong></span> 
     </span>
     <span class='ocr_line' id='line_1_21' title="bbox 287 2379 1331 2466; baseline -0.01 -20"><span class='ocrx_word' id='word_1_157' title='bbox 287 2385 428 2446; x_wconf 78' lang='lat' dir='ltr'>Consules</span> <span class='ocrx_word' id='word_1_158' title='bbox 458 2385 531 2443; x_wconf 85' lang='lat' dir='ltr'><strong>facti</strong></span> <span class='ocrx_word' id='word_1_159' title='bbox 550 2386 593 2444; x_wconf 89' lang='grc' dir='ltr'><strong>Μ.</strong></span> <span class='ocrx_word' id='word_1_160' title='bbox 617 2382 769 2443; x_wconf 81' lang='lat' dir='ltr'><strong>Cornelius</strong></span> <span class='ocrx_word' id='word_1_161' title='bbox 791 2383 956 2466; x_wconf 76' lang='lat' dir='ltr'><strong>Cethegus,</strong></span> <span class='ocrx_word' id='word_1_162' title='bbox 988 2386 1024 2444; x_wconf 91' lang='lat' dir='ltr'><strong>P.</strong></span> <span class='ocrx_word' id='word_1_163' title='bbox 1044 2383 1234 2460; x_wconf 79' lang='lat' dir='ltr'>Sempronius</span> <span class='ocrx_word' id='word_1_164' title='bbox 1254 2379 1331 2438; x_wconf 81' lang='lat' dir='ltr'><strong>Tuli·</strong></span> 
     </span>
     <span class='ocr_line' id='line_1_22' title="bbox 237 2488 1329 2565; baseline -0.006 -17"><span class='ocrx_word' id='word_1_165' title='bbox 237 2493 272 2548; x_wconf 90' lang='lat' dir='ltr'><strong>ll</strong></span> <span class='ocrx_word' id='word_1_166' title='bbox 287 2502 374 2550; x_wconf 85' lang='lat' dir='ltr'><strong>tanus</strong></span> <span class='ocrx_word' id='word_1_167' title='bbox 395 2493 520 2560; x_wconf 79' lang='lat' dir='ltr'><strong>absens,</strong></span> <span class='ocrx_word' id='word_1_168' title='bbox 543 2508 630 2565; x_wconf 90' lang='lat' dir='ltr'><strong>quum</strong></span> <span class='ocrx_word' id='word_1_169' title='bbox 653 2490 833 2564; x_wconf 86' lang='lat' dir='ltr'><strong>provinciam</strong></span> <span class='ocrx_word' id='word_1_170' title='bbox 856 2488 1003 2548; x_wconf 81' lang='lat' dir='ltr'><strong>Groeciam</strong></span> <span class='ocrx_word' id='word_1_171' title='bbox 1025 2490 1157 2547; x_wconf 83' lang='lat' dir='ltr'><strong>haberet.</strong></span> <span class='ocrx_word' id='word_1_172' title='bbox 1206 2489 1329 2546; x_wconf 75' lang='lat' dir='ltr'><strong>Prema</strong></span> 
     </span>
     <span class='ocr_line' id='line_1_23' title="bbox 287 2589 1328 2664; baseline -0.007 -10"><span class='ocrx_word' id='word_1_173' title='bbox 287 2597 354 2654; x_wconf 84' lang='lat' dir='ltr'><strong>indo</strong></span> <span class='ocrx_word' id='word_1_174' title='bbox 387 2596 477 2657; x_wconf 75' lang='lat' dir='ltr'><strong>metti</strong></span> <span class='ocrx_word' id='word_1_175' title='bbox 503 2593 544 2654; x_wconf 83' lang='lat' dir='ltr'><strong>Ti.</strong></span> <span class='ocrx_word' id='word_1_176' title='bbox 567 2593 707 2654; x_wconf 86' lang='lat' dir='ltr'><strong>Claudius</strong></span> <span class='ocrx_word' id='word_1_177' title='bbox 728 2595 825 2664; x_wconf 80' lang='lat' dir='ltr'><strong>Naro,</strong></span> <span class='ocrx_word' id='word_1_178' title='bbox 856 2594 899 2652; x_wconf 89' lang='lat' dir='ltr'><strong>M.</strong></span> <span class='ocrx_word' id='word_1_179' title='bbox 920 2595 1050 2654; x_wconf 77' lang='lat' dir='ltr'><strong>Marcius</strong></span> <span class='ocrx_word' id='word_1_180' title='bbox 1077 2593 1185 2664; x_wconf 83' lang='lat' dir='ltr'><strong>Ralla,</strong></span> <span class='ocrx_word' id='word_1_181' title='bbox 1215 2593 1250 2650; x_wconf 88' lang='lat' dir='ltr'><strong>L.</strong></span> <span class='ocrx_word' id='word_1_182' title='bbox 1270 2589 1328 2650; x_wconf 88' lang='lat' dir='ltr'><strong>Sui·</strong></span> 
     </span>
     <span class='ocr_line' id='line_1_24' title="bbox 288 2697 1329 2774; baseline -0.009 -16"><span class='ocrx_word' id='word_1_183' title='bbox 288 2700 393 2758; x_wconf 89' lang='lat' dir='ltr'><strong>bcuius</strong></span> <span class='ocrx_word' id='word_1_184' title='bbox 415 2702 500 2770; x_wconf 80' lang='lat' dir='ltr'><strong>Libo,</strong></span> <span class='ocrx_word' id='word_1_185' title='bbox 521 2700 564 2758; x_wconf 89' lang='grc' dir='ltr'><strong>Μ.</strong></span> <span class='ocrx_word' id='word_1_186' title='bbox 581 2699 763 2774; x_wconf 77' lang='lat' dir='ltr'><strong>Pomponius</strong></span> <span class='ocrx_word' id='word_1_187' title='bbox 784 2699 897 2758; x_wconf 89' lang='lat' dir='ltr'><strong>Matho.</strong></span> <span class='ocrx_word' id='word_1_188' title='bbox 933 2697 1066 2760; x_wconf 88' lang='lat' dir='ltr'><strong>Comitiis</strong></span> <span class='ocrx_word' id='word_1_189' title='bbox 1086 2698 1215 2774; x_wconf 73' lang='lat' dir='ltr'><strong>peractis</strong></span> <span class='ocrx_word' id='word_1_190' title='bbox 1228 2698 1329 2754; x_wconf 84' lang='lat' dir='ltr'><strong>dictatur</strong></span> 
     </span>
     <span class='ocr_line' id='line_1_25' title="bbox 288 2804 723 2880; baseline -0.009 -16"><span class='ocrx_word' id='word_1_191' title='bbox 288 2824 352 2865; x_wconf 83' lang='lat' dir='ltr'><strong>sose</strong></span> <span class='ocrx_word' id='word_1_192' title='bbox 374 2806 545 2880; x_wconf 81' lang='lat' dir='ltr'><strong>magistratu</strong></span> <span class='ocrx_word' id='word_1_193' title='bbox 566 2804 723 2864; x_wconf 84' lang='lat' dir='ltr'><strong>abdicavit.</strong></span> 
     </span>
     <span class='ocr_line' id='line_1_26' title="bbox 240 2896 1329 2986; baseline -0.007 -16"><span class='ocrx_word' id='word_1_194' title='bbox 240 2903 276 2960; x_wconf 78' lang='lat'><strong>1²</strong></span> <span class='ocrx_word' id='word_1_195' title='bbox 371 2896 450 2970; x_wconf 69' lang='lat' dir='ltr'><strong>Ludi</strong></span> <span class='ocrx_word' id='word_1_196' title='bbox 481 2909 608 2969; x_wconf 87' lang='lat' dir='ltr'><strong>Romani</strong></span> <span class='ocrx_word' id='word_1_197' title='bbox 639 2917 700 2977; x_wconf 81' lang='lat' dir='ltr'><strong>ter,</strong></span> <span class='ocrx_word' id='word_1_198' title='bbox 740 2908 846 2986; x_wconf 81' lang='lat' dir='ltr'><strong>plebeii</strong></span> <span class='ocrx_word' id='word_1_199' title='bbox 877 2909 983 2984; x_wconf 78' lang='lat' dir='ltr'><strong>septies</strong></span> <span class='ocrx_word' id='word_1_200' title='bbox 1020 2907 1185 2968; x_wconf 81' lang='lat' dir='ltr'><strong>instaurati</strong></span> <span class='ocrx_word' id='word_1_201' title='bbox 1232 2905 1329 2965; x_wconf 79' lang='lat' dir='ltr'><strong>Curnla</strong></span> 
     </span>
     <span class='ocr_line' id='line_1_27' title="bbox 290 3012 1328 3089; baseline -0.006 -15"><span class='ocrx_word' id='word_1_202' title='bbox 290 3024 374 3074; x_wconf 86' lang='lat' dir='ltr'><strong>eraut</strong></span> <span class='ocrx_word' id='word_1_203' title='bbox 390 3015 487 3073; x_wconf 81' lang='lat' dir='ltr'><strong>aediles</strong></span> <span class='ocrx_word' id='word_1_204' title='bbox 504 3013 557 3074; x_wconf 88' lang='lat' dir='ltr'><strong>Cn.</strong></span> <span class='ocrx_word' id='word_1_205' title='bbox 572 3022 602 3072; x_wconf 91' lang='lat' dir='ltr'><strong>et</strong></span> <span class='ocrx_word' id='word_1_206' title='bbox 619 3015 653 3072; x_wconf 85' lang='lat' dir='ltr'><strong>L.</strong></span> <span class='ocrx_word' id='word_1_207' title='bbox 671 3012 799 3072; x_wconf 87' lang='lat' dir='ltr'><strong>Cornelii</strong></span> <span class='ocrx_word' id='word_1_208' title='bbox 814 3013 939 3072; x_wconf 80' lang='lat' dir='ltr'><strong>Lentuli.</strong></span> <span class='ocrx_word' id='word_1_209' title='bbox 970 3012 1080 3072; x_wconf 87' lang='lat' dir='ltr'><strong>Lucius</strong></span> <span class='ocrx_word' id='word_1_210' title='bbox 1093 3013 1266 3089; x_wconf 73' lang='lat' dir='ltr'><strong>Hispaniam</strong></span> <span class='ocrx_word' id='word_1_211' title='bbox 1281 3029 1328 3088; x_wconf 82' lang='lat' dir='ltr'><strong>pro</strong></span> 
     </span>
     <span class='ocr_line' id='line_1_28' title="bbox 290 3117 1328 3200; baseline -0.01 -21"><span class='ocrx_word' id='word_1_212' title='bbox 290 3121 416 3180; x_wconf 66' lang='lat' dir='ltr'><strong>vindam</strong></span> <span class='ocrx_word' id='word_1_213' title='bbox 437 3120 582 3188; x_wconf 67' lang='lat' dir='ltr'><strong>habebatc</strong></span> <span class='ocrx_word' id='word_1_214' title='bbox 614 3120 719 3176; x_wconf 61' lang='lat' dir='ltr'><strong>Maera</strong></span> <span class='ocrx_word' id='word_1_215' title='bbox 741 3128 855 3178; x_wconf 85' lang='lat' dir='ltr'><strong>creatus</strong></span> <span class='ocrx_word' id='word_1_216' title='bbox 878 3121 983 3178; x_wconf 82' lang='lat' dir='ltr'><strong>absens</strong></span> <span class='ocrx_word' id='word_1_217' title='bbox 1005 3137 1070 3200; x_wconf 85' lang='lat' dir='ltr'><strong>aum</strong></span> <span class='ocrx_word' id='word_1_218' title='bbox 1092 3119 1233 3186; x_wconf 81' lang='lat' dir='ltr'><strong>honorem</strong></span> <span class='ocrx_word' id='word_1_219' title='bbox 1256 3117 1328 3195; x_wconf 81' lang='lat' dir='ltr'><strong>gessit</strong></span> 
     </span>
     <span class='ocr_line' id='line_1_29' title="bbox 241 3220 1328 3298; baseline -0.006 -13"><span class='ocrx_word' id='word_1_220' title='bbox 241 3220 277 3275; x_wconf 85' lang='lat'><strong>¹3</strong></span> <span class='ocrx_word' id='word_1_221' title='bbox 291 3226 339 3285; x_wconf 86' lang='lat' dir='ltr'><strong>Ti.</strong></span> <span class='ocrx_word' id='word_1_222' title='bbox 363 3223 502 3286; x_wconf 85' lang='lat' dir='ltr'><strong>Claudius</strong></span> <span class='ocrx_word' id='word_1_223' title='bbox 524 3224 643 3283; x_wconf 77' lang='lat' dir='ltr'><strong>Asellus</strong></span> <span class='ocrx_word' id='word_1_224' title='bbox 665 3232 694 3280; x_wconf 87' lang='lat' dir='ltr'><strong>st</strong></span> <span class='ocrx_word' id='word_1_225' title='bbox 714 3225 756 3297; x_wconf 79' lang='lat' dir='ltr'><strong>M.</strong></span> <span class='ocrx_word' id='word_1_226' title='bbox 779 3224 880 3296; x_wconf 79' lang='lat' dir='ltr'><strong>Iunius</strong></span> <span class='ocrx_word' id='word_1_227' title='bbox 902 3226 1032 3283; x_wconf 87' lang='lat' dir='ltr'><strong>Pennus·</strong></span> <span class='ocrx_word' id='word_1_228' title='bbox 1044 3224 1151 3298; x_wconf 84' lang='lat' dir='ltr'><strong>plebeii</strong></span> <span class='ocrx_word' id='word_1_229' title='bbox 1171 3225 1267 3282; x_wconf 77' lang='lat' dir='ltr'><strong>aerliler</strong></span> <span class='ocrx_word' id='word_1_230' title='bbox 1287 3225 1328 3284; x_wconf 79' lang='lat' dir='ltr'><strong>inc</strong></span> 
     </span>
     <span class='ocr_line' id='line_1_30' title="bbox 290 3328 1328 3405; baseline -0.006 -13"><span class='ocrx_word' id='word_1_231' title='bbox 290 3339 367 3392; x_wconf 81' lang='lat' dir='ltr'><strong>runt.</strong></span> <span class='ocrx_word' id='word_1_232' title='bbox 414 3331 525 3390; x_wconf 82' lang='lat' dir='ltr'><strong>AEdem</strong></span> <span class='ocrx_word' id='word_1_233' title='bbox 540 3329 664 3388; x_wconf 77' lang='lat' dir='ltr'><strong>Virtutis</strong></span> <span class='ocrx_word' id='word_1_234' title='bbox 686 3349 722 3386; x_wconf 92' lang='lat' dir='ltr'><strong>eo</strong></span> <span class='ocrx_word' id='word_1_235' title='bbox 744 3348 821 3387; x_wconf 90' lang='lat' dir='ltr'><strong>anno</strong></span> <span class='ocrx_word' id='word_1_236' title='bbox 841 3329 878 3386; x_wconf 81' lang='lat' dir='ltr'><strong>atl</strong></span> <span class='ocrx_word' id='word_1_237' title='bbox 900 3338 1015 3405; x_wconf 87' lang='lat' dir='ltr'><strong>portam</strong></span> <span class='ocrx_word' id='word_1_238' title='bbox 1038 3328 1190 3404; x_wconf 85' lang='lat' dir='ltr'><strong>Capenam</strong></span> <span class='ocrx_word' id='word_1_239' title='bbox 1212 3332 1255 3388; x_wconf 89' lang='lat' dir='ltr'><strong>M.</strong></span> <span class='ocrx_word' id='word_1_240' title='bbox 1271 3333 1328 3389; x_wconf 83' lang='lat' dir='ltr'><strong>Mar·</strong></span> 
     </span>
     <span class='ocr_line' id='line_1_31' title="bbox 291 3434 1327 3510; baseline -0.006 -16"><span class='ocrx_word' id='word_1_241' title='bbox 291 3437 380 3494; x_wconf 87' lang='lat' dir='ltr'><strong>cellas</strong></span> <span class='ocrx_word' id='word_1_242' title='bbox 397 3434 551 3505; x_wconf 80' lang='lat' dir='ltr'><strong>dedicavit,</strong></span> <span class='ocrx_word' id='word_1_243' title='bbox 572 3434 696 3510; x_wconf 87' lang='lat' dir='ltr'><strong>septimo</strong></span> <span class='ocrx_word' id='word_1_244' title='bbox 712 3435 825 3492; x_wconf 84' lang='lat' dir='ltr'><strong>docimo</strong></span> <span class='ocrx_word' id='word_1_245' title='bbox 840 3451 916 3492; x_wconf 88' lang='lat' dir='ltr'><strong>anno</strong></span> <span class='ocrx_word' id='word_1_246' title='bbox 937 3442 1015 3508; x_wconf 84' lang='lat' dir='ltr'><strong>post,</strong></span> <span class='ocrx_word' id='word_1_247' title='bbox 1040 3452 1129 3508; x_wconf 85' lang='lat' dir='ltr'><strong>quam</strong></span> <span class='ocrx_word' id='word_1_248' title='bbox 1149 3443 1267 3509; x_wconf 82' lang='lat' dir='ltr'><strong>epatre</strong></span> <span class='ocrx_word' id='word_1_249' title='bbox 1289 3435 1327 3491; x_wconf 84' lang='lat' dir='ltr'><strong>eiu</strong></span> 
     </span>
     <span class='ocr_line' id='line_1_32' title="bbox 243 3533 1327 3616; baseline -0.002 -18"><span class='ocrx_word' id='word_1_250' title='bbox 243 3533 278 3588; x_wconf 81' lang='lat'><strong>14</strong></span> <span class='ocrx_word' id='word_1_251' title='bbox 292 3540 386 3616; x_wconf 90' lang='lat' dir='ltr'><strong>primo</strong></span> <span class='ocrx_word' id='word_1_252' title='bbox 414 3539 566 3601; x_wconf 76' lang='lat' dir='ltr'><strong>consulatu</strong></span> <span class='ocrx_word' id='word_1_253' title='bbox 604 3547 677 3596; x_wconf 89' lang='lat' dir='ltr'><strong>vota</strong></span> <span class='ocrx_word' id='word_1_254' title='bbox 703 3540 733 3596; x_wconf 86' lang='lat' dir='ltr'><strong>iu</strong></span> <span class='ocrx_word' id='word_1_255' title='bbox 767 3539 867 3600; x_wconf 86' lang='lat' dir='ltr'><strong>Gallia</strong></span> <span class='ocrx_word' id='word_1_256' title='bbox 898 3541 936 3598; x_wconf 88' lang='lat' dir='ltr'><strong>ad</strong></span> <span class='ocrx_word' id='word_1_257' title='bbox 965 3538 1137 3598; x_wconf 76' lang='lat' dir='ltr'><strong>Clastidium</strong></span> <span class='ocrx_word' id='word_1_258' title='bbox 1165 3538 1268 3599; x_wconf 83' lang='lat' dir='ltr'><strong>luerat.</strong></span> <span class='ocrx_word' id='word_1_259' title='bbox 1305 3539 1327 3596; x_wconf 84' lang='lat' dir='ltr'><strong>Et</strong></span> 
     </span>
     <span class='ocr_line' id='line_1_33' title="bbox 293 3643 1315 3722; baseline 0 -20"><span class='ocrx_word' id='word_1_260' title='bbox 293 3645 399 3702; x_wconf 85' lang='lat' dir='ltr'><strong>flamen</strong></span> <span class='ocrx_word' id='word_1_261' title='bbox 420 3643 566 3704; x_wconf 84' lang='lat' dir='ltr'><strong>Martialis</strong></span> <span class='ocrx_word' id='word_1_262' title='bbox 588 3661 623 3702; x_wconf 91' lang='lat' dir='ltr'><strong>co</strong></span> <span class='ocrx_word' id='word_1_263' title='bbox 646 3663 723 3702; x_wconf 91' lang='lat' dir='ltr'><strong>anno</strong></span> <span class='ocrx_word' id='word_1_264' title='bbox 745 3653 789 3702; x_wconf 87' lang='lat' dir='ltr'><strong>ast</strong></span> <span class='ocrx_word' id='word_1_265' title='bbox 809 3654 940 3702; x_wconf 89' lang='lat' dir='ltr'><strong>mortuus</strong></span> <span class='ocrx_word' id='word_1_266' title='bbox 961 3646 1005 3704; x_wconf 88' lang='lat' dir='ltr'><strong>M.</strong></span> <span class='ocrx_word' id='word_1_267' title='bbox 1029 3644 1171 3704; x_wconf 81' lang='lat' dir='ltr'><strong>AEmilius</strong></span> <span class='ocrx_word' id='word_1_268' title='bbox 1193 3646 1315 3722; x_wconf 80' lang='lat' dir='ltr'><strong>Regillus.</strong></span> 
     </span>
     <span class='ocr_line' id='line_1_34' title="bbox 196 3734 1326 3826; baseline 0.005 -24"><span class='ocrx_word' id='word_1_269' title='bbox 196 3734 240 3803; x_wconf 74' lang='lat'><strong>12</strong></span> <span class='ocrx_word' id='word_1_270' title='bbox 304 3795 307 3804; x_wconf 88' lang='lat'><strong>.</strong></span> <span class='ocrx_word' id='word_1_271' title='bbox 376 3750 525 3825; x_wconf 71' lang='lat' dir='ltr'><strong>Neglectae</strong></span> <span class='ocrx_word' id='word_1_272' title='bbox 555 3767 590 3806; x_wconf 90' lang='lat' dir='ltr'><strong>eo</strong></span> <span class='ocrx_word' id='word_1_273' title='bbox 619 3749 735 3806; x_wconf 87' lang='lat' dir='ltr'><strong>biennio</strong></span> <span class='ocrx_word' id='word_1_274' title='bbox 760 3766 807 3806; x_wconf 84' lang='lat' dir='ltr'><strong>res</strong></span> <span class='ocrx_word' id='word_1_275' title='bbox 828 3749 858 3806; x_wconf 90' lang='lat' dir='ltr'><strong>in</strong></span> <span class='ocrx_word' id='word_1_276' title='bbox 880 3749 998 3808; x_wconf 75' lang='lat' dir='ltr'><strong>Graecia</strong></span> <span class='ocrx_word' id='word_1_277' title='bbox 1019 3757 1112 3808; x_wconf 66' lang='lat' dir='ltr'><strong>mant.</strong></span> <span class='ocrx_word' id='word_1_278' title='bbox 1160 3752 1262 3826; x_wconf 89' lang='lat' dir='ltr'><strong>Itaque</strong></span> <span class='ocrx_word' id='word_1_279' title='bbox 1282 3749 1326 3812; x_wconf 84' lang='lat' dir='ltr'><strong>Pli·</strong></span> 
     </span>
     <span class='ocr_line' id='line_1_35' title="bbox 294 3853 1327 3928; baseline 0.005 -19"><span class='ocrx_word' id='word_1_280' title='bbox 294 3853 391 3928; x_wconf 87' lang='lat' dir='ltr'><strong>lippus</strong></span> <span class='ocrx_word' id='word_1_281' title='bbox 412 3854 532 3912; x_wconf 86' lang='lat' dir='ltr'><strong>AEtolcs</strong></span> <span class='ocrx_word' id='word_1_282' title='bbox 554 3855 684 3912; x_wconf 84' lang='lat' dir='ltr'><strong>desertos</strong></span> <span class='ocrx_word' id='word_1_283' title='bbox 708 3855 746 3911; x_wconf 93' lang='lat' dir='ltr'><strong>ab</strong></span> <span class='ocrx_word' id='word_1_284' title='bbox 766 3856 920 3924; x_wconf 80' lang='lat' dir='ltr'><strong>Romano,</strong></span> <span class='ocrx_word' id='word_1_285' title='bbox 942 3855 987 3913; x_wconf 89' lang='lat' dir='ltr'><strong>oui</strong></span> <span class='ocrx_word' id='word_1_286' title='bbox 1009 3855 1216 3928; x_wconf 79' lang='lat' dir='ltr'><strong>collidebant,</strong></span> <span class='ocrx_word' id='word_1_287' title='bbox 1236 3858 1327 3916; x_wconf 81' lang='lat' dir='ltr'><strong>auxilia</strong></span> 
     </span>
     <span class='ocr_line' id='line_1_36' title="bbox 296 3956 1326 4038; baseline 0.007 -24"><span class='ocrx_word' id='word_1_288' title='bbox 296 3956 401 4030; x_wconf 87' lang='lat' dir='ltr'><strong>qulbus</strong></span> <span class='ocrx_word' id='word_1_289' title='bbox 414 3957 508 4014; x_wconf 84' lang='lat' dir='ltr'><strong>voluit</strong></span> <span class='ocrx_word' id='word_1_290' title='bbox 521 3959 737 4018; x_wconf 80' lang='lat' dir='ltr'><strong>condicionibus</strong></span> <span class='ocrx_word' id='word_1_291' title='bbox 755 3961 793 4016; x_wconf 88' lang='lat' dir='ltr'><strong>ad</strong></span> <span class='ocrx_word' id='word_1_292' title='bbox 808 3961 963 4036; x_wconf 84' lang='lat' dir='ltr'><strong>petendam</strong></span> <span class='ocrx_word' id='word_1_293' title='bbox 979 3969 1009 4018; x_wconf 91' lang='lat' dir='ltr'><strong>at</strong></span> <span class='ocrx_word' id='word_1_294' title='bbox 1022 3961 1224 4038; x_wconf 86' lang='lat' dir='ltr'><strong>paciscendam</strong></span> <span class='ocrx_word' id='word_1_295' title='bbox 1241 3961 1326 4037; x_wconf 77' lang='lat' dir='ltr'><strong>subep&#39;t</strong></span> 
     </span>
    </p>
   </div>
   <div class='ocr_carea' id='block_1_6' title="bbox 0 0 1378 4556">
    <p class='ocr_par' dir='ltr' id='par_1_6' title="bbox 0 0 1378 4556">
     <span class='ocr_line' id='line_1_37' title="bbox 0 0 1378 4556; baseline 0 3"><span class='ocrx_word' id='word_1_296' title='bbox 0 0 1378 4556; x_wconf 95' lang='lat' dir='ltr'><strong> </strong></span> 
     </span>
    </p>
   </div>
  </div>
 </body>
</html>
