2812 4556
379 260 457 309 Liber
475 259 549 312 xx1.
586 256 782 321 (A.eh.21s.>
1030 259 1065 314 31

43 438 123 494 velut
157 441 305 500 adfinem
327 443 382 499 viae
415 443 525 516 equites
557 441 767 509 constitissent,
800 439 916 496 miranti
945 438 1112 507 Hannibali,

44 563 108 616 quae
143 565 192 604 res
224 558 389 604 moraretur
420 565 539 621 agmen,
573 546 744 618 nuntiatur,
766 565 867 620 rupem
897 545 1007 602 inviam
1039 561 1111 602 esse.

45 649 207 724 Digressus
229 653 334 710 deindo
361 653 424 728 ipse
448 653 487 709 ad
515 651 609 708 locum
638 651 798 708 visendum.
839 650 928 706 Haud
958 649 1046 706 dubia
1067 653 1143 708 rasi

44 755 127 827 visa,
163 759 232 832 quin
262 777 315 833 per
343 731 422 814 invia
450 755 527 812 circa
559 774 612 814 nec
633 755 702 812 trita
730 764 832 824 antea,
862 755 996 828 quamvis
1025 754 1124 830 longo¹

46 862 171 930 ambitu,
192 863 419 920 circumduceret
440 879 554 935 agmen.
602 863 648 918 Ea
670 880 740 918 vero
762 860 811 916 via
824 859 1028 934 insuperabilis
1043 857 1143 927 tutus

46 985 116 1022 nam
143 987 229 1041 quum
252 987 339 1043 super
360 976 486 1024 veterem
509 967 605 1024 nivem
617 967 764 1023 intactam
786 983 865 1022 nova
897 965 1018 1022 modicae
1047 965 1114 1022 alti-

48 1071 159 1128 tudinis
190 1081 280 1142 esset,
311 1072 392 1128 molli
420 1091 473 1130 nec
501 1073 628 1147 praealtae
655 1071 740 1130 facile
778 1071 867 1145 pedes
893 1069 1114 1143 ingredientium

49 1175 238 1247 insistebant3
275 1187 306 1235 ut
342 1197 411 1236 vero
438 1187 492 1234 tot
529 1178 679 1234 hominum
715 1176 967 1250 iumentorumque
1001 1175 1145 1232 incassu6

51 1280 167 1356 dilapsa
188 1292 238 1352 est,
259 1301 314 1358 per
332 1285 440 1340 nudam
462 1282 539 1341 infra
560 1284 681 1359 glaciem
697 1284 891 1355 fluentemque
905 1281 1002 1336 tabem
1023 1280 1114 1353 liqua-

51 1388 159 1444 scentis
185 1388 259 1446 niuis
286 1388 530 1464 ingrediebantur.
580 1391 680 1449 Toetra
701 1387 742 1444 ibi
762 1387 883 1443 luctatio
906 1395 982 1455 erat,
1013 1383 1060 1462 [ut
1081 1381 1143 1460 a]7

54 1490 167 1548 lubrica
187 1493 279 1568 glacie
300 1511 358 1549 non
382 1493 537 1567 recipiente
558 1492 712 1569 vestigium
743 1501 771 1547 et
793 1491 824 1547 in
847 1510 940 1566 prono
962 1489 1044 1548 citius
1066 1507 1116 1564 pe·

55 1596 107 1652 des
131 1597 251 1666 fallente,
272 1607 313 1667 ut,
335 1616 385 1654 seu
408 1600 540 1656 manibus
562 1601 591 1656 iu
614 1597 793 1673 assurgendo
815 1615 866 1652 seu
885 1613 961 1670 genu
982 1613 1013 1652 se
1035 1595 1117 1652 adiu·

58 1702 178 1772 sissent,
210 1701 281 1776 ipsis
315 1701 494 1760 adminiculis
529 1703 675 1779 prolepsis
708 1703 813 1760 iterum
850 1711 1029 1770 corruerent;
1064 1717 1117 1757 nec

58 1807 160 1882 stirpes
191 1809 267 1866 circa
297 1808 456 1878 radicesue,
487 1809 525 1866 ad
558 1827 631 1883 quas
663 1809 737 1884 pede
765 1816 815 1865 aut
847 1824 936 1864 mauu
963 1804 1117 1878 quisquam

61 1912 129 1969 eniti
154 1921 264 1988 posset,
294 1922 390 1982 erant;
422 1914 464 1969 ita
484 1913 516 1969 in
536 1913 593 1971 levi
615 1923 726 1972 tautum
749 1913 843 1988 glacie
869 1911 1027 1983 tabidaque
1051 1909 1117 1966 nive

61 2019 268 2076 volutabantur.
316 2019 451 2075 Iumenta
477 2019 619 2078 secabant
645 2019 790 2076 interdum
812 2016 900 2074 etiam
921 2015 1049 2070 infimam
1072 2012 1148 2068 iri-8

62 2124 212 2195 gredientia
232 2121 344 2191 nivem,
379 2131 407 2178 et
428 2121 568 2196 prolapsa
589 2122 731 2182 iactandis
755 2122 874 2197 gravius
896 2119 925 2176 in
945 2117 1118 2176 connitendo

66 2228 172 2301 ungulis
191 2227 304 2302 penitus
326 2225 553 2302 perfringebant,
575 2236 607 2282 ut
630 2227 769 2302 pleraque
789 2227 869 2283 velut
896 2223 1001 2299 pedica
1031 2231 1118 2298 capta

67 2333 197 2402 haererent
224 2332 254 2389 iu
282 2331 356 2387 dura
385 2341 413 2388 et
445 2331 503 2388 alte
524 2339 660 2388 concreta
687 2332 790 2407 glacie.
844 2331 976 2388 Tandem
999 2328 1118 2402 nequic-
1171 2320 1214 2389 37

70 2453 148 2506 quam
168 2436 301 2494 iumentis
317 2444 404 2510 atque
418 2435 583 2494 bominibus
606 2435 745 2512 fatigatis,
768 2445 865 2494 castra
879 2436 909 2493 in
923 2435 992 2510 iugo
1015 2434 1120 2510 posita,

70 2541 206 2613 aegerrime
227 2540 317 2596 adid
338 2540 432 2615 ipsum
454 2542 519 2599 loco
541 2553 680 2617 purgat03
709 2549 820 2598 tantum
849 2541 924 2598 nivis
953 2539 1120 2598 fodiendum

73 2652 150 2716 atque
170 2645 342 2720 egerendum
356 2644 420 2707 fuit.
468 2646 541 2704 Inde
563 2647 600 2702 ad
622 2665 724 2720 rupem
740 2645 937 2716 muniendam,
954 2655 1009 2718 ¹per
1032 2640 1149 2718 quaml

72 2765 148 2806 unam
172 2750 219 2809 via
247 2769 311 2806 esse
326 2759 456 2826 poterat,
485 2751 589 2808 milites
612 2751 704 2822 ducti,
731 2771 820 2826 quum
850 2749 1016 2807 caedendum
1045 2754 1121 2804 esset

71 2869 179 2926 saxum,
214 2854 368 2912 arboribus
405 2854 483 2910 circa
518 2856 694 2912 immanibus
730 2856 848 2914 deiectis
886 2851 1121 2925 detruncatisque

73 2967 169 3016 struem
189 2960 334 3034 ingentem
349 2959 493 3034 lignorum
515 2959 636 3030 iaciunt,
660 2979 791 3034 eamque,
814 2979 903 3034 quum
926 2969 955 3016 et
976 2959 1020 3015 vis
1042 2956 1121 3014 venti

72 3069 135 3134 apta
153 3062 284 3120 iaciendo
306 3063 366 3137 igni
388 3073 490 3120 coorta
512 3073 603 3135 esset,
625 3066 815 3135 succendunt,
838 3064 1027 3138 ardentiaque
1049 3079 1123 3119 saxa

74 3165 158 3225 inluso
179 3176 260 3226 aceto
281 3167 486 3242 putrefaciunt.
528 3169 577 3225 Ita
598 3169 738 3225 torridam
760 3169 891 3226 incendio
922 3189 1023 3246 rupem
1044 3167 1152 3226 ferrei]

74 3273 199 3344 pandunt,
220 3271 410 3346 molliuntque
423 3272 603 3331 anfractibus
617 3273 736 3330 modicis
752 3273 852 3346 clivos,
874 3285 978 3334 utnon
996 3275 1125 3331 iumenta

76 3375 167 3447 solum,
187 3377 237 3434 sed
259 3376 405 3450 elephanti
427 3379 515 3436 etiam
539 3378 642 3436 deduci
663 3387 790 3452 possent.
836 3377 1028 3450 Quatriduum
1048 3377 1153 3434 circat

77 3497 165 3554 rupem
196 3488 407 3555 consumptum,
440 3481 574 3541 iumentis
610 3501 702 3559 prope
733 3482 812 3538 fame
840 3480 1014 3555 absumptis3
1046 3480 1126 3536 nuda

80 3584 144 3641 enim
162 3586 221 3644 fere
242 3585 395 3643 cacumina
418 3595 543 3658 suntet,
565 3587 590 3645 si
612 3587 681 3661 quid
703 3594 747 3644 est
758 3585 866 3661 pabuli,
889 3586 1014 3644 obruunt
1034 3584 1124 3642 nives.

83 3685 211 3748 Interiora
240 3691 332 3748 valles
365 3693 534 3768 apricosque
561 3691 703 3765 quosdam
734 3691 822 3748 colles
850 3692 959 3747 habent
990 3690 1156 3762 rivosqueb

84 3800 105 3844 tt
130 3785 213 3870 prope
245 3795 334 3852 silvas
367 3805 395 3852 et
428 3797 487 3854 iam
515 3798 644 3853 humano
677 3797 755 3854 cultu
788 3795 921 3870 digniora
953 3794 1027 3849 loca.
1079 3791 1157 3851 lbib

86 3893 196 3956 iumenta
214 3901 244 3956 in
258 3900 397 3975 pabulum
419 3903 510 3959 missa
531 3911 560 3959 et
585 3901 665 3976 quies
680 3900 835 3958 muniendo
856 3897 940 3954 fessis
962 3895 1126 3954 hominibus
