2700 4426
364 159 444 209 arser
461 157 574 209 xxvn.
612 158 659 222 (a.
676 157 722 207 cs.
736 157 810 221 aas.)
1041 165 1077 218 aa

51 345 228 420 impetretis,
264 363 351 428 quarn
372 344 499 419 petitis.“
547 340 740 414 Cohortibus,
763 361 827 417 ques
848 343 931 418 signa
956 344 1152 414 amiserantt)

53 452 195 508 hordeum
208 451 272 508 dari
290 450 382 520 iussit,
404 448 642 521 centurionesque
662 448 884 523 manipulorum,
900 467 1023 524 quorum
1039 449 1123 524 signa

55 553 165 611 amissa
186 553 311 626 fuerant,
333 555 475 633 destrictis
496 553 602 628 gladiis
623 553 778 610 discinctos
799 554 916 611 destitui
939 550 1065 630 [iussit];
1094 563 1123 612 et

53 670 88 718 ut
108 668 228 736 postero
250 660 298 717 die
319 679 428 730 omnes,
451 659 570 734 equites,
585 659 708 734 pedites,
729 659 834 716 armati
856 660 999 731 adessent,
1022 661 1121 719 edixit.

54 767 104 823 Ita
132 765 230 823 contio
258 765 378 822 dimissa
406 764 568 836 fatentium,
595 765 657 823 iure
685 783 720 822 ac
747 766 851 823 merito
880 784 944 822 sese
965 765 1122 842 increpitos
1139 777 1175 832 10

56 890 150 946 neque
181 871 231 927 illo
261 871 308 928 die
328 872 422 928 virum
444 887 620 946 quemquam
643 870 673 926 in
695 871 757 927 acie
777 872 914 929 Romana
937 870 1026 949 fuisse
1047 891 1121 947 prae·

55 985 101 1034 ter
127 997 216 1035 unum
249 978 365 1048 ducem,
397 977 443 1035 cui
471 984 522 1034 aut
551 984 644 1033 morte
674 976 909 1035 satisfaciendum
933 986 984 1035 aut
1005 978 1123 1053 egregia

54 1083 178 1141 victoria
191 1091 276 1140 esset.
315 1084 439 1141 Postero
454 1081 501 1138 die
515 1081 610 1138 ornati
626 1080 790 1167 armatique¹
802 1082 840 1138 ad
855 1082 977 1140 edictum
993 1084 1123 1142 aderant.

54 1190 221 1264 Imperator
241 1205 292 1244 eos
323 1188 471 1245 collaudat
492 1188 733 1262 pronuntiatque,
770 1205 788 1242 a
817 1187 921 1260 quibus
943 1196 1009 1245 orta
1030 1189 1122 1264 pridie
1138 1198 1171 1251 ll

55 1292 127 1368 fuga
152 1301 246 1364 esset,
270 1293 419 1364 cohortes,
441 1311 563 1369 quaeque
583 1294 668 1369 signa
690 1294 871 1363 amisissent,
892 1311 923 1350 se
943 1293 974 1350 in
998 1293 1121 1369 primam

56 1399 148 1457 aciem
182 1398 380 1470 inducturum
415 1399 527 1457 edicere
564 1400 623 1457 iam
652 1395 717 1456 ses'e
735 1398 897 1470 omnibus,
933 1399 1121 1474 pugnandum
1137 1407 1173 1461 12

57 1523 93 1562 ao
113 1504 285 1561 vincendum
307 1523 389 1575 esse,
426 1514 455 1561 et
484 1505 669 1562 annitendum
692 1503 812 1578 singulis
834 1503 1122 1578 universisque,xna

56 1610 137 1686 prius
162 1611 304 1666 hesterna
331 1608 409 1684 fugae
441 1628 528 1684 quam
555 1610 702 1667 hodiernae
730 1608 859 1666 victoria
887 1607 969 1665 fama
995 1610 1120 1666 Romam

55 1715 215 1791 perveniat.
258 1715 330 1771 Inde
366 1715 431 1772 cibo
466 1732 591 1789 corpora
621 1717 738 1771 firmare
768 1713 857 1782 iussi,
880 1722 926 1784 ut,
957 1716 982 1770 ci
1008 1714 1122 1789 longior
1139 1721 1173 1776 13

56 1837 156 1896 pugna
184 1828 276 1891 esset,
308 1819 417 1877 viribus
447 1811 620 1877 sufficerent.
670 1819 731 1879 Ubi
761 1818 858 1875 omnia
886 1818 965 1874 dicta
983 1820 1124 1894 factuque

56 1935 137 1996 sunt,
167 1925 271 1999 quibus
295 1925 489 1982 excitarentur
510 1923 599 1980 animi
621 1923 760 1994 militum,
788 1923 817 1979 in
840 1923 930 1981 aciem
953 1926 1122 2000 procedunt.

58 2031 144 2105 Quod
166 2032 216 2089 ubi
236 2030 397 2088 Hannibali
418 2031 580 2087 nuntiatum
602 2040 654 2099 est,
678 2028 771 2099 „Cum
794 2047 829 2086 eo
852 2029 1005 2086 nimirum“
1028 2030 1128 2105 inquit¹
1177 2027 1220 2095 14

59 2138 161 2206 „hoste
186 2155 234 2194 res
262 2143 321 2204 est,
358 2136 407 2209 qui
436 2153 490 2192 nec
517 2134 623 2193 bonam
651 2154 704 2192 nec
733 2136 841 2193 malam
869 2135 945 2192 ferre
974 2133 1121 2192 fortunam

55 2242 158 2319 possit
196 2242 255 2301 Seu
269 2240 349 2311 vicit,
369 2240 506 2299 ferociter
519 2238 608 2298 instat
622 2240 722 2309 victis3
743 2259 790 2297 eeu
803 2242 891 2298 victas
906 2248 958 2310 est,
979 2241 1123 2297 instaurat

56 2366 121 2405 cum
150 2347 308 2405 victoribus
335 2351 530 2405 certamen.“·
555 2346 646 2422 Signa
675 2346 742 2403 inde
764 2364 868 2404 canere
889 2346 990 2416 iussit,
1022 2346 1152 2420 copias2

56 2454 161 2514 educit.
209 2454 375 2528 Pugnatum
397 2453 531 2526 utrinque
553 2452 702 2526 aliquanto
726 2470 813 2527 quam
836 2452 929 2528 pridie
951 2450 1046 2507 acrius
1069 2459 1121 2520 est,
1161 2427 1165 2435 ⁵

56 2559 156 2616 Poenis
181 2557 219 2613 ad
247 2558 432 2614 obtinendum
458 2559 624 2614 hesternum
646 2558 734 2615 decus
757 2556 960 2625 annitentibus,
981 2556 1123 2613 Romanis
1183 2628 1185 2631 ι

57 2662 95 2718 ad
111 2660 281 2717 demendam
292 2660 489 2735 ignominiam.
529 2661 654 2720 Sinistra
669 2663 716 2719 ala
728 2664 764 2720 ab
779 2662 920 2720 Romanis
935 2672 965 2718 et
979 2662 1122 2732 cohortes,
1136 2664 1152 2719 3

57 2785 123 2842 quae
144 2766 301 2823 amiserant
322 2765 420 2840 signa,
450 2765 480 2822 in
508 2766 603 2842 prima
623 2767 685 2824 acie
706 2767 876 2841 pugnabant
899 2777 928 2824 et
947 2767 1024 2841 legio
1045 2767 1123 2823 vice-

57 2872 140 2943 sima,
165 2873 202 2928 ab
224 2872 327 2929 dextro
343 2889 433 2928 cornu
447 2871 596 2932 instructa.
643 2873 678 2930 L.
703 2868 854 2928 Cornelius
876 2872 1016 2929 Lentulus
1038 2879 1067 2928 et
1089 2870 1153 2930 ut

57 2976 197 3035 Claudius
226 2977 308 3034 Nero
337 2977 426 3052 legati
459 2977 593 3034 cornibus
620 2984 779 3052 praeeraut3
812 2977 968 3034 Marcellus
996 2977 1120 3034 mediam

58 3083 149 3140 aciem
181 3083 316 3140 hortator
345 3082 483 3157 testisque
516 3100 644 3158 praesens
676 3080 821 3138 firmabat.
872 3083 922 3138 Ab
955 3081 1153 3140 Hannibaleb

57 3188 183 3264 Hispani
212 3189 345 3263 primam
366 3188 537 3245 obtinebant
562 3183 705 3255 frontem,
741 3194 770 3242 et
798 3187 828 3243 id
855 3188 969 3245 roboris
991 3189 1021 3244 in
1042 3188 1123 3244 omni

57 3294 185 3352 exercitu
207 3303 278 3350 erat.
327 3293 423 3367 Quum
445 3309 552 3366 anceps
573 3291 623 3348 din
644 3309 743 3367 pugna
765 3302 856 3363 esset,
891 3293 1041 3350 Hannibal
1062 3293 1153 3353 ele-6

57 3401 183 3474 phantos
213 3401 244 3457 in
274 3399 399 3475 primam
427 3399 518 3455 aciem
540 3395 756 3468 induci'iussit,
791 3397 816 3454 si
839 3415 925 3472 quem
947 3396 1064 3454 iniicere
1086 3415 1123 3454 ea

57 3521 104 3560 res
125 3505 278 3563 tumultum
308 3523 343 3562 ac
368 3523 507 3581 pavorem
535 3510 643 3579 posset.
689 3503 729 3561 Et
750 3501 845 3577 primo
867 3503 1019 3559 turbarunt
1039 3501 1152 3576 sigua7

59 3609 247 3685 ordinesque,
270 3620 298 3669 et
319 3611 425 3687 partim
448 3609 613 3680 occulcatis,
636 3608 741 3695 partim
764 3606 911 3680 dissipatis
932 3617 1051 3677 terrore,
1073 3607 1123 3680 qui

58 3715 135 3772 circa
175 3725 273 3786 erant,
309 3717 491 3774 nudaverant
527 3733 585 3773 una
616 3722 700 3789 parte
732 3712 840 3780 aciem,
875 3711 1020 3786 latiusque
1051 3711 1153 3786 fuga8

58 3830 219 3892 manasset,
255 3821 285 3878 ni
318 3820 351 3881 O.
380 3823 529 3879 Decimius
561 3819 671 3876 Flavus
702 3817 833 3874 tribunus
865 3817 1003 3887 militum,
1039 3817 1122 3891 signo

58 3935 175 4001 arrepto
212 3920 298 4000 primi
330 3926 453 3997 hastati,
489 3924 665 3999 manipulum
707 3923 768 3981 eius
802 3922 884 3997 sequi
918 3940 950 3980 ee
983 3921 1122 3983 iussisset.
