<?xml version="1.0" encoding="UTF-8"?>
<!DOCTYPE html PUBLIC "-//W3C//DTD XHTML 1.0 Transitional//EN"
    "http://www.w3.org/TR/xhtml1/DTD/xhtml1-transitional.dtd">
<html xmlns="http://www.w3.org/1999/xhtml" xml:lang="en" lang="en">
 <head>
  <title>
</title>
<meta http-equiv="Content-Type" content="text/html;charset=utf-8" />
  <meta name='ocr-system' content='tesseract 3.04.00' />
  <meta name='ocr-capabilities' content='ocr_page ocr_carea ocr_par ocr_line ocrx_word'/>
</head>
<body>
  <div class='ocr_page' id='page_1' title='image "./titiliviihistor01ussigoog/titiliviihistor01ussigoog_0318.png"; bbox 0 0 2680 4546; ppageno 0'>
   <div class='ocr_carea' id='block_1_1' title="bbox 434 1239 681 1312">
    <p class='ocr_par' dir='ltr' id='par_1_1' title="bbox 434 1239 681 1312">
     <span class='ocr_line' id='line_1_1' title="bbox 434 1239 681 1312; baseline 0.004 -2"><span class='ocrx_word' id='word_1_1' title='bbox 434 1239 681 1312; x_wconf 83' lang='lat' dir='ltr'>PRAEFATIO</span> 
     </span>
    </p>
   </div>
   <div class='ocr_carea' id='block_1_2' title="bbox 322 1421 795 1494">
    <p class='ocr_par' dir='ltr' id='par_1_2' title="bbox 322 1421 795 1494">
     <span class='ocr_line' id='line_1_2' title="bbox 322 1421 795 1494; baseline 0.002 -3"><span class='ocrx_word' id='word_1_2' title='bbox 322 1421 371 1492; x_wconf 91' lang='lat' dir='ltr'>lo.</span> <span class='ocrx_word' id='word_1_3' title='bbox 397 1422 561 1494; x_wconf 82' lang='lat' dir='ltr'>Nraonsr</span> <span class='ocrx_word' id='word_1_4' title='bbox 589 1422 795 1493; x_wconf 78' lang='grc'>1111111111.</span> 
     </span>
    </p>
   </div>
   <div class='ocr_carea' id='block_1_3' title="bbox 509 1606 608 1614">
    <p class='ocr_par' dir='ltr' id='par_1_3' title="bbox 509 1606 608 1614">
     <span class='ocr_line' id='line_1_3' title="bbox 509 1606 608 1614; baseline 0.01 -1"><span class='ocrx_word' id='word_1_5' title='bbox 509 1606 608 1614; x_wconf 65' lang='grc' dir='ltr'>-ι-η</span> 
     </span>
    </p>
   </div>
   <div class='ocr_carea' id='block_1_4' title="bbox 19 1706 1159 2284">
    <p class='ocr_par' dir='ltr' id='par_1_4' title="bbox 19 1706 1159 2284">
     <span class='ocr_line' id='line_1_4' title="bbox 103 1706 1085 1784; baseline 0.001 -20"><span class='ocrx_word' id='word_1_6' title='bbox 103 1706 259 1780; x_wconf 83' lang='lat' dir='ltr'>Quoniam</span> <span class='ocrx_word' id='word_1_7' title='bbox 290 1706 341 1775; x_wconf 90' lang='lat' dir='ltr'>iis,</span> <span class='ocrx_word' id='word_1_8' title='bbox 377 1726 441 1781; x_wconf 73' lang='lat' dir='ltr'>quae</span> <span class='ocrx_word' id='word_1_9' title='bbox 476 1709 505 1765; x_wconf 92' lang='lat' dir='ltr'>in</span> <span class='ocrx_word' id='word_1_10' title='bbox 540 1707 709 1783; x_wconf 74' lang='lat' dir='ltr'>praefatione</span> <span class='ocrx_word' id='word_1_11' title='bbox 740 1709 844 1783; x_wconf 89' lang='lat' dir='ltr'>prioris</span> <span class='ocrx_word' id='word_1_12' title='bbox 876 1709 967 1784; x_wconf 88' lang='lat' dir='ltr'>partis</span> <span class='ocrx_word' id='word_1_13' title='bbox 1002 1707 1085 1766; x_wconf 89' lang='lat' dir='ltr'>huius</span> 
     </span>
     <span class='ocr_line' id='line_1_5' title="bbox 19 1789 1085 1866; baseline 0.003 -20"><span class='ocrx_word' id='word_1_14' title='bbox 19 1790 185 1848; x_wconf 84' lang='lat' dir='ltr'>voluminis</span> <span class='ocrx_word' id='word_1_15' title='bbox 207 1790 244 1846; x_wconf 93' lang='lat' dir='ltr'>de</span> <span class='ocrx_word' id='word_1_16' title='bbox 266 1789 363 1848; x_wconf 90' lang='lat' dir='ltr'>decem</span> <span class='ocrx_word' id='word_1_17' title='bbox 384 1791 522 1848; x_wconf 91' lang='lat' dir='ltr'>librorum</span> <span class='ocrx_word' id='word_1_18' title='bbox 545 1810 563 1848; x_wconf 87' lang='lat' dir='ltr'>a</span> <span class='ocrx_word' id='word_1_19' title='bbox 584 1791 720 1848; x_wconf 87' lang='lat' dir='ltr'>vicesimo</span> <span class='ocrx_word' id='word_1_20' title='bbox 741 1791 834 1866; x_wconf 87' lang='lat' dir='ltr'>primo</span> <span class='ocrx_word' id='word_1_21' title='bbox 856 1792 894 1849; x_wconf 92' lang='lat' dir='ltr'>ad</span> <span class='ocrx_word' id='word_1_22' title='bbox 912 1791 1085 1850; x_wconf 88' lang='lat' dir='ltr'>tricesimum</span> 
     </span>
     <span class='ocr_line' id='line_1_6' title="bbox 22 1873 1086 1951; baseline 0.004 -23"><span class='ocrx_word' id='word_1_23' title='bbox 22 1875 203 1931; x_wconf 76' lang='lat' dir='ltr'>tractatione</span> <span class='ocrx_word' id='word_1_24' title='bbox 232 1873 373 1944; x_wconf 77' lang='lat' dir='ltr'>diximus,</span> <span class='ocrx_word' id='word_1_25' title='bbox 400 1873 471 1931; x_wconf 80' lang='lat' dir='ltr'><strong>nihil</strong></span> <span class='ocrx_word' id='word_1_26' title='bbox 497 1893 572 1931; x_wconf 89' lang='lat' dir='ltr'>nune</span> <span class='ocrx_word' id='word_1_27' title='bbox 601 1883 644 1932; x_wconf 90' lang='grc'>111</span> <span class='ocrx_word' id='word_1_28' title='bbox 671 1875 748 1949; x_wconf 91' lang='lat' dir='ltr'>quod</span> <span class='ocrx_word' id='word_1_29' title='bbox 770 1874 925 1947; x_wconf 91' lang='lat' dir='ltr'>addamus,</span> <span class='ocrx_word' id='word_1_30' title='bbox 946 1874 1086 1951; x_wconf 84' lang='lat' dir='ltr'>praefandi</span> 
     </span>
     <span class='ocr_line' id='line_1_7' title="bbox 21 1956 1159 2032; baseline 0.003 -20"><span class='ocrx_word' id='word_1_31' title='bbox 21 1966 112 2014; x_wconf 87' lang='lat' dir='ltr'>totum</span> <span class='ocrx_word' id='word_1_32' title='bbox 143 1956 296 2032; x_wconf 82' lang='lat' dir='ltr'>negotium</span> <span class='ocrx_word' id='word_1_33' title='bbox 320 1975 355 2014; x_wconf 90' lang='lat' dir='ltr'>eo</span> <span class='ocrx_word' id='word_1_34' title='bbox 384 1957 590 2028; x_wconf 78' lang='lat' dir='ltr'>continebitur,</span> <span class='ocrx_word' id='word_1_35' title='bbox 618 1966 666 2027; x_wconf 86' lang='lat' dir='ltr'>ut,</span> <span class='ocrx_word' id='word_1_36' title='bbox 699 1958 767 2032; x_wconf 89' lang='lat' dir='ltr'>qaid</span> <span class='ocrx_word' id='word_1_37' title='bbox 798 1967 898 2015; x_wconf 87' lang='lat' dir='ltr'>nostra</span> <span class='ocrx_word' id='word_1_38' title='bbox 918 1957 1046 2016; x_wconf 84' lang='lat' dir='ltr'>recensio</span> <span class='ocrx_word' id='word_1_39' title='bbox 1069 1977 1087 2015; x_wconf 87' lang='lat' dir='ltr'>a</span> <span class='ocrx_word' id='word_1_40' title='bbox 1156 2017 1159 2024; x_wconf 68' lang='grc'>,</span> 
     </span>
     <span class='ocr_line' id='line_1_8' title="bbox 23 2039 1086 2116; baseline 0.002 -22"><span class='ocrx_word' id='word_1_41' title='bbox 23 2040 307 2097; x_wconf 84' lang='lat' dir='ltr'>Weissenborniana</span> <span class='ocrx_word' id='word_1_42' title='bbox 334 2039 376 2116; x_wconf 92' lang='lat' dir='ltr'>(in</span> <span class='ocrx_word' id='word_1_43' title='bbox 397 2039 471 2098; x_wconf 89' lang='lat' dir='ltr'>libro</span> <span class='ocrx_word' id='word_1_44' title='bbox 492 2040 628 2097; x_wconf 87' lang='lat' dir='ltr'>vicesimo</span> <span class='ocrx_word' id='word_1_45' title='bbox 651 2050 733 2097; x_wconf 88' lang='lat' dir='ltr'>sexto</span> <span class='ocrx_word' id='word_1_46' title='bbox 755 2060 781 2100; x_wconf 89' lang='lat' dir='ltr'>a.</span> <span class='ocrx_word' id='word_1_47' title='bbox 803 2043 888 2110; x_wconf 87' lang='grc'>1861,</span> <span class='ocrx_word' id='word_1_48' title='bbox 919 2041 949 2098; x_wconf 90' lang='lat' dir='ltr'>in</span> <span class='ocrx_word' id='word_1_49' title='bbox 969 2041 1086 2115; x_wconf 90' lang='lat' dir='ltr'>reliquis</span> 
     </span>
     <span class='ocr_line' id='line_1_9' title="bbox 26 2121 1086 2199; baseline 0.001 -20"><span class='ocrx_word' id='word_1_50' title='bbox 26 2133 167 2196; x_wconf 86' lang='lat' dir='ltr'>quattuor</span> <span class='ocrx_word' id='word_1_51' title='bbox 190 2143 216 2181; x_wconf 88' lang='lat' dir='ltr'>a.</span> <span class='ocrx_word' id='word_1_52' title='bbox 245 2125 336 2192; x_wconf 82' lang='grc'>1858)</span> <span class='ocrx_word' id='word_1_53' title='bbox 362 2121 492 2192; x_wconf 86' lang='lat' dir='ltr'>differat,</span> <span class='ocrx_word' id='word_1_54' title='bbox 521 2123 632 2196; x_wconf 88' lang='lat' dir='ltr'>eodem,</span> <span class='ocrx_word' id='word_1_55' title='bbox 664 2141 721 2198; x_wconf 92' lang='lat' dir='ltr'>quo</span> <span class='ocrx_word' id='word_1_56' title='bbox 753 2123 782 2180; x_wconf 91' lang='lat' dir='ltr'>in</span> <span class='ocrx_word' id='word_1_57' title='bbox 804 2125 999 2199; x_wconf 86' lang='lat' dir='ltr'>superioribus</span> <span class='ocrx_word' id='word_1_58' title='bbox 1020 2143 1086 2199; x_wconf 89' lang='lat' dir='ltr'>par·</span> 
     </span>
     <span class='ocr_line' id='line_1_10' title="bbox 26 2205 1087 2284; baseline 0.004 -24"><span class='ocrx_word' id='word_1_59' title='bbox 26 2207 100 2264; x_wconf 87' lang='lat' dir='ltr'>tibus</span> <span class='ocrx_word' id='word_1_60' title='bbox 124 2206 264 2276; x_wconf 79' lang='lat' dir='ltr'>fecimus,</span> <span class='ocrx_word' id='word_1_61' title='bbox 293 2205 380 2263; x_wconf 91' lang='lat' dir='ltr'>modo</span> <span class='ocrx_word' id='word_1_62' title='bbox 403 2206 561 2282; x_wconf 90' lang='lat' dir='ltr'>eodemque</span> <span class='ocrx_word' id='word_1_63' title='bbox 590 2206 768 2264; x_wconf 81' lang='lat' dir='ltr'>auctoritatis</span> <span class='ocrx_word' id='word_1_64' title='bbox 790 2208 962 2265; x_wconf 85' lang='lat' dir='ltr'>annotandae</span> <span class='ocrx_word' id='word_1_65' title='bbox 982 2225 1087 2284; x_wconf 84' lang='lat' dir='ltr'>genere</span> 
     </span>
    </p>
   </div>
   <div class='ocr_carea' id='block_1_5' title="bbox 29 2288 1139 4192">
    <p class='ocr_par' dir='ltr' id='par_1_5' title="bbox 29 2288 1139 3594">
     <span class='ocr_line' id='line_1_11' title="bbox 29 2288 1086 2366; baseline 0.004 -22"><span class='ocrx_word' id='word_1_66' title='bbox 29 2289 204 2360; x_wconf 76' lang='lat' dir='ltr'>indicemus,</span> <span class='ocrx_word' id='word_1_67' title='bbox 232 2288 352 2346; x_wconf 87' lang='lat' dir='ltr'>subinde</span> <span class='ocrx_word' id='word_1_68' title='bbox 373 2289 518 2346; x_wconf 87' lang='lat' dir='ltr'>dissensus</span> <span class='ocrx_word' id='word_1_69' title='bbox 542 2307 630 2348; x_wconf 90' lang='lat' dir='ltr'>causa</span> <span class='ocrx_word' id='word_1_70' title='bbox 650 2289 776 2347; x_wconf 87' lang='lat' dir='ltr'>breviter</span> <span class='ocrx_word' id='word_1_71' title='bbox 796 2289 970 2366; x_wconf 86' lang='lat' dir='ltr'>significata,</span> <span class='ocrx_word' id='word_1_72' title='bbox 1004 2309 1086 2348; x_wconf 86' lang='lat' dir='ltr'>max-</span> 
     </span>
     <span class='ocr_line' id='line_1_12' title="bbox 29 2372 1087 2434; baseline 0.005 -7"><span class='ocrx_word' id='word_1_73' title='bbox 29 2372 84 2429; x_wconf 92' lang='lat' dir='ltr'>ime</span> <span class='ocrx_word' id='word_1_74' title='bbox 105 2373 158 2430; x_wconf 95' lang='lat' dir='ltr'>ubi</span> <span class='ocrx_word' id='word_1_75' title='bbox 181 2391 259 2429; x_wconf 88' lang='lat' dir='ltr'>nova</span> <span class='ocrx_word' id='word_1_76' title='bbox 281 2372 479 2430; x_wconf 81' lang='lat' dir='ltr'>emendatione</span> <span class='ocrx_word' id='word_1_77' title='bbox 500 2373 545 2429; x_wconf 89' lang='lat' dir='ltr'>usi</span> <span class='ocrx_word' id='word_1_78' title='bbox 566 2391 672 2434; x_wconf 88' lang='lat' dir='ltr'>sumus.</span> <span class='ocrx_word' id='word_1_79' title='bbox 715 2373 751 2430; x_wconf 90' lang='lat' dir='ltr'>ln</span> <span class='ocrx_word' id='word_1_80' title='bbox 771 2373 845 2431; x_wconf 88' lang='lat' dir='ltr'>libro</span> <span class='ocrx_word' id='word_1_81' title='bbox 866 2375 977 2432; x_wconf 88' lang='lat' dir='ltr'>XXVI</span> <span class='ocrx_word' id='word_1_82' title='bbox 991 2374 1087 2432; x_wconf 90' lang='lat' dir='ltr'>Weis-</span> 
     </span>
     <span class='ocr_line' id='line_1_13' title="bbox 31 2455 1086 2514; baseline 0.004 -4"><span class='ocrx_word' id='word_1_83' title='bbox 31 2457 204 2513; x_wconf 88' lang='lat' dir='ltr'>senbornius</span> <span class='ocrx_word' id='word_1_84' title='bbox 238 2455 485 2514; x_wconf 75' lang='lat' dir='ltr'>emendationibus</span> <span class='ocrx_word' id='word_1_85' title='bbox 516 2456 623 2513; x_wconf 89' lang='lat' dir='ltr'>nostris</span> <span class='ocrx_word' id='word_1_86' title='bbox 656 2475 682 2513; x_wconf 87' lang='lat' dir='ltr'>a.</span> <span class='ocrx_word' id='word_1_87' title='bbox 714 2459 790 2514; x_wconf 88' lang='grc'>1860</span> <span class='ocrx_word' id='word_1_88' title='bbox 821 2456 903 2514; x_wconf 84' lang='lat' dir='ltr'>editis</span> <span class='ocrx_word' id='word_1_89' title='bbox 934 2475 1003 2514; x_wconf 88' lang='lat' dir='ltr'>usus</span> <span class='ocrx_word' id='word_1_90' title='bbox 1035 2468 1086 2514; x_wconf 88' lang='lat' dir='ltr'>est.</span> 
     </span>
     <span class='ocr_line' id='line_1_14' title="bbox 34 2537 1087 2615; baseline 0.003 -21"><span class='ocrx_word' id='word_1_91' title='bbox 34 2537 174 2596; x_wconf 85' lang='lat' dir='ltr'>Codicum</span> <span class='ocrx_word' id='word_1_92' title='bbox 209 2538 398 2596; x_wconf 87' lang='lat' dir='ltr'>recentiorum</span> <span class='ocrx_word' id='word_1_93' title='bbox 433 2539 597 2597; x_wconf 89' lang='lat' dir='ltr'>testimonio</span> <span class='ocrx_word' id='word_1_94' title='bbox 634 2558 762 2615; x_wconf 85' lang='lat' dir='ltr'>persaepe</span> <span class='ocrx_word' id='word_1_95' title='bbox 799 2540 985 2598; x_wconf 86' lang='lat' dir='ltr'>dubitationis</span> <span class='ocrx_word' id='word_1_96' title='bbox 1018 2551 1087 2597; x_wconf 90' lang='lat' dir='ltr'>nota</span> 
     </span>
     <span class='ocr_line' id='line_1_15' title="bbox 36 2621 1087 2699; baseline 0.004 -23"><span class='ocrx_word' id='word_1_97' title='bbox 36 2621 226 2680; x_wconf 86' lang='lat' dir='ltr'>adscribenda</span> <span class='ocrx_word' id='word_1_98' title='bbox 247 2621 309 2692; x_wconf 84' lang='lat' dir='ltr'>fuit,</span> <span class='ocrx_word' id='word_1_99' title='bbox 333 2621 410 2696; x_wconf 89' lang='lat' dir='ltr'>quod</span> <span class='ocrx_word' id='word_1_100' title='bbox 424 2621 656 2680; x_wconf 87' lang='lat' dir='ltr'>Drakenborcbii</span> <span class='ocrx_word' id='word_1_101' title='bbox 674 2623 785 2680; x_wconf 88' lang='lat' dir='ltr'>silentio</span> <span class='ocrx_word' id='word_1_102' title='bbox 808 2623 885 2681; x_wconf 89' lang='lat' dir='ltr'>credi</span> <span class='ocrx_word' id='word_1_103' title='bbox 906 2643 963 2680; x_wconf 92' lang='lat' dir='ltr'>non</span> <span class='ocrx_word' id='word_1_104' title='bbox 978 2633 1087 2699; x_wconf 86' lang='lat' dir='ltr'>potest;</span> 
     </span>
     <span class='ocr_line' id='line_1_16' title="bbox 36 2705 1088 2782; baseline 0.006 -24"><span class='ocrx_word' id='word_1_105' title='bbox 36 2722 85 2761; x_wconf 88' lang='lat' dir='ltr'>nac</span> <span class='ocrx_word' id='word_1_106' title='bbox 116 2705 196 2780; x_wconf 91' lang='lat' dir='ltr'>quod</span> <span class='ocrx_word' id='word_1_107' title='bbox 218 2715 311 2762; x_wconf 89' lang='lat' dir='ltr'>certos</span> <span class='ocrx_word' id='word_1_108' title='bbox 336 2705 447 2779; x_wconf 78' lang='lat' dir='ltr'>aliquot</span> <span class='ocrx_word' id='word_1_109' title='bbox 468 2705 581 2762; x_wconf 87' lang='lat' dir='ltr'>codices</span> <span class='ocrx_word' id='word_1_110' title='bbox 606 2708 643 2763; x_wconf 92' lang='lat' dir='ltr'>ab</span> <span class='ocrx_word' id='word_1_111' title='bbox 671 2706 747 2762; x_wconf 87' lang='lat' dir='ltr'>edita</span> <span class='ocrx_word' id='word_1_112' title='bbox 768 2706 910 2782; x_wconf 88' lang='lat' dir='ltr'>scriptura</span> <span class='ocrx_word' id='word_1_113' title='bbox 939 2707 1088 2764; x_wconf 89' lang='lat' dir='ltr'>dissentire</span> 
     </span>
     <span class='ocr_line' id='line_1_17' title="bbox 40 2787 1089 2859; baseline 0.004 -17"><span class='ocrx_word' id='word_1_114' title='bbox 40 2797 85 2844; x_wconf 87' lang='lat' dir='ltr'>aut</span> <span class='ocrx_word' id='word_1_115' title='bbox 116 2789 144 2845; x_wconf 91' lang='lat' dir='ltr'>ei</span> <span class='ocrx_word' id='word_1_116' title='bbox 179 2788 340 2846; x_wconf 88' lang='lat' dir='ltr'>consentire</span> <span class='ocrx_word' id='word_1_117' title='bbox 372 2787 483 2859; x_wconf 87' lang='lat' dir='ltr'>scribit,</span> <span class='ocrx_word' id='word_1_118' title='bbox 515 2798 625 2846; x_wconf 89' lang='lat' dir='ltr'>ceteros</span> <span class='ocrx_word' id='word_1_119' title='bbox 661 2789 821 2847; x_wconf 89' lang='lat' dir='ltr'>consentire</span> <span class='ocrx_word' id='word_1_120' title='bbox 855 2799 905 2846; x_wconf 87' lang='lat' dir='ltr'>aut</span> <span class='ocrx_word' id='word_1_121' title='bbox 938 2789 1089 2847; x_wconf 86' lang='lat' dir='ltr'>dissentire</span> 
     </span>
     <span class='ocr_line' id='line_1_18' title="bbox 39 2871 1089 2945; baseline 0.005 -21"><span class='ocrx_word' id='word_1_122' title='bbox 39 2881 114 2928; x_wconf 88' lang='lat' dir='ltr'>carto</span> <span class='ocrx_word' id='word_1_123' title='bbox 142 2871 250 2945; x_wconf 90' lang='lat' dir='ltr'>ubique</span> <span class='ocrx_word' id='word_1_124' title='bbox 271 2871 434 2928; x_wconf 90' lang='lat' dir='ltr'>concludas.</span> <span class='ocrx_word' id='word_1_125' title='bbox 483 2871 538 2928; x_wconf 87' lang='lat' dir='ltr'>Est</span> <span class='ocrx_word' id='word_1_126' title='bbox 559 2883 655 2930; x_wconf 89' lang='lat' dir='ltr'>autern</span> <span class='ocrx_word' id='word_1_127' title='bbox 684 2881 747 2928; x_wconf 87' lang='lat' dir='ltr'>tota</span> <span class='ocrx_word' id='word_1_128' title='bbox 767 2873 828 2928; x_wconf 86' lang='lat' dir='ltr'>haec</span> <span class='ocrx_word' id='word_1_129' title='bbox 849 2891 895 2929; x_wconf 87' lang='lat' dir='ltr'>res</span> <span class='ocrx_word' id='word_1_130' title='bbox 916 2872 1026 2929; x_wconf 90' lang='lat' dir='ltr'>minimi</span> <span class='ocrx_word' id='word_1_131' title='bbox 1055 2891 1089 2929; x_wconf 89' lang='lat' dir='ltr'>ac</span> 
     </span>
     <span class='ocr_line' id='line_1_19' title="bbox 40 2954 1089 3032; baseline 0.002 -23"><span class='ocrx_word' id='word_1_132' title='bbox 40 2954 133 3026; x_wconf 81' lang='lat' dir='ltr'>potius</span> <span class='ocrx_word' id='word_1_133' title='bbox 153 2955 258 3011; x_wconf 92' lang='lat' dir='ltr'>nullius</span> <span class='ocrx_word' id='word_1_134' title='bbox 273 2955 419 3024; x_wconf 90' lang='lat' dir='ltr'>momenti,</span> <span class='ocrx_word' id='word_1_135' title='bbox 442 2955 587 3029; x_wconf 87' lang='lat' dir='ltr'>quoniam,</span> <span class='ocrx_word' id='word_1_136' title='bbox 609 2955 725 3032; x_wconf 82' lang='lat' dir='ltr'>cognita</span> <span class='ocrx_word' id='word_1_137' title='bbox 747 2955 852 3012; x_wconf 90' lang='lat' dir='ltr'>codicis</span> <span class='ocrx_word' id='word_1_138' title='bbox 868 2955 1008 3012; x_wconf 88' lang='lat' dir='ltr'>Puteanei</span> <span class='ocrx_word' id='word_1_139' title='bbox 1031 2965 1089 3026; x_wconf 89' lang='lat' dir='ltr'>aut,</span> 
     </span>
     <span class='ocr_line' id='line_1_20' title="bbox 42 3037 1089 3114; baseline 0.003 -23"><span class='ocrx_word' id='word_1_140' title='bbox 42 3037 88 3093; x_wconf 94' lang='lat' dir='ltr'>ubi</span> <span class='ocrx_word' id='word_1_141' title='bbox 108 3038 133 3094; x_wconf 90' lang='lat' dir='ltr'>is</span> <span class='ocrx_word' id='word_1_142' title='bbox 157 3038 261 3107; x_wconf 84' lang='lat' dir='ltr'>deficit,</span> <span class='ocrx_word' id='word_1_143' title='bbox 283 3037 505 3112; x_wconf 88' lang='lat' dir='ltr'>Bambergensis</span> <span class='ocrx_word' id='word_1_144' title='bbox 528 3047 556 3094; x_wconf 89' lang='lat' dir='ltr'>et</span> <span class='ocrx_word' id='word_1_145' title='bbox 578 3037 735 3096; x_wconf 86' lang='lat' dir='ltr'>Colbertini</span> <span class='ocrx_word' id='word_1_146' title='bbox 757 3037 914 3114; x_wconf 89' lang='lat' dir='ltr'>scriptura,</span> <span class='ocrx_word' id='word_1_147' title='bbox 936 3038 966 3094; x_wconf 91' lang='lat' dir='ltr'>in</span> <span class='ocrx_word' id='word_1_148' title='bbox 988 3037 1089 3095; x_wconf 89' lang='lat' dir='ltr'>ceteris</span> 
     </span>
     <span class='ocr_line' id='line_1_21' title="bbox 42 3117 1089 3197; baseline 0.005 -24"><span class='ocrx_word' id='word_1_149' title='bbox 42 3117 70 3173; x_wconf 91' lang='lat' dir='ltr'>id</span> <span class='ocrx_word' id='word_1_150' title='bbox 88 3130 198 3178; x_wconf 90' lang='lat' dir='ltr'>tantum</span> <span class='ocrx_word' id='word_1_151' title='bbox 215 3120 360 3196; x_wconf 74' lang='lat' dir='ltr'>quaritur,</span> <span class='ocrx_word' id='word_1_152' title='bbox 383 3121 446 3195; x_wconf 92' lang='lat' dir='ltr'>quis</span> <span class='ocrx_word' id='word_1_153' title='bbox 463 3121 572 3196; x_wconf 88' lang='lat' dir='ltr'>primus</span> <span class='ocrx_word' id='word_1_154' title='bbox 588 3132 638 3178; x_wconf 88' lang='lat' dir='ltr'>aut</span> <span class='ocrx_word' id='word_1_155' title='bbox 652 3121 751 3197; x_wconf 89' lang='lat' dir='ltr'>lapsus</span> <span class='ocrx_word' id='word_1_156' title='bbox 773 3122 810 3178; x_wconf 88' lang='lat' dir='ltr'>sit</span> <span class='ocrx_word' id='word_1_157' title='bbox 832 3131 882 3178; x_wconf 89' lang='lat' dir='ltr'>aut</span> <span class='ocrx_word' id='word_1_158' title='bbox 896 3122 1089 3179; x_wconf 88' lang='lat' dir='ltr'>coniecturam</span> 
     </span>
     <span class='ocr_line' id='line_1_22' title="bbox 46 3200 1091 3280; baseline 0.005 -25"><span class='ocrx_word' id='word_1_159' title='bbox 46 3200 154 3274; x_wconf 87' lang='lat' dir='ltr'>fecerit,</span> <span class='ocrx_word' id='word_1_160' title='bbox 183 3223 236 3276; x_wconf 76' lang='lat' dir='ltr'>nec</span> <span class='ocrx_word' id='word_1_161' title='bbox 266 3202 372 3273; x_wconf 90' lang='lat' dir='ltr'>refert,</span> <span class='ocrx_word' id='word_1_162' title='bbox 408 3214 501 3260; x_wconf 88' lang='lat' dir='ltr'>utrum</span> <span class='ocrx_word' id='word_1_163' title='bbox 534 3205 642 3280; x_wconf 90' lang='lat' dir='ltr'>aliquid</span> <span class='ocrx_word' id='word_1_164' title='bbox 672 3206 708 3261; x_wconf 92' lang='lat' dir='ltr'>ab</span> <span class='ocrx_word' id='word_1_165' title='bbox 741 3205 816 3262; x_wconf 89' lang='lat' dir='ltr'>Italo</span> <span class='ocrx_word' id='word_1_166' title='bbox 848 3205 909 3262; x_wconf 90' lang='lat' dir='ltr'>XV</span> <span class='ocrx_word' id='word_1_167' title='bbox 938 3205 1034 3262; x_wconf 84' lang='lat' dir='ltr'>saeculi</span> <span class='ocrx_word' id='word_1_168' title='bbox 1061 3205 1091 3261; x_wconf 90' lang='lat' dir='ltr'>in</span> 
     </span>
     <span class='ocr_line' id='line_1_23' title="bbox 44 3285 1090 3366; baseline 0.004 -26"><span class='ocrx_word' id='word_1_169' title='bbox 44 3285 138 3342; x_wconf 88' lang='lat' dir='ltr'>codice</span> <span class='ocrx_word' id='word_1_170' title='bbox 161 3307 247 3344; x_wconf 87' lang='lat' dir='ltr'>manu</span> <span class='ocrx_word' id='word_1_171' title='bbox 270 3287 377 3362; x_wconf 87' lang='lat' dir='ltr'>scripto</span> <span class='ocrx_word' id='word_1_172' title='bbox 405 3306 442 3343; x_wconf 89' lang='lat' dir='ltr'>an</span> <span class='ocrx_word' id='word_1_173' title='bbox 469 3287 500 3366; x_wconf 84' lang='lat' dir='ltr'>in</span> <span class='ocrx_word' id='word_1_174' title='bbox 532 3288 656 3345; x_wconf 89' lang='lat' dir='ltr'>editione</span> <span class='ocrx_word' id='word_1_175' title='bbox 680 3287 777 3362; x_wconf 90' lang='lat' dir='ltr'>aliqua</span> <span class='ocrx_word' id='word_1_176' title='bbox 804 3307 840 3345; x_wconf 85' lang='lat' dir='ltr'>ex</span> <span class='ocrx_word' id='word_1_177' title='bbox 867 3288 967 3363; x_wconf 90' lang='lat' dir='ltr'>primis</span> <span class='ocrx_word' id='word_1_178' title='bbox 995 3307 1090 3345; x_wconf 89' lang='lat' dir='ltr'>emen-</span> 
     </span>
     <span class='ocr_line' id='line_1_24' title="bbox 48 3367 1139 3447; baseline 0.005 -25"><span class='ocrx_word' id='word_1_179' title='bbox 48 3367 139 3425; x_wconf 88' lang='lat' dir='ltr'>datum</span> <span class='ocrx_word' id='word_1_180' title='bbox 167 3371 212 3427; x_wconf 90' lang='lat' dir='ltr'>sit.</span> <span class='ocrx_word' id='word_1_181' title='bbox 266 3371 389 3426; x_wconf 87' lang='lat' dir='ltr'>Errores</span> <span class='ocrx_word' id='word_1_182' title='bbox 418 3369 528 3445; x_wconf 85' lang='lat' dir='ltr'>aliquot</span> <span class='ocrx_word' id='word_1_183' title='bbox 555 3373 592 3429; x_wconf 90' lang='lat' dir='ltr'>ab</span> <span class='ocrx_word' id='word_1_184' title='bbox 628 3371 723 3447; x_wconf 88' lang='lat' dir='ltr'>operis</span> <span class='ocrx_word' id='word_1_185' title='bbox 750 3371 976 3428; x_wconf 87' lang='lat' dir='ltr'>Weissenbornli</span> <span class='ocrx_word' id='word_1_186' title='bbox 1012 3390 1090 3428; x_wconf 91' lang='lat' dir='ltr'>com·</span> <span class='ocrx_word' id='word_1_187' title='bbox 1138 3418 1139 3421; x_wconf 62' lang='lat'>,</span> 
     </span>
     <span class='ocr_line' id='line_1_25' title="bbox 49 3450 1091 3530; baseline 0.006 -26"><span class='ocrx_word' id='word_1_188' title='bbox 49 3450 158 3522; x_wconf 85' lang='lat' dir='ltr'>missos,</span> <span class='ocrx_word' id='word_1_189' title='bbox 182 3471 255 3527; x_wconf 89' lang='lat' dir='ltr'>quos</span> <span class='ocrx_word' id='word_1_190' title='bbox 277 3453 339 3528; x_wconf 88' lang='lat' dir='ltr'>ipse</span> <span class='ocrx_word' id='word_1_191' title='bbox 361 3453 441 3510; x_wconf 91' lang='lat' dir='ltr'>initio</span> <span class='ocrx_word' id='word_1_192' title='bbox 462 3453 610 3530; x_wconf 83' lang='lat' dir='ltr'>scripturae</span> <span class='ocrx_word' id='word_1_193' title='bbox 636 3455 785 3511; x_wconf 87' lang='lat' dir='ltr'>varietatis</span> <span class='ocrx_word' id='word_1_194' title='bbox 809 3455 949 3526; x_wconf 86' lang='lat' dir='ltr'>correxit,</span> <span class='ocrx_word' id='word_1_195' title='bbox 975 3455 1005 3511; x_wconf 95' lang='lat' dir='ltr'>in</span> <span class='ocrx_word' id='word_1_196' title='bbox 1033 3454 1091 3510; x_wconf 88' lang='lat' dir='ltr'>dis·</span> 
     </span>
     <span class='ocr_line' id='line_1_26' title="bbox 50 3536 526 3594; baseline 0.011 -7"><span class='ocrx_word' id='word_1_197' title='bbox 50 3550 141 3591; x_wconf 86' lang='lat' dir='ltr'>sensus</span> <span class='ocrx_word' id='word_1_198' title='bbox 162 3536 348 3593; x_wconf 86' lang='lat' dir='ltr'>annotatione</span> <span class='ocrx_word' id='word_1_199' title='bbox 371 3537 526 3594; x_wconf 86' lang='lat' dir='ltr'>omisimus.</span> 
     </span>
    </p>

    <p class='ocr_par' dir='ltr' id='par_1_6' title="bbox 54 3617 1096 4192">
     <span class='ocr_line' id='line_1_27' title="bbox 125 3617 1091 3694; baseline 0 -15"><span class='ocrx_word' id='word_1_200' title='bbox 125 3618 179 3680; x_wconf 87' lang='lat' dir='ltr'>bib.</span> <span class='ocrx_word' id='word_1_201' title='bbox 194 3619 278 3681; x_wconf 86' lang='grc'>1111.</span> <span class='ocrx_word' id='word_1_202' title='bbox 311 3617 384 3694; x_wconf 85' lang='lat' dir='ltr'>Cap.</span> <span class='ocrx_word' id='word_1_203' title='bbox 396 3620 422 3690; x_wconf 91' lang='lat' dir='ltr'>I,</span> <span class='ocrx_word' id='word_1_204' title='bbox 441 3623 476 3676; x_wconf 82' lang='lat' dir='ltr'>tt</span> <span class='ocrx_word' id='word_1_205' title='bbox 490 3619 601 3692; x_wconf 88' lang='lat' dir='ltr'>(Sicilia</span> <span class='ocrx_word' id='word_1_206' title='bbox 613 3619 709 3678; x_wconf 86' lang='lat' dir='ltr'>Alscb.</span> <span class='ocrx_word' id='word_1_207' title='bbox 723 3620 839 3691; x_wconf 86' lang='lat' dir='ltr'>Psicili,</span> <span class='ocrx_word' id='word_1_208' title='bbox 854 3639 940 3694; x_wconf 81' lang='lat' dir='ltr'>supra</span> <span class='ocrx_word' id='word_1_209' title='bbox 951 3622 1052 3694; x_wconf 62' lang='lat' dir='ltr'>sarapta</span> <span class='ocrx_word' id='word_1_210' title='bbox 1064 3640 1091 3680; x_wconf 85' lang='lat' dir='ltr'>u.</span> 
     </span>
     <span class='ocr_line' id='line_1_28' title="bbox 54 3697 1092 3778; baseline 0.006 -26"><span class='ocrx_word' id='word_1_211' title='bbox 54 3697 184 3758; x_wconf 84' lang='lat' dir='ltr'>Drabeab.</span> <span class='ocrx_word' id='word_1_212' title='bbox 201 3702 290 3761; x_wconf 89' lang='lat' dir='ltr'>Siculi</span> <span class='ocrx_word' id='word_1_213' title='bbox 302 3710 327 3758; x_wconf 85' lang='grc'>11</span> <span class='ocrx_word' id='word_1_214' title='bbox 337 3712 399 3759; x_wconf 81' lang='lat' dir='ltr'>onte</span> <span class='ocrx_word' id='word_1_215' title='bbox 413 3701 524 3778; x_wconf 79' lang='lat' dir='ltr'>Graeci)</span> <span class='ocrx_word' id='word_1_216' title='bbox 540 3705 581 3773; x_wconf 93' lang='lat' dir='ltr'>II,</span> <span class='ocrx_word' id='word_1_217' title='bbox 604 3705 621 3758; x_wconf 83' lang='lat'>2</span> <span class='ocrx_word' id='word_1_218' title='bbox 634 3703 847 3778; x_wconf 82' lang='lat' dir='ltr'>suspicaturum</span> <span class='ocrx_word' id='word_1_219' title='bbox 863 3703 936 3776; x_wconf 68' lang='lat' dir='ltr'>(Ma.</span> <span class='ocrx_word' id='word_1_220' title='bbox 947 3703 1012 3762; x_wconf 85' lang='lat' dir='ltr'>Em.</span> <span class='ocrx_word' id='word_1_221' title='bbox 1024 3703 1092 3758; x_wconf 83' lang='lat'><em>303.</em></span> 
     </span>
     <span class='ocr_line' id='line_1_29' title="bbox 55 3780 1094 3864; baseline 0.006 -28"><span class='ocrx_word' id='word_1_222' title='bbox 55 3780 319 3861; x_wconf 84' lang='lat' dir='ltr'>Pauspiciatorum)</span> <span class='ocrx_word' id='word_1_223' title='bbox 355 3789 390 3842; x_wconf 85' lang='grc'>11)</span> <span class='ocrx_word' id='word_1_224' title='bbox 413 3783 561 3864; x_wconf 80' lang='lat' dir='ltr'>(Supplevc&#39;</span> <span class='ocrx_word' id='word_1_225' title='bbox 581 3788 704 3843; x_wconf 83' lang='lat' dir='ltr'>lacunam</span> <span class='ocrx_word' id='word_1_226' title='bbox 727 3786 791 3842; x_wconf 87' lang='lat' dir='ltr'>Em.</span> <span class='ocrx_word' id='word_1_227' title='bbox 815 3785 884 3841; x_wconf 80' lang='lat'><strong><em>303.</em></strong></span> <span class='ocrx_word' id='word_1_228' title='bbox 907 3785 997 3846; x_wconf 81' lang='lat' dir='ltr'>Drab.</span> <span class='ocrx_word' id='word_1_229' title='bbox 1020 3786 1094 3842; x_wconf 85' lang='lat' dir='ltr'>iuter</span> 
     </span>
     <span class='ocr_line' id='line_1_30' title="bbox 56 3863 1093 3944; baseline 0.004 -23"><span class='ocrx_word' id='word_1_230' title='bbox 56 3863 97 3922; x_wconf 82' lang='grc'>11.</span> <span class='ocrx_word' id='word_1_231' title='bbox 118 3867 334 3944; x_wconf 85' lang='lat' dir='ltr'>Sempronium?</span> <span class='ocrx_word' id='word_1_232' title='bbox 367 3869 462 3942; x_wconf 79' lang='lat' dir='ltr'>Quum</span> <span class='ocrx_word' id='word_1_233' title='bbox 486 3869 511 3925; x_wconf 90' lang='lat' dir='ltr'>ei</span> <span class='ocrx_word' id='word_1_234' title='bbox 535 3880 583 3926; x_wconf 85' lang='lat' dir='ltr'>cet.</span> <span class='ocrx_word' id='word_1_235' title='bbox 606 3868 676 3925; x_wconf 77' lang='grc'>,11111</span> <span class='ocrx_word' id='word_1_236' title='bbox 701 3871 789 3925; x_wconf 81' lang='lat' dir='ltr'>minus</span> <span class='ocrx_word' id='word_1_237' title='bbox 815 3869 949 3941; x_wconf 72' lang='lat' dir='ltr'>eleqanter</span> <span class='ocrx_word' id='word_1_238' title='bbox 970 3869 1026 3925; x_wconf 84' lang='lat' dir='ltr'>boec</span> <span class='ocrx_word' id='word_1_239' title='bbox 1052 3869 1093 3925; x_wconf 84' lang='lat' dir='ltr'>di·</span> 
     </span>
     <span class='ocr_line' id='line_1_31' title="bbox 60 3949 1094 4026; baseline 0.008 -25"><span class='ocrx_word' id='word_1_240' title='bbox 60 3957 156 4006; x_wconf 71' lang='lat' dir='ltr'>anas:</span> <span class='ocrx_word' id='word_1_241' title='bbox 185 3961 217 4008; x_wconf 88' lang='lat' dir='ltr'>ut</span> <span class='ocrx_word' id='word_1_242' title='bbox 240 3971 360 4011; x_wconf 86' lang='lat' dir='ltr'>neruo..</span> <span class='ocrx_word' id='word_1_243' title='bbox 392 3949 490 4021; x_wconf 63' lang='lat' dir='ltr'>essebss</span> <span class='ocrx_word' id='word_1_244' title='bbox 504 3995 532 4012; x_wconf 83' lang='lat'>..</span> <span class='ocrx_word' id='word_1_245' title='bbox 569 3963 672 4010; x_wconf 89' lang='lat' dir='ltr'>essent.</span> <span class='ocrx_word' id='word_1_246' title='bbox 727 3951 857 4009; x_wconf 79' lang='lat' dir='ltr'>Fortasse</span> <span class='ocrx_word' id='word_1_247' title='bbox 885 3951 982 4008; x_wconf 80' lang='lat' dir='ltr'>Livius</span> <span class='ocrx_word' id='word_1_248' title='bbox 1008 3955 1094 4026; x_wconf 67' lang='lat' dir='ltr'>setab-</span> 
     </span>
     <span class='ocr_line' id='line_1_32' title="bbox 59 4035 1089 4110; baseline 0.01 -27"><span class='ocrx_word' id='word_1_249' title='bbox 59 4041 137 4088; x_wconf 80' lang='lat' dir='ltr'>serat.-</span> <span class='ocrx_word' id='word_1_250' title='bbox 166 4045 197 4091; x_wconf 89' lang='lat' dir='ltr'>at</span> <span class='ocrx_word' id='word_1_251' title='bbox 216 4053 336 4095; x_wconf 86' lang='lat' dir='ltr'>nemo..</span> <span class='ocrx_word' id='word_1_252' title='bbox 371 4036 416 4092; x_wconf 91' lang='lat' dir='ltr'>sui</span> <span class='ocrx_word' id='word_1_253' title='bbox 444 4055 555 4093; x_wconf 89' lang='lat' dir='ltr'>memor</span> <span class='ocrx_word' id='word_1_254' title='bbox 578 4037 608 4092; x_wconf 93' lang='lat' dir='ltr'>in</span> <span class='ocrx_word' id='word_1_255' title='bbox 638 4035 714 4106; x_wconf 91' lang='lat' dir='ltr'>acie,</span> <span class='ocrx_word' id='word_1_256' title='bbox 747 4046 790 4092; x_wconf 89' lang='lat' dir='ltr'>set</span> <span class='ocrx_word' id='word_1_257' title='bbox 821 4035 953 4110; x_wconf 77' lang='lat' dir='ltr'>prasidio</span> <span class='ocrx_word' id='word_1_258' title='bbox 975 4035 1089 4095; x_wconf 83' lang='lat' dir='ltr'>suis...</span> 
     </span>
     <span class='ocr_line' id='line_1_33' title="bbox 60 4115 1096 4192; baseline 0.008 -27"><span class='ocrx_word' id='word_1_259' title='bbox 60 4115 162 4192; x_wconf 74' lang='lat' dir='ltr'>essent.)</span> <span class='ocrx_word' id='word_1_260' title='bbox 188 4119 221 4174; x_wconf 84' lang='grc'>12</span> <span class='ocrx_word' id='word_1_261' title='bbox 239 4119 323 4190; x_wconf 85' lang='grc'>(1111,</span> <span class='ocrx_word' id='word_1_262' title='bbox 347 4119 466 4175; x_wconf 80' lang='lat' dir='ltr'>cessisse</span> <span class='ocrx_word' id='word_1_263' title='bbox 490 4117 575 4177; x_wconf 81' lang='lat' dir='ltr'>Gran.</span> <span class='ocrx_word' id='word_1_264' title='bbox 597 4119 626 4174; x_wconf 92' lang='lat' dir='ltr'><em>P</em></span> <span class='ocrx_word' id='word_1_265' title='bbox 643 4136 714 4178; x_wconf 88' lang='grc'>1111.</span> <span class='ocrx_word' id='word_1_266' title='bbox 737 4118 828 4178; x_wconf 85' lang='lat' dir='ltr'>Drak.</span> <span class='ocrx_word' id='word_1_267' title='bbox 850 4129 922 4188; x_wconf 84' lang='grc'>1111,</span> <span class='ocrx_word' id='word_1_268' title='bbox 943 4118 1046 4174; x_wconf 87' lang='lat' dir='ltr'>milites</span> <span class='ocrx_word' id='word_1_269' title='bbox 1067 4118 1096 4173; x_wconf 91' lang='lat' dir='ltr'>in</span> 
     </span>
    </p>
   </div>
   <div class='ocr_carea' id='block_1_6' title="bbox 0 0 1364 4546">
    <p class='ocr_par' dir='ltr' id='par_1_7' title="bbox 0 0 1364 4546">
     <span class='ocr_line' id='line_1_34' title="bbox 0 0 1364 4546; baseline 0 0"><span class='ocrx_word' id='word_1_270' title='bbox 0 0 1364 4546; x_wconf 95' lang='lat' dir='ltr'> </span> 
     </span>
    </p>
   </div>
  </div>
 </body>
</html>
