2680 4546
310 253 348 308 34
578 249 656 298 Liber
674 247 773 300 XXVI:
811 249 859 310 (Δ.
875 263 900 299 u.
914 262 937 300 c.
948 244 1024 305 tet.)
1287 241 1308 486 up

265 433 308 490 ita
329 431 456 489 scribere
476 431 609 489 consules
631 432 717 501 iussi,
746 450 783 488 ue
812 449 897 505 quem
922 430 1043 487 militem
1067 429 1210 498 facerent,
1232 431 1269 504 qui

267 537 395 595 exercitu
417 537 459 594 M.
484 535 616 605 Valerii,
649 537 686 610 Q.
710 536 807 594 Fulvii
828 535 948 605 fuisset,
981 553 1058 592 neve
1083 553 1121 591 eo
1151 553 1222 590 anno
1240 537 1308 610 plures

269 661 356 716 quam
377 661 436 698 uua
458 649 486 698 et
507 641 608 716 viginti
632 642 775 698 Romana
795 640 925 716 legiones
947 649 1054 698 esseut.

172 739 218 808 29
352 747 407 804 His
428 757 545 804 senatus
567 746 705 804 consultis
731 745 867 822 perfectis
888 746 982 802 sortiti
1009 746 1184 820 provincias
1204 747 1301 801 musula

268 852 368 912 Sicilia
383 862 411 910 at
425 845 526 909 classis
540 852 691 921 Marcello,
711 851 799 908 Italia
814 870 878 907 cum
895 850 971 908 bollo
987 851 1137 907 adversus
1152 837 1309 908 Hannibaleul

237 955 388 1015 2Loevino
410 957 513 1013 evenit
566 957 639 1030 Quae
660 973 734 1025 sors,
767 955 847 1012 velut
867 955 971 1011 iterum
994 957 1095 1031 captis
1121 956 1268 1031 Syracusis,
1283 955 1309 1010 ite

269 1062 447 1120 exanimavit
470 1059 583 1119 Siculos
606 1059 823 1136 exspectatione
844 1059 930 1116 sortis
957 1060 986 1116 iu
1009 1062 1170 1118 consulum
1193 1055 1310 1222 conspeetp

268 1175 393 1236 stantes,
421 1175 453 1223 nt
479 1165 670 1241 comploratio
700 1183 800 1222 eorum
827 1164 996 1239 flebilesque
1020 1185 1117 1223 voces
1147 1175 1178 1222 et
1202 1165 1310 1238 extempl¹

269 1271 368 1328 oculos
383 1271 531 1328 hominum
547 1271 742 1327 converterint
763 1279 792 1326 ct
815 1269 970 1344 postmodo
991 1288 1150 1329 sermones
1165 1271 1310 1347 praebuerint.

238 1375 469 1434 dcircumibaut
500 1374 575 1432 onim
597 1385 763 1432 senatorum
794 1375 888 1430 desnos
916 1391 981 1429 cum
1004 1383 1089 1431 veste
1116 1377 1241 1440 sordida,
1258 1375 1310 1430 affir-

269 1491 390 1552 mantes,
412 1499 444 1538 se
457 1498 515 1537 non
532 1477 619 1536 modo
635 1497 717 1536 suam
734 1497 865 1554 quosque
876 1478 1011 1553 patriam,
1026 1480 1079 1536 sed
1102 1489 1197 1536 totam
1217 1480 1309 1538 Siciliam

238 1587 430 1654 irelicturos,
452 1586 477 1641 si
498 1603 533 1641 ec
548 1584 705 1641 Marcellus
726 1584 829 1640 iterum
853 1601 918 1640 cum
939 1582 1062 1657 imperio
1077 1586 1214 1643 redisset.
1250 1585 1309 1642 Nullo

270 1709 323 1748 suo
345 1690 448 1748 merito
470 1707 535 1746 eum
558 1699 626 1746 aute
646 1689 859 1764 implacabilem
886 1688 916 1746 in
946 1706 978 1746 se
998 1687 1108 1761 fnisse3
1141 1693 1210 1766 quid
1228 1692 1309 1758 iratum

271 1796 349 1871 quod
371 1798 498 1853 Romam
521 1793 558 1850 de
579 1811 611 1850 se
633 1802 766 1868 questum
791 1794 906 1850 venisse
928 1793 1041 1852 Siculos
1069 1797 1159 1866 sciat,
1182 1795 1308 1854 facturum?

271 1900 364 1959 Obrni
385 1901 485 1958 AEtnae
506 1899 620 1974 ignibus
648 1907 699 1954 aut
728 1898 819 1973 mergi
847 1897 922 1954 freto
954 1900 1047 1957 satius
1073 1902 1118 1958 illi
1151 1903 1245 1960 insula
1268 1919 1308 1957 esse

241 2008 359 2080 dquam
389 2005 469 2061 velut
502 2003 569 2061 dedi
601 2022 687 2060 noxae
724 2003 851 2060 inimico.
912 2006 968 2062 He
1009 2007 1180 2065 Siculorum
1220 2005 1307 2081 querele

271 2111 374 2168 domos
406 2110 530 2184 primum
552 2109 691 2165 nobilium
717 2108 892 2166 circumlata
913 2110 1128 2186 celebrataeque
1154 2113 1307 2169 sermonibus.

272 2232 345 2290 quos
373 2214 480 2289 partim
510 2213 707 2272 misericordia
728 2213 907 2286 Siculorum,
936 2218 1040 2289 partim
1073 2218 1188 2275 invidia
1213 2213 1306 2274 Marcelli

241 2320 435 2390 bexcitabat,
466 2319 496 2376 in
517 2327 649 2376 senatum
671 2319 758 2376 etiam
781 2330 982 2393 pervenerunt.
1025 2324 1213 2380 Postulatnm
1233 2337 1306 2377 amu·

272 2424 382 2480 sulibus
402 2432 461 2493 est,
487 2435 519 2482 ut
540 2423 576 2480 de
596 2424 794 2498 permutandis
815 2425 973 2499 provinciis
993 2438 1129 2485 senatum
1154 2426 1313 2486 consulerent„

273 2529 438 2599 Marcellus,
459 2529 484 2584 si
505 2529 564 2585 iam
580 2529 672 2586 auditi
693 2529 730 2586 ab
752 2538 855 2586 senatu
870 2529 959 2587 Siculi
981 2544 1087 2602 esseut,
1110 2535 1200 2592 aliam
1219 2530 1306 2588 forsiuu

242 2631 397 2690 tfuturam
421 2632 511 2690 fuisse
532 2633 701 2690 sententiam
725 2651 807 2690 suam
833 2635 942 2704 dicerc3
969 2655 1059 2707 nunc,
1093 2657 1132 2696 ne
1154 2640 1216 2713 quis
1235 2637 1305 2692 tinore

270 2735 379 2794 frenari
401 2756 451 2794 eos
473 2737 569 2794 dicere
590 2739 698 2813 possit,
730 2757 788 2812 quo
811 2740 904 2796 minus
934 2741 971 2799 de
997 2761 1033 2799 eo
1061 2743 1156 2801 libere
1177 2749 1304 2818 querantur.

270 2842 299 2899 iu
328 2843 408 2900 ouius
439 2851 583 2917 potestate
610 2862 680 2899 mox
707 2842 797 2901 futuri
825 2846 897 2915 sint,
938 2846 963 2902 si
984 2847 1105 2923 collegae
1127 2849 1198 2906 nihil
1219 2843 1303 2903 intersit.

163 2941 166 2946 ’
240 2950 392 3008 8mutare.
411 2967 443 3004 se
463 2947 643 3021 provinciam
674 2957 809 3023 paratum
837 2968 916 3020 essc;
954 2951 1108 3025 deprecari
1129 2963 1240 3012 senatus
1256 2966 1303 3025 pm·

270 3053 422 3121 iudicium;
466 3071 534 3108 nam
571 3071 659 3126 quum
693 3061 777 3110 extra
811 3064 918 3111 sortem
952 3057 1071 3131 college
1099 3061 1240 3134 optionem
1263 3049 1302 3108 dni

270 3156 427 3231 provincia
453 3156 583 3231 iniquum
618 3157 719 3228 fuerit,
758 3169 867 3233 quanto
900 3162 1038 3219 maiorem
1069 3162 1300 3232 intumentum

239 3261 473 3319 boontumeliam
486 3279 557 3331 essa,
572 3271 679 3319 sortem
695 3282 777 3320 suem
797 3265 914 3320 adeum
930 3265 1105 3324 transferri?
1152 3272 1200 3328 Ita
1212 3276 1301 3325 senatus.

270 3385 369 3442 quum,
384 3366 453 3440 qnid
466 3365 603 3441 placeret,
618 3369 711 3443 magis
722 3369 895 3426 ostendisset
911 3387 998 3443 quam
1010 3372 1166 3443 decresset,
1181 3368 1299 3430 dimittitur·

268 3473 350 3529 Inter
375 3471 456 3546 ipsos
483 3471 616 3529 consules
644 3473 819 3548 permutatio
851 3475 1083 3550 provinciarum,
1114 3481 1238 3554 rapiente
1260 3471 1299 3528 luit

220 3572 440 3634 romenellum
463 3576 499 3632 ad
521 3576 734 3647 Hannibalem,
758 3577 839 3636 facta
860 3589 913 3649 est,
936 3590 976 3651 ut,
1002 3601 1039 3638 ex
1063 3602 1121 3657 quo
1142 3585 1241 3660 primus
1256 3581 1297 3651 120⁵l

269 3682 479 3738 wodnesbirue
502 3682 580 3738 baud
610 3682 739 3739 adversae
764 3703 869 3759 pugna
892 3685 1015 3760 gloriam
1046 3703 1178 3762 ceperat,
1214 3679 1298 3742 ineius

268 3786 383 3842 laudem
409 3795 573 3860 postremus
605 3788 804 3845 Romanorum
832 3789 1058 3864 imperatorum,
1094 3793 1234 3871 prosperis
1258 3797 1295 3840 tun

269 3890 396 3946 maxime
419 3889 529 3950 bellicis
549 3892 646 3962 rebus,
668 3891 794 3950 caderet
