2678 4560
301 245 360 302 tot)
555 239 634 290 hiber
645 239 770 290 xxv111.
808 241 857 304 (Δ.
870 255 895 294 ιι.
910 255 932 293 o.
949 240 1020 297 54⁸.)

229 425 365 484 ttribuui
386 424 505 482 militum
529 433 656 500 septem,
693 421 814 500 quim)
842 426 965 500 abipso
989 424 1126 499 Scipione
1157 434 1240 480 sunt.
1281 429 1322 482 Ad

259 549 380 606 quorum
402 531 525 607 primum
540 531 703 594 ¹adventurn
719 533 884 607 exasperati
905 530 1008 600 animi;
1026 548 1103 598 mox,
1120 529 1202 604 ipsis
1217 531 1323 606 placido

257 654 390 694 sermono
423 636 664 713 permulcentibus
693 645 794 706 notos,
826 655 891 694 cum
917 635 1022 711 quibus
1052 637 1215 710 congressi
1244 651 1324 699 mant.

228 743 336 802 bleniti
368 751 443 801 suut.
495 739 712 800 circumcuntes
747 742 821 800 enim
856 742 980 800 tentoria
1012 741 1133 816 primo,
1171 743 1280 799 deinde
1302 746 1324 800 in

258 849 404 926 principiis
427 847 624 925 praetorioque,
646 848 697 906 nbi
715 865 862 906 sermones
884 849 958 904 inter
972 865 1005 904 sa
1023 845 1195 904 serentium
1214 847 1325 906 chamos

257 954 411 1024 vidissent,
441 954 676 1029 alloquebantur,
703 962 906 1030 percontantes
932 953 1045 1028 magis,
1074 971 1146 1027 quae
1171 972 1268 1010 causa
1285 956 1327 1012 ire

257 1061 552 1135 consternationisque
595 1060 697 1118 subitae
733 1059 828 1131 foret,
870 1077 957 1135 quam
992 1058 1105 1116 factum
1147 1071 1322 1118 accusantes

226 1166 354 1243 6Vulgo
375 1167 545 1242 stipendium
570 1185 628 1224 uon
649 1167 748 1224 datum
770 1166 809 1224 ud
835 1166 910 1224 diem
931 1165 1116 1234 iactabatur,
1163 1177 1217 1236 et,
1250 1185 1322 1240 quum

255 1275 357 1330 codam
387 1283 531 1348 tempore,
569 1291 626 1346 qno
655 1273 748 1330 scelus
769 1271 1017 1346 iliturgitanorum
1040 1269 1236 1340 exstitisset,
1271 1284 1318 1346 post

256 1381 377 1437 duorum
413 1380 619 1455 imporatorum
660 1377 841 1452 duorumque
881 1376 1060 1434 exercituum
1098 1384 1248 1450 stragem
1282 1393 1316 1432 aa

255 1485 361 1542 virtute
381 1484 529 1542 defensum
558 1497 663 1542 nomen
684 1485 849 1542 Romanum
871 1502 906 1540 ao
925 1492 1038 1539 retenta
1060 1481 1232 1557 provincia
1253 1493 1339 1548 esset*

256 1589 453 1665 Iliturgitanos
482 1608 597 1665 poenam
625 1609 710 1648 noxa
740 1590 872 1648 meritam
894 1589 1019 1659 habere,
1050 1588 1113 1644 suis
1139 1597 1232 1645 reete
1252 1585 1319 1642 factis

226 1693 378 1768 lgratiam
400 1695 450 1770 qui
471 1696 614 1767 exsolvat,
635 1713 693 1752 uon
713 1713 785 1752 esse.
831 1694 918 1752 Talia
940 1701 1095 1767 querentes
1117 1711 1218 1768 aequa
1240 1710 1315 1751 orare

254 1816 342 1872 seque
363 1819 399 1858 oa
417 1800 559 1859 relaturos
574 1802 612 1859 ad
633 1803 846 1878 imperatorem,
861 1799 1093 1874 respondebant;
1113 1797 1232 1867 laetari,
1255 1796 1315 1870 quod

254 1903 325 1962 nihil
353 1905 461 1964 tristius
486 1925 540 1964 nec
566 1906 755 1966 insanabilius
785 1917 876 1975 esset3
908 1914 937 1962 st
963 1906 1000 1962 P.
1033 1903 1217 1978 Scipionem
1245 1878 1337 1958 deun:

254 2011 430 2086 benignitate
452 2021 480 2070 et
501 2013 723 2088 rempublicam
745 2031 809 2070 essa
827 2011 927 2088 gratiae
948 2009 1117 2070 referendae.
1331 2072 1335 2085 ,

222 2119 240 2176 8
335 2117 509 2193 Scipionem,
527 2118 608 2176 bellis
623 2128 779 2188 assuetum,
801 2118 839 2175 ad
856 2116 1026 2176 seditionum
1042 2116 1202 2190 procellas
1217 2114 1311 2170 rudem.
1336 2163 1337 2167 ,

252 2221 404 2282 sollicitum
437 2223 565 2282 habebat
595 2241 658 2294 res,
696 2241 732 2280 ne
762 2231 812 2280 aut
843 2223 984 2280 exercitus
1006 2223 1167 2297 peccando
1190 2233 1242 2280 aut
1262 2221 1334 2294 ipse-

222 2327 397 2402 9puniendo
419 2330 536 2386 modum
558 2331 719 2392 excederet.
763 2329 797 2386 In
814 2329 975 2402 prasentia,
997 2339 1030 2384 ut
1048 2329 1203 2403 ooepisset,
1225 2327 1304 2384 lenite

252 2431 300 2506 agi
322 2431 430 2506 placuit
457 2445 501 2506 et,
528 2435 622 2493 missis
644 2434 721 2492 eirca
742 2434 943 2509 stipendiarias
964 2433 1100 2492 civitates
1124 2433 1303 2492 exactoribus
1327 2440 1334 2507 t

203 2546 239 2600 10
251 2537 385 2613 stipendii
408 2557 487 2616 spem
506 2543 699 2618 propinquam
712 2538 824 2608 iacere3
847 2538 970 2596 edictum
986 2540 1112 2598 subinde
1125 2540 1302 2616 propositum.

250 2654 282 2698 ut
314 2644 351 2700 ad
391 2645 562 2721 stipendium
597 2647 751 2723 petendum
783 2644 969 2702 convenirent
1000 2643 1234 2722 Carthaginem,
1263 2662 1298 2698 seu

201 2757 233 2812 lt
249 2748 371 2822 carptim
388 2768 442 2824 per
462 2761 559 2826 partes
582 2770 633 2810 seu
654 2751 781 2810 universi
798 2751 926 2810 mallent.
973 2751 1185 2826 Tranquillam
1202 2751 1298 2810 seditio

248 2871 314 2910 nem
357 2875 409 2930 per
447 2874 479 2914 se
518 2858 751 2934 languescentem
799 2857 951 2932 repentina
989 2858 1072 2930 quies
1112 2857 1293 2918 rebellantium

248 2959 445 3034 Hispanorum
475 2961 558 3033 fecit;
590 2962 735 3022 redierant
763 2963 837 3021 enim
870 2962 900 3018 in
927 2964 1018 3032 fines,
1054 2965 1167 3022 omisso
1191 2967 1294 3038 incepto.

248 3062 423 3122 Mandonius
452 3076 480 3122 et
508 3068 659 3141 Indibilis,
690 3081 845 3146 postquam
867 3070 965 3128 vivere
995 3068 1167 3144 Scipionem
1194 3070 1290 3128 allatum

200 3177 235 3233 12
249 3176 309 3237 est;
339 3187 392 3226 uec
419 3170 477 3226 iam
500 3182 562 3229 erat
587 3185 637 3232 aut
658 3175 729 3233 civis
752 3185 802 3233 ant
823 3184 977 3244 externus,
1009 3193 1075 3231 oum
1099 3195 1161 3250 quo
1186 3175 1289 3234 summu
1324 3099 1334 3243 i

200 3284 234 3339 13
249 3291 331 3330 suum
348 3276 554 3337 consociarent.
578 3277 686 3338 Omnia
702 3281 972 3356 circumspectantes
984 3281 1107 3338 consilia
1121 3283 1195 3340 nihil
1208 3276 1288 3351 reliqui
1332 3335 1333 3361 ,

248 3375 395 3434 habebant
419 3390 523 3454 praeter
551 3403 610 3442 non
638 3386 811 3444 tutissimum
840 3406 858 3444 a
886 3386 968 3443 malis
997 3388 1126 3445 consiliis
1153 3397 1284 3461 receptum.
1323 3363 1331 3433 J

248 3489 279 3536 ut
303 3481 485 3558 imperatoris
515 3491 562 3548 val
588 3491 671 3550 iustae
697 3493 747 3550 irae
779 3493 825 3550 vel
855 3511 913 3548 non
941 3493 1131 3569 desperandae
1153 3486 1285 3552 clementia
1327 3507 1332 3574 p

247 3603 311 3643 sese
332 3591 556 3652 committerentz
580 3597 666 3656 etiam
688 3598 820 3656 hostibus
842 3617 907 3656 eum
928 3598 1091 3673 ignovisse,
1114 3619 1182 3658 cum
1203 3595 1280 3672 quibu»

199 3700 234 3754 14
247 3688 325 3748 ferro
348 3695 527 3769 dimicasset;
548 3718 630 3758 suam
653 3703 822 3762 seditionem
844 3705 906 3762 sine
926 3705 1061 3774 vnlnere,
1084 3707 1148 3764 sine
1168 3703 1280 3780 sanguiue

245 3792 349 3870 fuisse,
382 3820 434 3860 neo
461 3804 555 3879 ipsam
584 3817 711 3868 atrocem
738 3829 792 3870 nec
820 3811 912 3868 atroci
942 3831 1029 3886 poena
1055 3809 1176 3888 dignam
1202 3841 1233 3854 -
1258 3817 1277 3861 ῡῑ
1329 3849 1330 3860 ι

246 3901 362 3978 ingenia
382 3907 509 3966 humana
530 3921 596 3970 sunt
619 3915 657 3970 ad
678 3933 760 3973 suam
782 3916 886 3991 cuique
906 3915 1061 3973 levandam
1082 3919 1195 3994 culpam
1213 3911 1277 3972 nimio

199 4007 312 4082 lbplus
343 4008 475 4068 fecunda.
542 4016 598 4074 Illa
635 4016 778 4078 dubitatio
805 4031 882 4092 erat,
916 4020 1072 4096 singulaene
1106 4026 1274 4082 conones
1328 4079 1329 4095 ,

283 4135 307 4202 ¹)
325 4140 483 4192 Exciderunt
501 4149 616 4207 quadam
635 4151 710 4202 huius
728 4151 829 4203 lormae:
848 4165 968 4205 motum
987 4158 1161 4222 sedarent,
1180 4156 1258 4208 missi.
