2700 4426
384 113 462 163 uso
479 113 594 162 xxvu.
632 113 680 176 (s.
696 113 743 166 eu.
758 115 831 179 208.)
1043 119 1098 174 103
1170 84 1173 89 ’

75 297 182 370 Itaque
204 296 230 353 is
253 297 345 371 magis
374 297 568 371 implacabilis
598 304 660 354 erat
686 307 715 354 et
735 296 807 354 nihil
829 315 902 371 opus
925 316 988 356 esse
1009 300 1173 360 recenti-8

74 401 195 458 lintione
221 401 333 468 aiebam
370 402 464 459 acrius
486 412 514 458 et
541 401 677 458 intentius
706 401 805 459 omnia
833 411 967 476 gesturos
998 403 1142 475 timentes,

75 525 111 563 ne
133 507 279 564 crescendi
301 527 337 564 ax
359 525 390 564 se
409 506 526 562 inimico
538 506 656 580 collegas
670 515 801 582 potestas
811 507 900 563 fieret.
947 509 1027 565 Vicit
1043 517 1140 566 tamen
1154 515 1171 570 9
1185 570 1192 577 ,

76 612 234 669 auctoritas
260 623 391 682 senatus,
427 620 473 679 ut,
509 611 611 684 positis
632 611 841 682 simultatibus,
875 614 1021 670 communi
1042 615 1140 671 animo

76 717 255 791 consilioque
287 717 522 774 administrarent
551 736 613 773 rem
636 716 791 791 publicam.
840 717 1004 774 Provinciae
1025 719 1060 775 iis
1081 737 1140 775 non
1157 727 1191 781 10

75 823 226 897 permixtae
252 823 436 897 regionibns,
473 820 548 877 sicut
574 822 772 896 superioribus
807 823 906 893 annis,
939 823 989 879 sed
1017 822 1139 904 divenses

75 929 211 985 extremis
233 929 327 985 Italiae
347 929 471 997 finibus,
504 925 589 982 alteri
611 927 751 984 adversus
771 927 968 985 Hannibalern
988 928 1096 985 Bruttii
1117 938 1143 985 et

75 1033 195 1101 Lucani,
219 1033 302 1090 alteri
324 1033 424 1091 Gallia
440 1033 580 1089 adversus
591 1031 818 1102 Hasdrubalem,
840 1051 926 1105 quem
944 1032 1002 1089 iam
1015 1033 1141 1107 Alpibus

75 1138 313 1213 appropinquare
334 1138 414 1195 fama
436 1147 513 1203 erat,
537 1137 661 1192 decreta.
710 1137 879 1194 Exercitum
903 1155 919 1194 e
940 1138 1069 1210 duobus,
1092 1137 1189 1211 quill

74 1243 102 1298 in
137 1242 236 1301 Gallia
271 1245 379 1318 quique
405 1244 435 1300 in
461 1242 581 1300 Etruria
609 1248 702 1312 esset,
738 1243 838 1299 addito
863 1243 991 1313 urbano,
1014 1243 1140 1316 eligeret,

73 1369 159 1424 quem
183 1349 291 1419 mallet,
314 1348 365 1422 qui
386 1346 515 1404 Galliam
538 1356 614 1402 esset
635 1347 772 1417 sortitus;
796 1349 842 1405 cui
864 1347 970 1405 Bruttii
990 1347 1192 1422 provinciali

72 1455 233 1525 evenisset,
254 1450 338 1510 novis
359 1452 521 1528 legionibus
544 1451 662 1509 urbanis
684 1452 816 1527 scriptis,
840 1453 932 1508 utrius
951 1452 1050 1510 mallet
1071 1472 1141 1510 con-

73 1560 168 1616 sulum
201 1558 307 1634 prioris
339 1558 422 1629 anni,
456 1557 612 1614 exercitum
642 1566 787 1627 sumeret;
821 1558 952 1616 relictum
984 1559 1141 1617 sconsuls
1157 1564 1191 1619 13

73 1665 231 1722 exereitum
270 1663 307 1736 Q.
339 1664 460 1720 Fulvius
496 1663 653 1739 proconsul
681 1663 841 1737 acciperet,
874 1663 958 1737 eique
979 1664 1009 1720 in
1032 1682 1138 1720 annum

72 1770 225 1845 imperium
260 1778 344 1830 esset.
390 1770 430 1825 Et
454 1767 488 1828 C.
509 1768 657 1838 Hostilio,
693 1768 738 1825 cui
761 1787 815 1843 pro
837 1769 956 1825 Etruria
978 1770 1138 1825 Tarentum
1155 1777 1191 1831 14

71 1883 257 1932 mutaverant
290 1874 489 1949 provinciam,
528 1893 582 1947 pro
611 1874 741 1930 Tarento
772 1871 905 1947 Capuam
940 1880 1139 1942 mutaverunt3

71 1981 148 2056 legio
170 1999 229 2037 una
250 1980 320 2036 data
341 1989 394 2050 est,
416 1979 461 2036 cni
482 1979 604 2035 Fulvius
626 1978 761 2053 proximo
781 1995 858 2034 anno
879 1975 1043 2052 praefuerat.

155 2085 203 2140 De
224 2083 419 2140 Hasdrubalis
442 2084 568 2140 adventu
591 2085 619 2140 iu
639 2083 755 2141 Italiam
778 2083 889 2140 curain
904 2082 965 2138 dies
980 2082 1137 2139 crescebat.
1190 2079 1234 2148 36

71 2189 295 2246 Massiliensium
331 2189 455 2262 primum
490 2191 583 2264 legati,
612 2189 817 2246 nuntiaverunt
847 2207 912 2243 eum
950 2186 980 2242 in
1008 2185 1136 2244 Galliam

73 2304 494 2370 transgressum,erectosque
516 2295 642 2356 adventu
667 2294 745 2363 eius,
773 2293 842 2366 quia
865 2311 1003 2368 magnum
1024 2292 1168 2368 pondus2

73 2401 137 2458 auri
159 2400 289 2456 attulisse
311 2400 455 2457 diceretur
474 2402 512 2458 ad
530 2401 661 2458 mercede
679 2398 789 2456 auxilia
809 2398 1006 2467 conducenda,
1031 2397 1139 2456 Gallo-

71 2523 135 2561 rum
173 2505 296 2565 animos.
343 2507 428 2563 Missi
459 2507 562 2563 deinde
595 2524 660 2563 curn
694 2505 730 2561 iis
766 2504 855 2578 legati
885 2504 922 2559 ab
950 2504 1047 2560 Roma
1069 2502 1169 2562 Sex.3

72 2608 218 2665 Antistius
240 2619 269 2664 et
291 2611 332 2668 M.
344 2610 458 2668 Raeeius
477 2612 514 2667 ad
529 2629 591 2667 rem
611 2608 819 2684 inspiciendam
838 2607 1005 2678 retulerant,
1028 2586 1141 2664 misisse

73 2731 105 2769 se
127 2731 190 2770 cum
214 2714 445 2771 Massiliensibus
466 2715 597 2784 ducibus,
633 2714 683 2787 qui
703 2733 755 2788 per
776 2712 906 2785 hospites
929 2730 1038 2782 eorum,
1059 2712 1139 2787 prin·

72 2818 151 2892 cipes
161 2817 324 2888 Gallorum,
341 2819 439 2875 omnia
454 2819 607 2893 explorata
621 2817 776 2885 referrent,
792 2834 846 2891 pro
858 2824 1006 2888 comperto
1021 2817 1138 2887 habere,
1152 2825 1169 2876 4

72 2923 298 2993 Hasdrubalem,
320 2923 430 2998 ingenti
444 2923 501 2980 iarn
519 2933 620 2981 coacto
642 2921 779 2990 exercitu,
802 2919 936 2994 proximo
958 2930 1031 2998 yere'
1045 2919 1138 2995 Alpes

72 3028 275 3099 traiecturum,
303 3047 356 3085 nec
378 3037 438 3085 tum
461 3048 526 3085 enm
550 3027 704 3102 quicquam
730 3025 808 3083 aliud
831 3024 956 3093 morari,
982 3025 1037 3082 nisi
1060 3026 1137 3100 quod

72 3133 178 3190 clausae
199 3134 294 3191 hieme
316 3133 410 3207 Alpes
433 3143 536 3191 essent.

154 3237 190 3293 In
219 3237 314 3294 locum
348 3239 388 3297 M.
410 3239 544 3295 Marcelli
574 3240 610 3296 P.
640 3237 739 3295 AElius
766 3237 864 3293 Paetus
894 3253 988 3309 augur
1024 3241 1168 3295 creatns5

70 3341 338 3418 inauguratusque,
379 3355 408 3401 et
441 3343 494 3401 Cn.
532 3343 683 3402 Cornelius
705 3342 862 3400 Dolabella
899 3358 952 3396 rex
988 3357 1138 3395 sacrorum

71 3448 261 3522 inauguratus
283 3460 327 3508 est
348 3451 377 3507 in
398 3451 493 3508 locum
515 3452 558 3509 M.
582 3449 696 3519 Marcii,
719 3448 768 3522 qui
790 3445 904 3504 biennio
924 3454 992 3500 ante
1007 3453 1137 3500 mortuus

72 3563 163 3635 erat>
196 3555 263 3612 Hoc
285 3557 387 3613 eodem
409 3575 486 3613 anno
509 3566 538 3612 et
557 3555 678 3612 lustrum
702 3553 847 3610 conditum
870 3558 915 3607 est
934 3568 953 3606 a
969 3549 1167 3610 censoribusb

70 3659 105 3717 P.
131 3659 303 3735 Sempronio
329 3663 477 3720 Tuditano
507 3670 536 3716 et
559 3661 601 3716 M.
626 3657 762 3715 Cornelio
784 3655 931 3730 Cethego,
970 3651 1066 3712 Censa
1092 3654 1164 3713 ci·7

69 3762 148 3820 vium
196 3767 292 3840 capita
314 3774 428 3824 centurn
468 3765 586 3840 triginta
622 3772 732 3837 septem
776 3761 866 3818 millia
908 3768 1021 3816 centum
1059 3769 1135 3828 octo,

69 3871 165 3930 minor
187 3873 336 3947 aliquanto
358 3891 504 3946 numerus,
532 3894 619 3948 qnam
649 3870 698 3944 qui
720 3877 787 3925 ante
809 3867 916 3924 bellum
937 3864 1041 3923 fuerat.
1090 3865 1166 3926 Eud
