2678 4560
278 261 315 318 86
546 257 623 306 Liber
641 255 753 306 xxvtt.
792 257 839 320 (A.
855 271 880 307 n.
895 271 917 307 e.
929 255 1000 315 5⁴⁵.)

204 444 266 499 2nt
288 439 438 498 confestim
463 440 676 498 Hasdrubalem
699 449 943 513 consequeretur,
965 457 1074 514 anceps
1098 440 1131 497 id
1154 447 1259 508 ratas,
1278 458 1310 494 ne

235 549 325 622 Mago
354 556 443 620 atque
475 545 644 603 Hasdrubal
672 563 737 602 cum
772 562 806 601 eo
835 544 987 618 iungerent
1017 546 1144 620 copias,
1181 545 1310 620 pracsidio

234 661 346 710 tantum
369 651 406 708 ad
430 649 609 707 insidendum
634 651 806 725 Pmenaentn
829 647 926 719 misso,
948 650 1012 723 ipse
1032 650 1188 723 reliquum
1212 651 1312 706 astatis

191 783 195 794 ·
234 756 405 831 recipiendis
426 755 456 812 in
477 755 562 812 fidem
586 755 736 828 Hispaniae
758 753 871 828 populis
894 755 1067 829 absumpsit,

204 863 221 919 ³
318 861 426 920 Paucis
457 871 522 934 post
545 861 678 935 proelium
701 858 809 916 factum
833 859 871 914 ad
894 859 1042 915 Baeculam
1066 860 1198 931 diebus,
1233 879 1317 934 quntn‘

236 966 334 1041 Scipio
356 966 470 1023 rediens
492 966 551 1022 iam
573 967 774 1022 Tarraconem
797 963 873 1020 saltu
897 962 1104 1020 Castulonensi
1131 968 1313 1032 excessisset,

235 1071 404 1128 Hasdrubal
434 1070 574 1145 Gisgonis
604 1070 679 1128 filins
708 1079 737 1126 et
764 1069 856 1143 Mago
884 1069 1080 1143 imperatores
1112 1089 1154 1126 ex
1181 1070 1313 1126 ulteriore

234 1176 380 1251 Hispania
408 1177 443 1232 ad
473 1175 689 1232 Hasdrubalem
723 1192 842 1242 venere,
878 1191 974 1230 aarum
1004 1184 1074 1247 post
1096 1174 1183 1230 male
1207 1185 1313 1250 gestam

234 1301 294 1338 rem
318 1281 475 1350 auxilium,
503 1279 623 1337 consilio
643 1280 674 1337 in
696 1289 792 1336 cetera
814 1279 990 1352 exsequendi
1012 1280 1082 1336 belli
1104 1280 1194 1337 hand
1217 1299 1324 1356 parum

204 1386 399 1461 lopportuni.
443 1385 489 1442 Ibi
516 1384 747 1453 conferentibus,
784 1383 853 1457 quid
881 1386 910 1441 in
942 1385 1084 1458 cuiusque
1106 1385 1272 1458 provincia
1292 1395 1315 1442 et

234 1491 353 1566 regione
380 1491 541 1546 animorum
572 1490 713 1564 Hispanis
742 1498 833 1556 osset,
870 1507 943 1544 unus
971 1490 1150 1546 Hasdrubal
1176 1489 1310 1565 Gisgo'

235 1596 365 1652 ultimant
390 1595 541 1669 Hispania
570 1614 667 1662 oram,
705 1613 769 1668 qum
794 1596 832 1651 ad
855 1593 1004 1651 Oceanum
1027 1604 1057 1650 ct
1080 1594 1192 1653 Gades
1218 1596 1316 1670 vergit,

234 1702 366 1776 ignaram
389 1700 484 1758 adbuc
501 1701 702 1757 Rommorum
728 1717 791 1758 esse
808 1717 901 1774 eoque
921 1696 1228 1774 Carthaginiensibus
1251 1703 1302 1757 sa'

205 1809 321 1866 blidam
355 1807 505 1876 censebat3
553 1806 629 1864 inter
666 1805 882 1862 Hasdrubalem
923 1804 1045 1861 alterum
1082 1815 1112 1861 ct
1152 1807 1314 1882 Magonem

234 1914 395 1983 constabat,
416 1911 562 1970 beneficiis
586 1909 730 1985 Scipionis
748 1919 906 1984 occupatos
922 1909 1049 1966 omnium
1061 1911 1184 1970 animos
1201 1915 1315 1989 publice

233 2017 427 2091 privatimque
456 2035 538 2088 esse,
570 2035 624 2073 nec
653 2014 872 2076 transitionibus
899 2016 985 2071 finem
1013 2023 1083 2071 ante
1106 2016 1191 2089 iore,
1231 2034 1314 2094 quant

234 2140 334 2179 omnes
355 2120 481 2196 Hispani
509 2119 614 2178 milites
636 2129 688 2177 aut
710 2119 740 2176 in
761 2120 864 2176 ultima
885 2120 1037 2196 Hispaniae
1060 2123 1157 2180 amoti
1180 2135 1240 2182 aut
1262 2137 1314 2182 tra-

204 2226 311 2285 bducti
332 2227 361 2281 in
384 2224 513 2282 Galliam
535 2225 639 2283 forent.
687 2226 806 2298 Itaque,
837 2225 950 2283 etiamsi
978 2234 1098 2282 senatus
1120 2225 1313 2305 Carthagini·

234 2331 345 2387 ensium
381 2349 439 2386 non
469 2330 643 2399 censuisset,
680 2330 804 2386 cundum
836 2338 934 2386 tamen
962 2331 1147 2388 Hasdrubali
1167 2333 1267 2392 fuisse
1287 2336 1312 2390 in

235 2435 370 2504 Italiam,
405 2435 454 2494 ubi
481 2437 547 2494 belli
577 2446 666 2512 caput
700 2445 727 2491 et
753 2455 849 2492 rerum
886 2453 1000 2491 summa
1028 2445 1123 2502 essct,
1159 2440 1255 2496 simul
1288 2451 1313 2496 nt

233 2540 382 2615 Hispanos
418 2559 518 2598 omnes
550 2541 652 2617 procul
686 2542 724 2598 ab
756 2542 872 2599 nornine
904 2540 1049 2614 Scipionis
1082 2561 1121 2597 ex
1164 2545 1312 2620 Hispania

204 2646 404 2703 labduceret:
436 2644 593 2703 exercitum
615 2646 685 2717 eius,
720 2665 807 2720 quum
829 2645 1056 2715 transitionibus,
1088 2655 1153 2704 tum
1184 2646 1321 2706 adversn'

231 2750 333 2825 proelio
362 2751 553 2817 imminutum,
585 2750 725 2825 Hispanis
756 2751 861 2826 repleri
886 2751 1042 2820 militibus,
1078 2760 1109 2806 et
1138 2753 1310 2827 Magonem.

232 2856 412 2913 Hasdrubali
435 2854 575 2930 Gisgonis
597 2855 656 2912 filio
685 2855 791 2912 tradito
824 2855 968 2922 exercitu,
992 2856 1088 2931 ipsum
1113 2875 1181 2912 cnm
1204 2858 1309 2932 grandi

231 2961 354 3034 pecunia
386 2961 425 3018 ad
455 2959 642 3016 conducenda
664 2961 795 3018 mercede
817 2961 926 3017 auxilia
947 2960 976 3016 in
998 2959 1135 3016 Baliares
1160 2961 1307 3017 traiicere:

201 3063 447 3123 8Hasdrubalem
480 3063 619 3138 Gisgonis
653 3083 716 3121 cum
752 3065 879 3122 exercitu
910 3064 1024 3138 penitus
1054 3065 1084 3121 in
1121 3065 1305 3122 Lusitaniam

232 3171 321 3236 abire,
343 3188 478 3226 naccum
503 3170 643 3226 Romanis
665 3189 763 3226 monus
784 3187 954 3239 conserere;
976 3170 1142 3226 Masinissa
1165 3189 1203 3227 ex
1229 3171 1305 3228 omni

232 3273 380 3348 equitatu,
421 3273 500 3348 quod
532 3274 645 3331 roboris
678 3284 769 3343 esset,
808 3275 865 3331 tria
893 3273 984 3330 millia
1013 3275 1145 3348 equitum
1185 3275 1304 3349 expleri.

232 3397 355 3452 eumque
383 3396 489 3453 vagum
516 3397 569 3453 per
596 3379 758 3436 citeriorem
786 3377 961 3454 Hispaniam
992 3377 1079 3435 sociis
1107 3397 1196 3453 opem
1218 3378 1304 3435 ferre.

231 3483 356 3540 hostium
380 3485 488 3558 oppida
518 3494 606 3558 atque
628 3502 715 3558 agros
736 3481 881 3558 populari.
928 3482 983 3539 His
1005 3482 1140 3552 decretis,
1160 3483 1198 3540 ad
1221 3501 1302 3539 exse

231 3587 361 3660 quenda,
396 3606 460 3661 quae
488 3598 663 3658 statuerant,
698 3589 829 3663 digressi.
879 3587 950 3644 Hac
980 3606 1015 3644 eo
1038 3605 1116 3643 anno
1139 3589 1170 3644 in
1193 3588 1302 3662 Hispa-

229 3692 279 3747 nia
301 3702 375 3752 acta.

199 3793 216 3847 9
312 3797 414 3856 Romae
436 3797 517 3854 fama
541 3797 684 3872 Scipionis
706 3797 735 3852 in
758 3797 819 3854 dias
841 3814 985 3864 crescere,
1018 3794 1114 3851 Fabio
1137 3795 1299 3852 Tarentum

230 3909 346 3975 captum
375 3911 438 3958 astu
467 3904 560 3976 magis
592 3921 679 3976 quam
711 3903 817 3960 virtute
845 3901 945 3976 gloriar
972 3911 1070 3956 tamen
1091 3917 1171 3969 csse,
1205 3899 1299 3957 Fulvii

179 4003 216 4058 ttt
230 4019 380 4061 senescere
401 4004 498 4074 fama,
521 4007 677 4063 Marcellus
700 4006 784 4063 etiam
809 4007 933 4063 adverso
954 4023 1071 4062 rumore
1093 4023 1177 4074 esse,
1201 4023 1298 4080 snper-
