<?xml version="1.0" encoding="UTF-8"?>
<!DOCTYPE html PUBLIC "-//W3C//DTD XHTML 1.0 Transitional//EN"
    "http://www.w3.org/TR/xhtml1/DTD/xhtml1-transitional.dtd">
<html xmlns="http://www.w3.org/1999/xhtml" xml:lang="en" lang="en">
 <head>
  <title>
</title>
<meta http-equiv="Content-Type" content="text/html;charset=utf-8" />
  <meta name='ocr-system' content='tesseract 3.04.00' />
  <meta name='ocr-capabilities' content='ocr_page ocr_carea ocr_par ocr_line ocrx_word'/>
</head>
<body>
  <div class='ocr_page' id='page_1' title='image "./titiliviihistor01ussigoog/titiliviihistor01ussigoog_0116.png"; bbox 0 0 2704 4552; ppageno 0'>
   <div class='ocr_carea' id='block_1_1' title="bbox 374 261 1073 356">
    <p class='ocr_par' dir='ltr' id='par_1_1' title="bbox 374 261 1073 356">
     <span class='ocr_line' id='line_1_1' title="bbox 374 261 1073 356; baseline 0.019 -44"><span class='ocrx_word' id='word_1_1' title='bbox 374 261 452 312; x_wconf 85' lang='lat' dir='ltr'><strong>Liber</strong></span> <span class='ocrx_word' id='word_1_2' title='bbox 468 262 557 356; x_wconf 63' lang='lat' dir='ltr'><strong>XXll.</strong></span> <span class='ocrx_word' id='word_1_3' title='bbox 595 263 642 326; x_wconf 88' lang='grc' dir='ltr'><strong>(Δ.</strong></span> <span class='ocrx_word' id='word_1_4' title='bbox 656 261 704 313; x_wconf 82' lang='lat' dir='ltr'><strong>ch.</strong></span> <span class='ocrx_word' id='word_1_5' title='bbox 721 263 795 326; x_wconf 81' lang='lat' dir='ltr'><strong>att.)</strong></span> <span class='ocrx_word' id='word_1_6' title='bbox 1035 269 1073 324; x_wconf 83' lang='grc'><strong>75</strong></span> 
     </span>
    </p>
   </div>
   <div class='ocr_carea' id='block_1_2' title="bbox 12 443 1262 3990">
    <p class='ocr_par' dir='ltr' id='par_1_2' title="bbox 12 443 1217 1782">
     <span class='ocr_line' id='line_1_2' title="bbox 13 443 1115 521; baseline 0.005 -21"><span class='ocrx_word' id='word_1_7' title='bbox 13 443 166 518; x_wconf 84' lang='lat' dir='ltr'><strong>Pelignis</strong></span> <span class='ocrx_word' id='word_1_8' title='bbox 196 446 313 503; x_wconf 87' lang='lat' dir='ltr'><strong>Poenus</strong></span> <span class='ocrx_word' id='word_1_9' title='bbox 334 445 414 502; x_wconf 87' lang='lat' dir='ltr'><strong>flexit</strong></span> <span class='ocrx_word' id='word_1_10' title='bbox 434 445 504 516; x_wconf 80' lang='lat' dir='ltr'><strong>iter,</strong></span> <span class='ocrx_word' id='word_1_11' title='bbox 527 455 665 521; x_wconf 88' lang='lat' dir='ltr'><strong>retroque</strong></span> <span class='ocrx_word' id='word_1_12' title='bbox 687 445 825 520; x_wconf 79' lang='lat' dir='ltr'><strong>Apuliam</strong></span> <span class='ocrx_word' id='word_1_13' title='bbox 848 455 981 521; x_wconf 88' lang='lat' dir='ltr'><strong>repetens</strong></span> <span class='ocrx_word' id='word_1_14' title='bbox 1003 445 1115 506; x_wconf 88' lang='lat' dir='ltr'><strong>Gereo-</strong></span> 
     </span>
     <span class='ocr_line' id='line_1_3' title="bbox 12 548 1115 626; baseline 0.006 -23"><span class='ocrx_word' id='word_1_15' title='bbox 12 548 102 604; x_wconf 88' lang='lat' dir='ltr'>nium</span> <span class='ocrx_word' id='word_1_16' title='bbox 130 551 294 624; x_wconf 80' lang='lat' dir='ltr'><strong>pervenit,</strong></span> <span class='ocrx_word' id='word_1_17' title='bbox 315 551 415 609; x_wconf 86' lang='lat' dir='ltr'><strong>urbem</strong></span> <span class='ocrx_word' id='word_1_18' title='bbox 431 558 518 620; x_wconf 88' lang='lat' dir='ltr'><strong>metu,</strong></span> <span class='ocrx_word' id='word_1_19' title='bbox 541 551 610 624; x_wconf 88' lang='lat' dir='ltr'><strong>quia</strong></span> <span class='ocrx_word' id='word_1_20' title='bbox 632 550 763 626; x_wconf 89' lang='lat' dir='ltr'><strong>collapsa</strong></span> <span class='ocrx_word' id='word_1_21' title='bbox 782 551 873 607; x_wconf 89' lang='lat' dir='ltr'><strong>ruinis</strong></span> <span class='ocrx_word' id='word_1_22' title='bbox 894 569 963 626; x_wconf 86' lang='lat' dir='ltr'><strong>pars</strong></span> <span class='ocrx_word' id='word_1_23' title='bbox 978 553 1115 610; x_wconf 87' lang='lat' dir='ltr'><strong>moenium</strong></span> 
     </span>
     <span class='ocr_line' id='line_1_4' title="bbox 14 633 1147 730; baseline 0.008 -20"><span class='ocrx_word' id='word_1_24' title='bbox 14 665 95 725; x_wconf 76' lang='lat' dir='ltr'><strong>erat,</strong></span> <span class='ocrx_word' id='word_1_25' title='bbox 122 656 172 713; x_wconf 84' lang='lat' dir='ltr'><strong>ab</strong></span> <span class='ocrx_word' id='word_1_26' title='bbox 202 657 266 713; x_wconf 89' lang='lat' dir='ltr'><strong>suis</strong></span> <span class='ocrx_word' id='word_1_27' title='bbox 288 655 446 724; x_wconf 84' lang='lat' dir='ltr'><strong>desertam3</strong></span> <span class='ocrx_word' id='word_1_28' title='bbox 468 655 593 713; x_wconf 88' lang='lat' dir='ltr'><strong>dictator</strong></span> <span class='ocrx_word' id='word_1_29' title='bbox 616 656 645 713; x_wconf 92' lang='lat' dir='ltr'><strong>in</strong></span> <span class='ocrx_word' id='word_1_30' title='bbox 667 633 805 712; x_wconf 86' lang='lat' dir='ltr'><strong>Larinate</strong></span> <span class='ocrx_word' id='word_1_31' title='bbox 827 673 900 730; x_wconf 85' lang='lat' dir='ltr'><strong>agro</strong></span> <span class='ocrx_word' id='word_1_32' title='bbox 922 667 1019 714; x_wconf 89' lang='lat' dir='ltr'><strong>castra</strong></span> <span class='ocrx_word' id='word_1_33' title='bbox 1037 662 1147 720; x_wconf 89' lang='lat' dir='ltr'><strong>com-8</strong></span> 
     </span>
     <span class='ocr_line' id='line_1_5' title="bbox 13 760 1116 838; baseline 0.003 -22"><span class='ocrx_word' id='word_1_34' title='bbox 13 760 145 816; x_wconf 85' lang='lat' dir='ltr'><strong>muniit.</strong></span> <span class='ocrx_word' id='word_1_35' title='bbox 203 761 280 819; x_wconf 89' lang='lat' dir='ltr'><strong>Inde</strong></span> <span class='ocrx_word' id='word_1_36' title='bbox 301 778 450 817; x_wconf 86' lang='lat' dir='ltr'><strong>sacrorum</strong></span> <span class='ocrx_word' id='word_1_37' title='bbox 473 779 562 819; x_wconf 90' lang='lat' dir='ltr'><strong>causa</strong></span> <span class='ocrx_word' id='word_1_38' title='bbox 583 763 708 820; x_wconf 84' lang='lat' dir='ltr'><strong>Romam</strong></span> <span class='ocrx_word' id='word_1_39' title='bbox 726 770 890 832; x_wconf 85' lang='lat' dir='ltr'><strong>revocatus,</strong></span> <span class='ocrx_word' id='word_1_40' title='bbox 914 781 972 818; x_wconf 90' lang='lat' dir='ltr'><strong>non</strong></span> <span class='ocrx_word' id='word_1_41' title='bbox 993 763 1116 838; x_wconf 86' lang='lat' dir='ltr'><strong>imperio</strong></span> 
     </span>
     <span class='ocr_line' id='line_1_6' title="bbox 14 839 1217 942; baseline 0 -18"><span class='ocrx_word' id='word_1_42' title='bbox 14 869 135 937; x_wconf 77' lang='lat' dir='ltr'><strong>modo,</strong></span> <span class='ocrx_word' id='word_1_43' title='bbox 172 868 234 924; x_wconf 82' lang='lat' dir='ltr'><strong>sed</strong></span> <span class='ocrx_word' id='word_1_44' title='bbox 262 866 383 924; x_wconf 85' lang='lat' dir='ltr'><strong>consilio</strong></span> <span class='ocrx_word' id='word_1_45' title='bbox 405 866 492 923; x_wconf 89' lang='lat' dir='ltr'><strong>etiam</strong></span> <span class='ocrx_word' id='word_1_46' title='bbox 524 839 672 942; x_wconf 62' lang='lat' dir='ltr'><strong>ac⁵prope</strong></span> <span class='ocrx_word' id='word_1_47' title='bbox 692 865 826 941; x_wconf 87' lang='lat' dir='ltr'><strong>precibus</strong></span> <span class='ocrx_word' id='word_1_48' title='bbox 848 884 937 942; x_wconf 87' lang='lat' dir='ltr'><strong>agens</strong></span> <span class='ocrx_word' id='word_1_49' title='bbox 966 886 1031 924; x_wconf 91' lang='lat' dir='ltr'><strong>cum</strong></span> <span class='ocrx_word' id='word_1_50' title='bbox 1055 887 1115 924; x_wconf 90' lang='lat' dir='ltr'><strong>ma·</strong></span> <span class='ocrx_word' id='word_1_51' title='bbox 1214 883 1217 900; x_wconf 87' lang='grc'><em>·</em></span> 
     </span>
     <span class='ocr_line' id='line_1_7' title="bbox 16 970 1146 1048; baseline 0.004 -20"><span class='ocrx_word' id='word_1_52' title='bbox 16 971 120 1046; x_wconf 83' lang='lat' dir='ltr'><strong>gistro</strong></span> <span class='ocrx_word' id='word_1_53' title='bbox 150 972 304 1048; x_wconf 75' lang='lat' dir='ltr'><strong>equitum,</strong></span> <span class='ocrx_word' id='word_1_54' title='bbox 331 979 364 1029; x_wconf 91' lang='lat' dir='ltr'><strong>ut</strong></span> <span class='ocrx_word' id='word_1_55' title='bbox 391 971 457 1046; x_wconf 89' lang='lat' dir='ltr'><strong>plus</strong></span> <span class='ocrx_word' id='word_1_56' title='bbox 479 972 599 1028; x_wconf 87' lang='lat' dir='ltr'><strong>consilio</strong></span> <span class='ocrx_word' id='word_1_57' title='bbox 625 990 712 1047; x_wconf 91' lang='lat' dir='ltr'><strong>quam</strong></span> <span class='ocrx_word' id='word_1_58' title='bbox 737 970 862 1029; x_wconf 74' lang='lat' dir='ltr'><strong>fortunae</strong></span> <span class='ocrx_word' id='word_1_59' title='bbox 886 972 1013 1030; x_wconf 85' lang='lat' dir='ltr'><strong>confidat</strong></span> <span class='ocrx_word' id='word_1_60' title='bbox 1036 982 1064 1031; x_wconf 87' lang='lat' dir='ltr'><strong>at</strong></span> <span class='ocrx_word' id='word_1_61' title='bbox 1085 977 1146 1034; x_wconf 85' lang='lat' dir='ltr'><strong>ss9</strong></span> 
     </span>
     <span class='ocr_line' id='line_1_8' title="bbox 16 1075 1117 1153; baseline 0.005 -21"><span class='ocrx_word' id='word_1_62' title='bbox 16 1077 129 1150; x_wconf 87' lang='lat' dir='ltr'><strong>potius</strong></span> <span class='ocrx_word' id='word_1_63' title='bbox 163 1077 278 1134; x_wconf 76' lang='lat' dir='ltr'><strong>d&#39;ucem</strong></span> <span class='ocrx_word' id='word_1_64' title='bbox 303 1097 391 1152; x_wconf 88' lang='lat' dir='ltr'><strong>quam</strong></span> <span class='ocrx_word' id='word_1_65' title='bbox 422 1075 626 1151; x_wconf 88' lang='lat' dir='ltr'><strong>Sempronium</strong></span> <span class='ocrx_word' id='word_1_66' title='bbox 648 1076 883 1153; x_wconf 81' lang='lat' dir='ltr'><strong>Flaminiumque</strong></span> <span class='ocrx_word' id='word_1_67' title='bbox 911 1077 1052 1136; x_wconf 76' lang='lat' dir='ltr'><strong>imitetur:</strong></span> <span class='ocrx_word' id='word_1_68' title='bbox 1080 1099 1117 1138; x_wconf 87' lang='lat' dir='ltr'><strong>na</strong></span> 
     </span>
     <span class='ocr_line' id='line_1_9' title="bbox 18 1181 1115 1259; baseline 0.005 -23"><span class='ocrx_word' id='word_1_69' title='bbox 18 1181 100 1238; x_wconf 89' lang='lat' dir='ltr'><strong>nihil</strong></span> <span class='ocrx_word' id='word_1_70' title='bbox 126 1192 242 1240; x_wconf 85' lang='lat' dir='ltr'><strong>actum</strong></span> <span class='ocrx_word' id='word_1_71' title='bbox 267 1191 396 1240; x_wconf 76' lang='lat' dir='ltr'><strong>censeret</strong></span> <span class='ocrx_word' id='word_1_72' title='bbox 418 1192 549 1241; x_wconf 89' lang='lat' dir='ltr'><strong>extracta</strong></span> <span class='ocrx_word' id='word_1_73' title='bbox 575 1201 667 1258; x_wconf 86' lang='lat' dir='ltr'><strong>prope</strong></span> <span class='ocrx_word' id='word_1_74' title='bbox 689 1191 789 1240; x_wconf 77' lang='lat' dir='ltr'><strong>{astate</strong></span> <span class='ocrx_word' id='word_1_75' title='bbox 812 1202 865 1259; x_wconf 88' lang='lat' dir='ltr'><strong>per</strong></span> <span class='ocrx_word' id='word_1_76' title='bbox 891 1182 1115 1242; x_wconf 85' lang='lat' dir='ltr'><strong>ludificationem</strong></span> 
     </span>
     <span class='ocr_line' id='line_1_10' title="bbox 19 1275 1116 1364; baseline 0.005 -22"><span class='ocrx_word' id='word_1_77' title='bbox 19 1287 143 1356; x_wconf 87' lang='lat' dir='ltr'><strong>hostis;</strong></span> <span class='ocrx_word' id='word_1_78' title='bbox 175 1287 309 1345; x_wconf 90' lang='lat' dir='ltr'><strong>medicos</strong></span> <span class='ocrx_word' id='word_1_79' title='bbox 333 1275 448 1364; x_wconf 81' lang='lat' dir='ltr'><strong>quoque</strong></span> <span class='ocrx_word' id='word_1_80' title='bbox 466 1288 535 1363; x_wconf 91' lang='lat' dir='ltr'><strong>plus</strong></span> <span class='ocrx_word' id='word_1_81' title='bbox 557 1288 700 1346; x_wconf 87' lang='lat' dir='ltr'><strong>interdum</strong></span> <span class='ocrx_word' id='word_1_82' title='bbox 729 1289 838 1363; x_wconf 84' lang='lat' dir='ltr'><strong>quiete·</strong></span> <span class='ocrx_word' id='word_1_83' title='bbox 855 1306 941 1362; x_wconf 90' lang='lat' dir='ltr'><strong>quam</strong></span> <span class='ocrx_word' id='word_1_84' title='bbox 972 1289 1116 1347; x_wconf 89' lang='lat' dir='ltr'><strong>movendo</strong></span> 
     </span>
     <span class='ocr_line' id='line_1_11' title="bbox 25 1392 1168 1469; baseline 0.004 -22"><span class='ocrx_word' id='word_1_85' title='bbox 25 1401 124 1466; x_wconf 86' lang='lat' dir='ltr'><strong>atque</strong></span> <span class='ocrx_word' id='word_1_86' title='bbox 152 1392 277 1467; x_wconf 82' lang='lat' dir='ltr'><strong>agendo</strong></span> <span class='ocrx_word' id='word_1_87' title='bbox 302 1394 457 1468; x_wconf 86' lang='lat' dir='ltr'><strong>prolicere3</strong></span> <span class='ocrx_word' id='word_1_88' title='bbox 479 1393 558 1450; x_wconf 83' lang='lat' dir='ltr'><strong>haud</strong></span> <span class='ocrx_word' id='word_1_89' title='bbox 579 1411 701 1469; x_wconf 87' lang='lat' dir='ltr'><strong>parvam</strong></span> <span class='ocrx_word' id='word_1_90' title='bbox 723 1412 785 1450; x_wconf 90' lang='lat' dir='ltr'><strong>rem</strong></span> <span class='ocrx_word' id='word_1_91' title='bbox 808 1411 871 1450; x_wconf 88' lang='lat' dir='ltr'><strong>essa</strong></span> <span class='ocrx_word' id='word_1_92' title='bbox 890 1395 927 1451; x_wconf 91' lang='lat' dir='ltr'><strong>ab</strong></span> <span class='ocrx_word' id='word_1_93' title='bbox 950 1395 1035 1453; x_wconf 89' lang='lat' dir='ltr'><strong>toties</strong></span> <span class='ocrx_word' id='word_1_94' title='bbox 1057 1396 1116 1454; x_wconf 88' lang='lat' dir='ltr'><strong>vic·</strong></span> <span class='ocrx_word' id='word_1_95' title='bbox 1132 1397 1168 1453; x_wconf 87' lang='lat' dir='ltr'><strong>to</strong></span> 
     </span>
     <span class='ocr_line' id='line_1_12' title="bbox 23 1496 1114 1576; baseline 0.005 -24"><span class='ocrx_word' id='word_1_96' title='bbox 23 1506 94 1553; x_wconf 88' lang='lat' dir='ltr'><strong>tore</strong></span> <span class='ocrx_word' id='word_1_97' title='bbox 119 1499 220 1554; x_wconf 90' lang='lat' dir='ltr'><strong>hoste</strong></span> <span class='ocrx_word' id='word_1_98' title='bbox 243 1496 321 1553; x_wconf 88' lang='lat' dir='ltr'><strong>vinci</strong></span> <span class='ocrx_word' id='word_1_99' title='bbox 346 1497 454 1554; x_wconf 82' lang='lat' dir='ltr'><strong>desisse</strong></span> <span class='ocrx_word' id='word_1_100' title='bbox 475 1507 504 1554; x_wconf 90' lang='lat' dir='ltr'><strong>et</strong></span> <span class='ocrx_word' id='word_1_101' title='bbox 526 1498 563 1556; x_wconf 83' lang='lat' dir='ltr'><strong>ab</strong></span> <span class='ocrx_word' id='word_1_102' title='bbox 584 1497 727 1555; x_wconf 80' lang='lat' dir='ltr'><strong>continuis</strong></span> <span class='ocrx_word' id='word_1_103' title='bbox 751 1498 880 1558; x_wconf 82' lang='lat' dir='ltr'><strong>cladibus</strong></span> <span class='ocrx_word' id='word_1_104' title='bbox 901 1500 1060 1576; x_wconf 80' lang='lat' dir='ltr'><strong>respirasse</strong></span> <span class='ocrx_word' id='word_1_105' title='bbox 1076 1533 1114 1544; x_wconf 88' lang='lat'><strong>--</strong></span> 
     </span>
     <span class='ocr_line' id='line_1_13' title="bbox 27 1601 1118 1679; baseline 0.005 -21"><span class='ocrx_word' id='word_1_106' title='bbox 27 1602 94 1660; x_wconf 85' lang='lat' dir='ltr'><strong>haec</strong></span> <span class='ocrx_word' id='word_1_107' title='bbox 139 1601 345 1677; x_wconf 86' lang='lat' dir='ltr'><strong>nequicquam</strong></span> <span class='ocrx_word' id='word_1_108' title='bbox 378 1602 549 1678; x_wconf 85' lang='lat' dir='ltr'><strong>praemonito</strong></span> <span class='ocrx_word' id='word_1_109' title='bbox 581 1601 721 1677; x_wconf 83' lang='lat' dir='ltr'><strong>magistro</strong></span> <span class='ocrx_word' id='word_1_110' title='bbox 753 1604 881 1679; x_wconf 88' lang='lat' dir='ltr'><strong>equitum</strong></span> <span class='ocrx_word' id='word_1_111' title='bbox 914 1605 1040 1664; x_wconf 90' lang='lat' dir='ltr'><strong>Romam</strong></span> <span class='ocrx_word' id='word_1_112' title='bbox 1074 1615 1118 1664; x_wconf 88' lang='lat' dir='ltr'><strong>est</strong></span> 
     </span>
     <span class='ocr_line' id='line_1_14' title="bbox 27 1707 207 1782; baseline 0.006 -19"><span class='ocrx_word' id='word_1_113' title='bbox 27 1707 207 1782; x_wconf 81' lang='lat' dir='ltr'><strong>profectus.</strong></span> 
     </span>
    </p>

    <p class='ocr_par' dir='ltr' id='par_1_3' title="bbox 34 1809 1262 3990">
     <span class='ocr_line' id='line_1_15' title="bbox 122 1809 1212 1891; baseline 0.006 -21"><span class='ocrx_word' id='word_1_114' title='bbox 122 1812 285 1889; x_wconf 89' lang='lat' dir='ltr'><strong>Principio</strong></span> <span class='ocrx_word' id='word_1_115' title='bbox 307 1813 426 1884; x_wconf 71' lang='lat' dir='ltr'><strong>estatis,</strong></span> <span class='ocrx_word' id='word_1_116' title='bbox 448 1831 507 1888; x_wconf 90' lang='lat' dir='ltr'><strong>qua</strong></span> <span class='ocrx_word' id='word_1_117' title='bbox 527 1813 589 1870; x_wconf 84' lang='lat' dir='ltr'><strong>haec</strong></span> <span class='ocrx_word' id='word_1_118' title='bbox 613 1814 797 1888; x_wconf 84' lang='lat' dir='ltr'><strong>gerebantur,</strong></span> <span class='ocrx_word' id='word_1_119' title='bbox 818 1814 849 1870; x_wconf 92' lang='lat' dir='ltr'><strong>in</strong></span> <span class='ocrx_word' id='word_1_120' title='bbox 870 1813 1015 1891; x_wconf 88' lang='lat' dir='ltr'><strong>Hispania</strong></span> <span class='ocrx_word' id='word_1_121' title='bbox 1044 1833 1115 1890; x_wconf 89' lang='lat' dir='ltr'><strong>quo·</strong></span> <span class='ocrx_word' id='word_1_122' title='bbox 1172 1809 1212 1877; x_wconf 74' lang='lat'><strong>1⁹</strong></span> 
     </span>
     <span class='ocr_line' id='line_1_16' title="bbox 34 1913 1147 1993; baseline 0.004 -20"><span class='ocrx_word' id='word_1_123' title='bbox 34 1934 94 1990; x_wconf 87' lang='lat' dir='ltr'><strong>que</strong></span> <span class='ocrx_word' id='word_1_124' title='bbox 117 1927 210 1975; x_wconf 88' lang='lat' dir='ltr'><strong>terra</strong></span> <span class='ocrx_word' id='word_1_125' title='bbox 236 1914 383 1992; x_wconf 78' lang='lat' dir='ltr'><strong>marique</strong></span> <span class='ocrx_word' id='word_1_126' title='bbox 398 1913 522 1993; x_wconf 75' lang='lat' dir='ltr'><strong>coeptum</strong></span> <span class='ocrx_word' id='word_1_127' title='bbox 551 1918 658 1976; x_wconf 90' lang='lat' dir='ltr'><strong>bellum</strong></span> <span class='ocrx_word' id='word_1_128' title='bbox 688 1927 740 1976; x_wconf 86' lang='lat' dir='ltr'><strong>eet.</strong></span> <span class='ocrx_word' id='word_1_129' title='bbox 784 1919 954 1976; x_wconf 87' lang='lat' dir='ltr'><strong>Hasdrubal</strong></span> <span class='ocrx_word' id='word_1_130' title='bbox 984 1919 1022 1976; x_wconf 90' lang='lat' dir='ltr'><strong>ad</strong></span> <span class='ocrx_word' id='word_1_131' title='bbox 1051 1921 1147 1977; x_wconf 70' lang='lat' dir='ltr'><strong>euml</strong></span> 
     </span>
     <span class='ocr_line' id='line_1_17' title="bbox 37 2022 1117 2098; baseline 0.004 -20"><span class='ocrx_word' id='word_1_132' title='bbox 37 2023 168 2079; x_wconf 86' lang='lat' dir='ltr'><strong>navium</strong></span> <span class='ocrx_word' id='word_1_133' title='bbox 191 2041 362 2093; x_wconf 84' lang='lat' dir='ltr'><strong>numerum,</strong></span> <span class='ocrx_word' id='word_1_134' title='bbox 392 2041 477 2097; x_wconf 87' lang='lat' dir='ltr'><strong>quern</strong></span> <span class='ocrx_word' id='word_1_135' title='bbox 500 2041 518 2080; x_wconf 84' lang='lat' dir='ltr'><strong>a</strong></span> <span class='ocrx_word' id='word_1_136' title='bbox 539 2022 629 2080; x_wconf 84' lang='lat' dir='ltr'><strong>fratre</strong></span> <span class='ocrx_word' id='word_1_137' title='bbox 656 2024 826 2082; x_wconf 88' lang='lat' dir='ltr'><strong>instructum</strong></span> <span class='ocrx_word' id='word_1_138' title='bbox 853 2033 1047 2098; x_wconf 87' lang='lat' dir='ltr'><strong>paratumque</strong></span> <span class='ocrx_word' id='word_1_139' title='bbox 1069 2043 1117 2082; x_wconf 86' lang='lat' dir='ltr'><strong>ac·</strong></span> 
     </span>
     <span class='ocr_line' id='line_1_18' title="bbox 40 2117 1262 2202; baseline 0.004 -19"><span class='ocrx_word' id='word_1_140' title='bbox 40 2137 177 2202; x_wconf 84' lang='lat' dir='ltr'><strong>ceperat,</strong></span> <span class='ocrx_word' id='word_1_141' title='bbox 204 2127 302 2184; x_wconf 89' lang='lat' dir='ltr'><strong>decem</strong></span> <span class='ocrx_word' id='word_1_142' title='bbox 326 2127 444 2197; x_wconf 84' lang='lat' dir='ltr'><strong>adiecit3</strong></span> <span class='ocrx_word' id='word_1_143' title='bbox 467 2128 661 2202; x_wconf 80' lang='lat' dir='ltr'><strong>quadraginta</strong></span> <span class='ocrx_word' id='word_1_144' title='bbox 682 2126 800 2184; x_wconf 83' lang='lat' dir='ltr'><strong>narium</strong></span> <span class='ocrx_word' id='word_1_145' title='bbox 824 2127 945 2186; x_wconf 86' lang='lat' dir='ltr'><strong>classem</strong></span> <span class='ocrx_word' id='word_1_146' title='bbox 960 2128 1148 2188; x_wconf 84' lang='lat' dir='ltr'><strong>Himilconi3</strong></span> <span class='ocrx_word' id='word_1_147' title='bbox 1206 2137 1209 2143; x_wconf 90' lang='lat'>&#39;</span> <span class='ocrx_word' id='word_1_148' title='bbox 1256 2117 1262 2124; x_wconf 59' lang='grc'><em>’</em></span> 
     </span>
     <span class='ocr_line' id='line_1_19' title="bbox 43 2231 1118 2310; baseline 0.005 -23"><span class='ocrx_word' id='word_1_149' title='bbox 43 2233 153 2305; x_wconf 78' lang='lat' dir='ltr'><strong>tradit,</strong></span> <span class='ocrx_word' id='word_1_150' title='bbox 190 2243 278 2307; x_wconf 87' lang='lat' dir='ltr'><strong>atque</strong></span> <span class='ocrx_word' id='word_1_151' title='bbox 311 2233 354 2290; x_wconf 89' lang='lat' dir='ltr'><strong>ita</strong></span> <span class='ocrx_word' id='word_1_152' title='bbox 380 2231 558 2307; x_wconf 85' lang='lat' dir='ltr'><strong>Carthagine</strong></span> <span class='ocrx_word' id='word_1_153' title='bbox 587 2231 734 2307; x_wconf 87' lang='lat' dir='ltr'><strong>profectus</strong></span> <span class='ocrx_word' id='word_1_154' title='bbox 761 2251 852 2290; x_wconf 85' lang='lat' dir='ltr'><strong>naves</strong></span> <span class='ocrx_word' id='word_1_155' title='bbox 880 2252 971 2310; x_wconf 87' lang='lat' dir='ltr'><strong>prope</strong></span> <span class='ocrx_word' id='word_1_156' title='bbox 1000 2243 1118 2306; x_wconf 84' lang='lat' dir='ltr'><strong>terram,</strong></span> 
     </span>
     <span class='ocr_line' id='line_1_20' title="bbox 48 2337 1119 2414; baseline 0.003 -21"><span class='ocrx_word' id='word_1_157' title='bbox 48 2339 212 2398; x_wconf 86' lang='lat' dir='ltr'><strong>exercitum</strong></span> <span class='ocrx_word' id='word_1_158' title='bbox 233 2339 264 2395; x_wconf 92' lang='lat' dir='ltr'><strong>in</strong></span> <span class='ocrx_word' id='word_1_159' title='bbox 299 2338 384 2394; x_wconf 86' lang='lat' dir='ltr'><strong>litore</strong></span> <span class='ocrx_word' id='word_1_160' title='bbox 417 2337 555 2406; x_wconf 72' lang='lat' dir='ltr'><strong>ducebat,</strong></span> <span class='ocrx_word' id='word_1_161' title='bbox 588 2345 709 2411; x_wconf 89' lang='lat' dir='ltr'><strong>paratus</strong></span> <span class='ocrx_word' id='word_1_162' title='bbox 744 2338 912 2414; x_wconf 76' lang='lat' dir='ltr'><strong>confligere,</strong></span> <span class='ocrx_word' id='word_1_163' title='bbox 947 2357 1119 2414; x_wconf 85' lang='lat' dir='ltr'><strong>quacunque</strong></span> 
     </span>
     <span class='ocr_line' id='line_1_21' title="bbox 47 2440 1151 2520; baseline 0.003 -21"><span class='ocrx_word' id='word_1_164' title='bbox 47 2453 134 2516; x_wconf 87' lang='lat' dir='ltr'><strong>parte</strong></span> <span class='ocrx_word' id='word_1_165' title='bbox 176 2444 327 2519; x_wconf 89' lang='lat' dir='ltr'><strong>copiarum</strong></span> <span class='ocrx_word' id='word_1_166' title='bbox 370 2441 462 2499; x_wconf 88' lang='lat' dir='ltr'><strong>hostis</strong></span> <span class='ocrx_word' id='word_1_167' title='bbox 506 2442 687 2501; x_wconf 88' lang='lat' dir='ltr'><strong>occurrisset.</strong></span> <span class='ocrx_word' id='word_1_168' title='bbox 744 2440 797 2504; x_wconf 85' lang='lat' dir='ltr'><strong>Cn.</strong></span> <span class='ocrx_word' id='word_1_169' title='bbox 831 2442 929 2520; x_wconf 89' lang='lat' dir='ltr'><strong>Scipio</strong></span> <span class='ocrx_word' id='word_1_170' title='bbox 962 2447 1151 2520; x_wconf 70' lang='lat' dir='ltr'><strong>postquami</strong></span> 
     </span>
     <span class='ocr_line' id='line_1_22' title="bbox 51 2547 1115 2624; baseline 0.003 -22"><span class='ocrx_word' id='word_1_171' title='bbox 51 2549 182 2607; x_wconf 87' lang='lat' dir='ltr'><strong>movisse</strong></span> <span class='ocrx_word' id='word_1_172' title='bbox 207 2567 244 2606; x_wconf 87' lang='lat' dir='ltr'><strong>ex</strong></span> <span class='ocrx_word' id='word_1_173' title='bbox 268 2547 395 2604; x_wconf 90' lang='lat' dir='ltr'><strong>hibernis</strong></span> <span class='ocrx_word' id='word_1_174' title='bbox 419 2548 532 2605; x_wconf 90' lang='lat' dir='ltr'><strong>hostem</strong></span> <span class='ocrx_word' id='word_1_175' title='bbox 555 2548 675 2618; x_wconf 70' lang='lat' dir='ltr'><strong>audivit,</strong></span> <span class='ocrx_word' id='word_1_176' title='bbox 697 2549 791 2624; x_wconf 90' lang='lat' dir='ltr'><strong>primo</strong></span> <span class='ocrx_word' id='word_1_177' title='bbox 813 2549 890 2606; x_wconf 87' lang='lat' dir='ltr'><strong>idem</strong></span> <span class='ocrx_word' id='word_1_178' title='bbox 913 2548 1023 2606; x_wconf 90' lang='lat' dir='ltr'><strong>consilii</strong></span> <span class='ocrx_word' id='word_1_179' title='bbox 1045 2547 1115 2619; x_wconf 70' lang='lat' dir='ltr'><strong>suia</strong></span> 
     </span>
     <span class='ocr_line' id='line_1_23' title="bbox 51 2651 1120 2728; baseline 0.001 -20"><span class='ocrx_word' id='word_1_180' title='bbox 51 2652 157 2711; x_wconf 89' lang='lat' dir='ltr'><strong>deinde</strong></span> <span class='ocrx_word' id='word_1_181' title='bbox 187 2654 282 2710; x_wconf 86' lang='lat' dir='ltr'><strong>minus</strong></span> <span class='ocrx_word' id='word_1_182' title='bbox 305 2661 383 2710; x_wconf 88' lang='lat' dir='ltr'><strong>terra</strong></span> <span class='ocrx_word' id='word_1_183' title='bbox 409 2661 529 2727; x_wconf 91' lang='lat' dir='ltr'><strong>propter</strong></span> <span class='ocrx_word' id='word_1_184' title='bbox 548 2653 694 2728; x_wconf 88' lang='lat' dir='ltr'><strong>ingentem</strong></span> <span class='ocrx_word' id='word_1_185' title='bbox 726 2653 837 2712; x_wconf 86' lang='lat' dir='ltr'><strong>famam</strong></span> <span class='ocrx_word' id='word_1_186' title='bbox 863 2673 1005 2712; x_wconf 80' lang='lat' dir='ltr'><strong>novorum</strong></span> <span class='ocrx_word' id='word_1_187' title='bbox 1037 2651 1120 2710; x_wconf 88' lang='lat' dir='ltr'><strong>auxi·</strong></span> 
     </span>
     <span class='ocr_line' id='line_1_24' title="bbox 53 2758 1120 2834; baseline 0.002 -20"><span class='ocrx_word' id='word_1_188' title='bbox 53 2758 157 2817; x_wconf 90' lang='lat' dir='ltr'><strong>liorum</strong></span> <span class='ocrx_word' id='word_1_189' title='bbox 188 2777 359 2817; x_wconf 88' lang='lat' dir='ltr'><strong>concurrere</strong></span> <span class='ocrx_word' id='word_1_190' title='bbox 386 2777 488 2825; x_wconf 81' lang='lat' dir='ltr'><strong>ausus,</strong></span> <span class='ocrx_word' id='word_1_191' title='bbox 523 2759 634 2816; x_wconf 85' lang='lat' dir='ltr'><strong>delecto</strong></span> <span class='ocrx_word' id='word_1_192' title='bbox 667 2759 755 2816; x_wconf 88' lang='lat' dir='ltr'><strong>milite</strong></span> <span class='ocrx_word' id='word_1_193' title='bbox 785 2761 821 2818; x_wconf 87' lang='lat' dir='ltr'><strong>ad</strong></span> <span class='ocrx_word' id='word_1_194' title='bbox 851 2777 941 2818; x_wconf 87' lang='lat' dir='ltr'><strong>naves</strong></span> <span class='ocrx_word' id='word_1_195' title='bbox 972 2759 1120 2834; x_wconf 87' lang='lat' dir='ltr'><strong>imposito,</strong></span> 
     </span>
     <span class='ocr_line' id='line_1_25' title="bbox 55 2864 1119 2941; baseline 0.003 -21"><span class='ocrx_word' id='word_1_196' title='bbox 55 2865 185 2941; x_wconf 87' lang='lat' dir='ltr'><strong>quinque</strong></span> <span class='ocrx_word' id='word_1_197' title='bbox 217 2876 245 2922; x_wconf 92' lang='lat' dir='ltr'><strong>et</strong></span> <span class='ocrx_word' id='word_1_198' title='bbox 274 2864 392 2939; x_wconf 85' lang='lat' dir='ltr'><strong>triginta</strong></span> <span class='ocrx_word' id='word_1_199' title='bbox 419 2864 536 2920; x_wconf 85' lang='lat' dir='ltr'><strong>navium</strong></span> <span class='ocrx_word' id='word_1_200' title='bbox 565 2865 658 2921; x_wconf 89' lang='lat' dir='ltr'><strong>classe</strong></span> <span class='ocrx_word' id='word_1_201' title='bbox 691 2865 734 2922; x_wconf 89' lang='lat' dir='ltr'><strong>ire</strong></span> <span class='ocrx_word' id='word_1_202' title='bbox 766 2867 883 2924; x_wconf 89' lang='lat' dir='ltr'><strong>obviam</strong></span> <span class='ocrx_word' id='word_1_203' title='bbox 912 2865 988 2922; x_wconf 91' lang='lat' dir='ltr'><strong>hosti</strong></span> <span class='ocrx_word' id='word_1_204' title='bbox 1015 2864 1119 2940; x_wconf 82' lang='lat' dir='ltr'><strong>pergit.</strong></span> 
     </span>
     <span class='ocr_line' id='line_1_26' title="bbox 58 2969 1151 3045; baseline 0 -20"><span class='ocrx_word' id='word_1_205' title='bbox 58 2970 158 3028; x_wconf 84' lang='lat' dir='ltr'><strong>Altero</strong></span> <span class='ocrx_word' id='word_1_206' title='bbox 187 2971 224 3028; x_wconf 91' lang='lat' dir='ltr'><strong>ab</strong></span> <span class='ocrx_word' id='word_1_207' title='bbox 246 2972 416 3028; x_wconf 85' lang='lat' dir='ltr'><strong>Tarracone</strong></span> <span class='ocrx_word' id='word_1_208' title='bbox 438 2969 484 3028; x_wconf 87' lang='lat' dir='ltr'><strong>dic</strong></span> <span class='ocrx_word' id='word_1_209' title='bbox 505 2969 546 3024; x_wconf 85' lang='lat' dir='ltr'><strong>ad</strong></span> <span class='ocrx_word' id='word_1_210' title='bbox 565 2969 718 3026; x_wconf 84' lang='lat' dir='ltr'><strong>stationem</strong></span> <span class='ocrx_word' id='word_1_211' title='bbox 742 2971 841 3028; x_wconf 89' lang='lat' dir='ltr'><strong>decem</strong></span> <span class='ocrx_word' id='word_1_212' title='bbox 870 2970 960 3027; x_wconf 87' lang='lat' dir='ltr'><strong>millia</strong></span> <span class='ocrx_word' id='word_1_213' title='bbox 981 2973 1151 3045; x_wconf 84' lang='lat' dir='ltr'><strong>passuum5</strong></span> 
     </span>
     <span class='ocr_line' id='line_1_27' title="bbox 59 3056 1120 3148; baseline 0.002 -20"><span class='ocrx_word' id='word_1_214' title='bbox 59 3073 210 3133; x_wconf 85' lang='lat' dir='ltr'><strong>distantem</strong></span> <span class='ocrx_word' id='word_1_215' title='bbox 235 3076 273 3132; x_wconf 88' lang='lat' dir='ltr'><strong>ab</strong></span> <span class='ocrx_word' id='word_1_216' title='bbox 296 3075 371 3132; x_wconf 89' lang='lat' dir='ltr'><strong>ostio</strong></span> <span class='ocrx_word' id='word_1_217' title='bbox 392 3073 496 3132; x_wconf 85' lang='lat' dir='ltr'><strong>Hiberi</strong></span> <span class='ocrx_word' id='word_1_218' title='bbox 526 3072 619 3130; x_wconf 85' lang='lat' dir='ltr'><strong>amnis</strong></span> <span class='ocrx_word' id='word_1_219' title='bbox 647 3075 787 3148; x_wconf 84' lang='lat' dir='ltr'><strong>pervenit.</strong></span> <span class='ocrx_word' id='word_1_220' title='bbox 835 3075 907 3132; x_wconf 90' lang='lat' dir='ltr'><strong>Inda</strong></span> <span class='ocrx_word' id='word_1_221' title='bbox 929 3056 993 3132; x_wconf 77' lang='lat' dir='ltr'><strong>duae</strong></span> <span class='ocrx_word' id='word_1_222' title='bbox 1014 3073 1120 3132; x_wconf 87' lang='lat' dir='ltr'><strong>Massi·</strong></span> 
     </span>
     <span class='ocr_line' id='line_1_28' title="bbox 59 3177 1118 3260; baseline 0.002 -27"><span class='ocrx_word' id='word_1_223' title='bbox 59 3177 187 3260; x_wconf 76' lang='lat' dir='ltr'><strong>liensium</strong></span> <span class='ocrx_word' id='word_1_224' title='bbox 221 3181 422 3256; x_wconf 82' lang='lat' dir='ltr'><strong>speculatoriae</strong></span> <span class='ocrx_word' id='word_1_225' title='bbox 459 3178 614 3256; x_wconf 84' lang='lat' dir='ltr'><strong>praemissae</strong></span> <span class='ocrx_word' id='word_1_226' title='bbox 645 3178 786 3248; x_wconf 85' lang='lat' dir='ltr'><strong>retulere,</strong></span> <span class='ocrx_word' id='word_1_227' title='bbox 823 3177 945 3236; x_wconf 85' lang='lat' dir='ltr'><strong>classem</strong></span> <span class='ocrx_word' id='word_1_228' title='bbox 978 3179 1118 3238; x_wconf 86' lang='lat' dir='ltr'><strong>Punicam</strong></span> 
     </span>
     <span class='ocr_line' id='line_1_29' title="bbox 62 3275 1152 3360; baseline 0 -21"><span class='ocrx_word' id='word_1_229' title='bbox 62 3292 135 3341; x_wconf 86' lang='lat' dir='ltr'><strong>stare</strong></span> <span class='ocrx_word' id='word_1_230' title='bbox 164 3275 194 3341; x_wconf 90' lang='lat' dir='ltr'><strong>in</strong></span> <span class='ocrx_word' id='word_1_231' title='bbox 223 3285 298 3343; x_wconf 89' lang='lat' dir='ltr'><strong>ostio</strong></span> <span class='ocrx_word' id='word_1_232' title='bbox 320 3286 445 3342; x_wconf 88' lang='lat' dir='ltr'><strong>fluminis</strong></span> <span class='ocrx_word' id='word_1_233' title='bbox 474 3292 628 3358; x_wconf 89' lang='lat' dir='ltr'><strong>castraque</strong></span> <span class='ocrx_word' id='word_1_234' title='bbox 653 3284 682 3340; x_wconf 91' lang='lat' dir='ltr'><strong>in</strong></span> <span class='ocrx_word' id='word_1_235' title='bbox 709 3283 774 3359; x_wconf 88' lang='lat' dir='ltr'><strong>ripa</strong></span> <span class='ocrx_word' id='word_1_236' title='bbox 799 3285 903 3359; x_wconf 84' lang='lat' dir='ltr'><strong>posita.</strong></span> <span class='ocrx_word' id='word_1_237' title='bbox 955 3285 1061 3360; x_wconf 82' lang='lat' dir='ltr'><strong>ltaque</strong></span> <span class='ocrx_word' id='word_1_238' title='bbox 1088 3284 1152 3340; x_wconf 80' lang='lat' dir='ltr'><strong>uto</strong></span> 
     </span>
     <span class='ocr_line' id='line_1_30' title="bbox 62 3385 1176 3465; baseline 0.003 -24"><span class='ocrx_word' id='word_1_239' title='bbox 62 3385 237 3464; x_wconf 88' lang='lat' dir='ltr'><strong>improvidos</strong></span> <span class='ocrx_word' id='word_1_240' title='bbox 265 3390 455 3465; x_wconf 85' lang='lat' dir='ltr'><strong>incautosque</strong></span> <span class='ocrx_word' id='word_1_241' title='bbox 487 3389 622 3446; x_wconf 90' lang='lat' dir='ltr'><strong>universo</strong></span> <span class='ocrx_word' id='word_1_242' title='bbox 657 3389 741 3445; x_wconf 88' lang='lat' dir='ltr'><strong>simul</strong></span> <span class='ocrx_word' id='word_1_243' title='bbox 763 3387 857 3446; x_wconf 85' lang='lat' dir='ltr'><strong>effuso</strong></span> <span class='ocrx_word' id='word_1_244' title='bbox 888 3400 998 3446; x_wconf 87' lang='lat' dir='ltr'><strong>terrore</strong></span> <span class='ocrx_word' id='word_1_245' title='bbox 1021 3387 1120 3463; x_wconf 91' lang='lat' dir='ltr'><strong>oppri·</strong></span> <span class='ocrx_word' id='word_1_246' title='bbox 1174 3402 1176 3406; x_wconf 84' lang='grc'><strong>’</strong></span> 
     </span>
     <span class='ocr_line' id='line_1_31' title="bbox 64 3493 1120 3566; baseline 0 -17"><span class='ocrx_word' id='word_1_247' title='bbox 64 3507 164 3566; x_wconf 82' lang='lat' dir='ltr'><strong>meret,</strong></span> <span class='ocrx_word' id='word_1_248' title='bbox 197 3495 319 3552; x_wconf 91' lang='lat' dir='ltr'><strong>sublatis</strong></span> <span class='ocrx_word' id='word_1_249' title='bbox 352 3495 466 3552; x_wconf 87' lang='lat' dir='ltr'><strong>ancoris</strong></span> <span class='ocrx_word' id='word_1_250' title='bbox 495 3495 533 3550; x_wconf 90' lang='lat' dir='ltr'><strong>ad</strong></span> <span class='ocrx_word' id='word_1_251' title='bbox 565 3495 676 3551; x_wconf 87' lang='lat' dir='ltr'><strong>hostem</strong></span> <span class='ocrx_word' id='word_1_252' title='bbox 707 3493 796 3553; x_wconf 70' lang='lat' dir='ltr'><strong>vadit.</strong></span> <span class='ocrx_word' id='word_1_253' title='bbox 850 3494 959 3552; x_wconf 86' lang='lat' dir='ltr'><strong>Multas</strong></span> <span class='ocrx_word' id='word_1_254' title='bbox 989 3503 1018 3551; x_wconf 89' lang='lat' dir='ltr'><strong>et</strong></span> <span class='ocrx_word' id='word_1_255' title='bbox 1048 3493 1120 3550; x_wconf 85' lang='lat' dir='ltr'><strong>locis</strong></span> 
     </span>
     <span class='ocr_line' id='line_1_32' title="bbox 67 3576 1122 3675; baseline 0 -23"><span class='ocrx_word' id='word_1_256' title='bbox 67 3598 124 3656; x_wconf 87' lang='lat' dir='ltr'><strong>ultis</strong></span> <span class='ocrx_word' id='word_1_257' title='bbox 154 3601 266 3675; x_wconf 89' lang='lat' dir='ltr'><strong>positas</strong></span> <span class='ocrx_word' id='word_1_258' title='bbox 297 3608 392 3656; x_wconf 86' lang='lat' dir='ltr'><strong>turres</strong></span> <span class='ocrx_word' id='word_1_259' title='bbox 423 3599 568 3674; x_wconf 90' lang='lat' dir='ltr'><strong>Hispania</strong></span> <span class='ocrx_word' id='word_1_260' title='bbox 599 3576 701 3670; x_wconf 84' lang='lat' dir='ltr'><strong>habet,</strong></span> <span class='ocrx_word' id='word_1_261' title='bbox 735 3600 839 3674; x_wconf 89' lang='lat' dir='ltr'><strong>quibus</strong></span> <span class='ocrx_word' id='word_1_262' title='bbox 878 3609 906 3656; x_wconf 92' lang='lat' dir='ltr'><strong>et</strong></span> <span class='ocrx_word' id='word_1_263' title='bbox 939 3599 1063 3675; x_wconf 88' lang='lat' dir='ltr'><strong>speculis</strong></span> <span class='ocrx_word' id='word_1_264' title='bbox 1093 3607 1122 3653; x_wconf 90' lang='lat' dir='ltr'><strong>at</strong></span> 
     </span>
     <span class='ocr_line' id='line_1_33' title="bbox 68 3701 1151 3781; baseline -0.004 -22"><span class='ocrx_word' id='word_1_265' title='bbox 68 3705 284 3781; x_wconf 87' lang='lat' dir='ltr'><strong>propugnaculis</strong></span> <span class='ocrx_word' id='word_1_266' title='bbox 315 3704 455 3760; x_wconf 87' lang='lat' dir='ltr'><strong>adversus</strong></span> <span class='ocrx_word' id='word_1_267' title='bbox 489 3704 615 3761; x_wconf 89' lang='lat' dir='ltr'><strong>latrones</strong></span> <span class='ocrx_word' id='word_1_268' title='bbox 647 3712 774 3764; x_wconf 86' lang='lat' dir='ltr'><strong>utuntur.</strong></span> <span class='ocrx_word' id='word_1_269' title='bbox 829 3703 904 3761; x_wconf 91' lang='lat' dir='ltr'><strong>Inde</strong></span> <span class='ocrx_word' id='word_1_270' title='bbox 930 3701 1024 3776; x_wconf 91' lang='lat' dir='ltr'><strong>primo</strong></span> <span class='ocrx_word' id='word_1_271' title='bbox 1052 3702 1151 3756; x_wconf 83' lang='lat' dir='ltr'><strong>con-7</strong></span> 
     </span>
     <span class='ocr_line' id='line_1_34' title="bbox 68 3782 1121 3890; baseline -0.008 -23"><span class='ocrx_word' id='word_1_272' title='bbox 68 3811 163 3882; x_wconf 81' lang='lat' dir='ltr'><strong>spectis</strong></span> <span class='ocrx_word' id='word_1_273' title='bbox 183 3782 311 3867; x_wconf 76' lang='lat' dir='ltr'><strong>hostium</strong></span> <span class='ocrx_word' id='word_1_274' title='bbox 334 3809 466 3878; x_wconf 77' lang='lat' dir='ltr'><strong>navibus,</strong></span> <span class='ocrx_word' id='word_1_275' title='bbox 488 3810 592 3890; x_wconf 22' lang='lat' dir='ltr'><strong>datum·</strong></span> <span class='ocrx_word' id='word_1_276' title='bbox 612 3808 726 3883; x_wconf 85' lang='lat' dir='ltr'><strong>signum</strong></span> <span class='ocrx_word' id='word_1_277' title='bbox 741 3805 921 3865; x_wconf 88' lang='lat' dir='ltr'><strong>Hasdrubali</strong></span> <span class='ocrx_word' id='word_1_278' title='bbox 943 3814 995 3873; x_wconf 82' lang='lat' dir='ltr'><strong>est,</strong></span> <span class='ocrx_word' id='word_1_279' title='bbox 1016 3803 1121 3860; x_wconf 91' lang='lat' dir='ltr'><strong>tumul·</strong></span> 
     </span>
     <span class='ocr_line' id='line_1_35' title="bbox 70 3910 1122 3990; baseline -0.002 -22"><span class='ocrx_word' id='word_1_280' title='bbox 70 3921 162 3990; x_wconf 85' lang='lat' dir='ltr'><strong>tuaque</strong></span> <span class='ocrx_word' id='word_1_281' title='bbox 184 3915 264 3990; x_wconf 87' lang='lat' dir='ltr'><strong>prius</strong></span> <span class='ocrx_word' id='word_1_282' title='bbox 286 3915 414 3972; x_wconf 88' lang='lat' dir='ltr'><strong>interra</strong></span> <span class='ocrx_word' id='word_1_283' title='bbox 442 3923 470 3970; x_wconf 89' lang='lat' dir='ltr'><strong>et</strong></span> <span class='ocrx_word' id='word_1_284' title='bbox 491 3913 593 3970; x_wconf 87' lang='lat' dir='ltr'><strong>castris</strong></span> <span class='ocrx_word' id='word_1_285' title='bbox 621 3930 707 3986; x_wconf 86' lang='lat' dir='ltr'><strong>quam</strong></span> <span class='ocrx_word' id='word_1_286' title='bbox 732 3913 769 3968; x_wconf 91' lang='lat' dir='ltr'><strong>ad</strong></span> <span class='ocrx_word' id='word_1_287' title='bbox 797 3929 878 3968; x_wconf 86' lang='lat' dir='ltr'><strong>mare</strong></span> <span class='ocrx_word' id='word_1_288' title='bbox 906 3919 935 3966; x_wconf 92' lang='lat' dir='ltr'><strong>et</strong></span> <span class='ocrx_word' id='word_1_289' title='bbox 962 3910 999 3966; x_wconf 89' lang='lat' dir='ltr'><strong>ad</strong></span> <span class='ocrx_word' id='word_1_290' title='bbox 1031 3925 1122 3966; x_wconf 87' lang='lat' dir='ltr'><strong>naves</strong></span> 
     </span>
    </p>
   </div>
   <div class='ocr_carea' id='block_1_3' title="bbox 71 4013 1122 4093">
    <p class='ocr_par' dir='ltr' id='par_1_4' title="bbox 71 4013 1122 4093">
     <span class='ocr_line' id='line_1_36' title="bbox 71 4013 1122 4093; baseline -0.005 -18"><span class='ocrx_word' id='word_1_291' title='bbox 71 4031 107 4077; x_wconf 88' lang='lat' dir='ltr'><strong>est</strong></span> <span class='ocrx_word' id='word_1_292' title='bbox 126 4031 214 4090; x_wconf 85' lang='lat' dir='ltr'><strong>ortus,</strong></span> <span class='ocrx_word' id='word_1_293' title='bbox 233 4020 361 4077; x_wconf 90' lang='lat' dir='ltr'><strong>nondum</strong></span> <span class='ocrx_word' id='word_1_294' title='bbox 385 4028 436 4076; x_wconf 86' lang='lat' dir='ltr'><strong>aut</strong></span> <span class='ocrx_word' id='word_1_295' title='bbox 456 4019 541 4093; x_wconf 92' lang='lat' dir='ltr'><strong>pulsu</strong></span> <span class='ocrx_word' id='word_1_296' title='bbox 567 4035 714 4075; x_wconf 83' lang='lat' dir='ltr'><strong>remorum</strong></span> <span class='ocrx_word' id='word_1_297' title='bbox 735 4014 914 4090; x_wconf 86' lang='lat' dir='ltr'><strong>strepituque</strong></span> <span class='ocrx_word' id='word_1_298' title='bbox 928 4013 986 4072; x_wconf 90' lang='lat' dir='ltr'><strong>alio</strong></span> <span class='ocrx_word' id='word_1_299' title='bbox 1006 4014 1122 4072; x_wconf 85' lang='lat' dir='ltr'><strong>nautico</strong></span> 
     </span>
    </p>
   </div>
   <div class='ocr_carea' id='block_1_4' title="bbox 0 0 1414 4552">
    <p class='ocr_par' dir='ltr' id='par_1_5' title="bbox 0 0 1414 4552">
     <span class='ocr_line' id='line_1_37' title="bbox 0 0 1414 4552; baseline 0 0"><span class='ocrx_word' id='word_1_300' title='bbox 0 0 1414 4552; x_wconf 95' lang='lat' dir='ltr'><strong> </strong></span> 
     </span>
    </p>
   </div>
  </div>
 </body>
</html>
