2680 4546
287 235 346 293 272
558 229 639 282 Liber
654 229 743 282 XXV.
780 230 825 296 (Δ.
839 244 866 284 ι.
880 246 904 280 c.
918 231 995 294 Μ.)

245 435 295 476 eos
316 415 465 493 profectus
495 433 602 490 magno
631 433 720 489 opere
750 409 1021 472 monuisse'duces
1052 414 1179 485 dicitur,
1212 431 1251 469 ne
1277 442 1278 459 2
1306 465 1307 472 ,

195 531 327 588 ηεοηιο
348 541 379 581 sc
401 539 467 580 cum
487 521 572 577 hoste
593 537 697 576 manus
723 528 917 576 consererent.
960 519 998 576 Id
1030 521 1125 577 ambo
1147 537 1229 594 sagra
1255 548 1259 567 ·
1281 529 1306 557 Ψ

246 631 342 696 duces,
365 627 458 702 magis
481 626 606 696 Hanno,
634 625 693 682 iam
721 633 790 682 ante
811 626 915 682 anxias
935 624 1034 699 gloria
1058 625 1140 682 eius:
1168 625 1287 682 Mutt'

245 733 301 792 sibi
333 732 450 788 modum
483 728 597 802 iacere,
628 729 798 805 degenerem
835 729 941 787 Afrum
974 730 1156 805 imperatori
1198 729 1235 787 C:
1305 749 1308 777 1

198 847 232 902 13
245 838 382 914 giniensi,
411 835 499 893 misso
520 837 558 893 ab
580 845 682 892 senatu
704 829 888 910 populoqnel
918 833 1110 912 Is'perpulit
1142 845 1286 892 cunctas

246 942 410 1019 Epicyden,
442 951 474 999 ut
505 939 679 1016 transgressi
706 942 813 998 flumen
843 940 874 997 in
905 938 998 997 aciem
1034 942 1170 998 exirent:
1201 959 1268 1006 nam

247 1049 400 1106 Muttinem
431 1047 632 1122 opperirentur
658 1055 687 1102 et
714 1044 842 1102 secunda
870 1065 976 1120 pugnas
1005 1045 1137 1104 fortuna
1175 1044 1280 1102 evcn‘
1306 1025 1307 1028 Ἴ

150 1157 191 1224 41
247 1154 323 1211 haud
346 1152 433 1210 dubie
455 1151 587 1208 Muttinis
607 1151 731 1226 gloriam
753 1149 826 1213 fore.
874 1151 1038 1209 Enimvero
1062 1152 1223 1227 indignum
1246 1167 1288 1205 rs

243 1259 417 1326 Marcellus,
450 1275 495 1328 se,
529 1256 578 1330 qui
600 1255 795 1312 Hannibalem
828 1256 983 1313 subnixum
1016 1257 1152 1315 victoria
1183 1252 1302 1314 Caua

247 1367 285 1422 ab
306 1365 386 1422 Nola
418 1362 585 1438 repulisset,
615 1361 661 1418 hia
693 1371 770 1418 terra
799 1361 931 1436 marique
958 1361 1046 1419 victis
1074 1364 1117 1420 ab
1140 1381 1175 1418 se
1196 1363 1282 1419 hosti

198 1455 199 1460 ἵ
248 1470 363 1538 cedere,
397 1487 480 1525 arma
507 1486 632 1543 propere
662 1485 767 1541 capere
797 1465 901 1524 milites
933 1477 963 1524 ct
992 1465 1095 1524 efferri
1120 1467 1213 1542 signa
1239 1484 1294 1523 mu

217 1573 407 1636 2Instrucnti
428 1573 586 1630 exercitum
610 1573 708 1629 decem
732 1570 831 1628 effusis
853 1570 935 1646 equis
960 1571 1108 1630 advolant
1140 1593 1180 1630 ex
1202 1573 1301 1630 hostin

249 1677 311 1734 acie
332 1677 468 1736 Numidae
488 1677 663 1748 nuntiantes,
685 1677 842 1752 populares
863 1695 947 1748 suos,
968 1678 1098 1752 primum
1124 1699 1164 1735 ea
1186 1677 1301 1735 seditio

249 1793 359 1855 motos,
389 1801 447 1858 qua
468 1784 589 1841 trecenti
615 1801 652 1840 ex
681 1787 802 1839 numero
832 1800 885 1838 suo
913 1783 1114 1840 concesserint
1138 1785 1299 1841 Heraclea

218 1891 315 1952 ddein
335 1880 426 1964 'quod
455 1887 621 1963 prefectum
651 1905 735 1945 suum
757 1889 795 1945 ab
817 1887 1049 1945 obtrectantibus
1075 1871 1208 1946 ducibus
1229 1891 1274 1966 glo
1288 1889 1308 1935 'a

250 1996 311 2070 eius
332 1995 386 2052 sub
407 1995 502 2070 ipsam
524 1994 689 2050 certaminis
711 1994 786 2050 diem
812 1992 978 2067 ablegatum
1004 1992 1146 2066 videant,
1178 1996 1274 2070 quictu
1293 2022 1303 2041 ·‹

220 2101 280 2163 4in
300 2117 408 2175 pugna.
452 2099 534 2158 Gens
563 2099 655 2157 fallax
685 2100 823 2176 promissi
850 2100 936 2156 fidem
963 2098 1108 2173 praestitit.
1163 2102 1268 2175 Itaque
1296 2126 1314 2147 ν

250 2205 391 2264 Romanis
414 2204 505 2262 crevit
527 2205 655 2275 animus,
683 2205 784 2262 nunt-ic
814 2204 900 2262 celeri
927 2223 980 2280 per
1002 2205 1123 2263 ordines
1148 2207 1255 2278 misso,
1273 2207 1313 2262 da·

250 2310 380 2366 stitutum
413 2311 450 2367 ab
482 2310 579 2384 equite
614 2305 727 2367 hostem
760 2327 838 2382 esse,
875 2327 960 2384 quem
994 2313 1125 2370 maxime
1161 2314 1314 2382 timuerant,

202 2424 280 2494 ,5et
315 2415 406 2472 territi
441 2417 553 2486 hostes,
590 2425 783 2492 praeterquam
820 2417 898 2492 quod
928 2416 1059 2472 maxima
1097 2428 1189 2492 parte
1223 2418 1311 2474 virium

252 2541 369 2579 suarum
391 2540 450 2578 non
471 2522 663 2592 iuvabantur,
686 2523 791 2580 timore
812 2523 899 2579 etiam
920 2521 1054 2593 incusso,
1085 2541 1123 2580 ne
1151 2525 1192 2580 ab
1214 2531 1310 2580 suomet

221 2625 308 2701 6ipsi
342 2627 439 2700 equite
471 2637 718 2703 oppugnarentur.
773 2629 878 2706 Itaque
910 2627 989 2684 haud
1018 2620 1125 2702 ‘magni
1160 2629 1309 2686 certaminis

252 2731 306 2789 fuit
335 2735 476 2808 proelium3
501 2735 624 2810 primus
656 2733 768 2791 clamor
800 2742 890 2808 atque
920 2733 1046 2807 impetus
1083 2753 1147 2790 rem
1188 2733 1307 2792 decrerit.

252 2838 387 2897 Namidoe
411 2857 498 2914 quum
529 2839 559 2896 in
587 2858 728 2898 concursu
756 2839 846 2914 quieti
877 2839 1024 2896 stetissent
1053 2839 1085 2895 in
1107 2841 1259 2910 cornibus,
1284 2849 1308 2894 ut

251 2955 336 3020 terge
361 2945 463 3002 dentes
493 2963 562 3002 snos
586 2945 734 3014 viderunt,
766 2944 843 3020 firges
872 2953 985 3002 tant-um
1017 2963 1182 3023 parumper
1205 2945 1306 3004 comites

221 3045 337 3120 isacii,
365 3058 521 3125 postquam
551 3059 656 3107 omnes
677 3051 872 3126 Agrigentum
900 3047 1014 3126 trepido
1046 3051 1167 3126 agmine
1194 3061 1305 3128 petentes

252 3155 403 3225 viderunt,
434 3154 491 3229 ipsi
521 3164 599 3213 metu
632 3156 791 3213 obsidionis
823 3156 932 3232 passim
961 3157 992 3214 in
1015 3156 1151 3216 civitates
1173 3159 1305 3235 proximas

191 3313 210 3340 ι
253 3261 369 3336 dilapsi.
424 3259 519 3317 Multa
546 3260 637 3318 millia
662 3261 811 3319 hominum
834 3281 923 3334 caesa3
946 3259 1091 3340 capta*¹)
1114 3274 1145 3321 et
1176 3274 1241 3322 octo
1260 3265 1303 3321 ele·

253 3352 363 3442 phanti.
410 3367 483 3423 Haec
510 3365 612 3425 ultima
638 3367 669 3423 in
697 3366 797 3426 Sicilia
825 3367 959 3428 Marcelli
991 3387 1091 3445 pugna
1122 3372 1195 3444 fui13
1228 3376 1304 3431 victor

252 3473 319 3530 inae
341 3457 503 3548 syraelsas
527 3473 620 3532 aaa.
690 3457 722 3469 “·

222 3573 240 3629 8
336 3578 401 3635 Iam
431 3576 522 3635 ferme
548 3578 578 3634 in
602 3579 681 3635 exitu
712 3597 805 3636 annus
838 3589 915 3651 erat3
943 3582 1043 3658 itaque
1070 3595 1192 3644 sanatus
1219 3590 1303 3647 Roma

191 3681 195 3688 '
253 3683 395 3754 decrevit,
425 3691 457 3740 ut
485 3685 520 3742 P.
550 3683 702 3742 Cornelius
734 3693 841 3761 prator
870 3686 981 3746 litteras
1011 3688 1146 3766 Capuam
1173 3687 1218 3751 ¹ad
1246 3713 1304 3750 con-

183 3996 187 4000 “
289 3988 313 4052 ¹)
341 3991 446 4040 Excidit
465 4007 585 4040 numerus
604 4001 745 4058 captorum,
764 3995 833 4044 velut
851 3995 896 4045 VI
916 3999 1026 4052 millia.
