2674 4542
177 2097 247 2165 31·

311 237 369 294 202
577 233 654 284 Liber
671 231 774 286 xxm.
810 191 856 287 ld·
871 237 897 283 d.
910 247 934 284 c.
948 231 1023 292 Mo.)

268 421 341 490 fore,
362 419 388 476 si
402 419 490 476 duces
514 416 647 474 autentim
670 415 776 474 sublati
799 403 904 491 essent,
926 412 1086 472 exercitum
1113 411 1284 479 ducuntbl

222 530 256 585 10
269 543 342 594 ram,
369 523 425 599 ipsi
446 541 510 580 cum
532 520 634 597 paucis
656 519 799 595 equitibus
821 520 984 576 Herbesum
1007 517 1255 592 proficiscuntur,
1269 544 1278 565 .:
1303 539 1321 565 π

220 635 252 690 ll
268 628 374 688 territis
396 627 538 696 omnibus,
559 643 612 701 per
636 624 830 700 proditionem
857 625 937 681 urbis
958 622 1118 698 potiundae.
1177 621 1254 694 Quod
1280 622 1294 663 s
1321 641 1322 676 t

268 733 377 792 frustra
399 733 440 790 eis
461 731 683 805 fuitinceptum,
704 731 734 787 vi
756 731 902 806 agendum
923 719 980 786 rati
1003 737 1127 803 postero
1149 727 1282 794 merla

269 847 366 897 castra
397 846 528 906 movent,
565 846 596 893 ut
628 837 791 894 Herbesum
822 837 956 894 omnibus
993 834 1087 908 copiis
1126 850 1277 908 oppugn·
1321 852 1322 888 t

222 952 256 1008 12
269 943 465 1018 Hippocrates
494 949 523 997 et
544 940 689 1016 Epicydes
717 959 774 997 non
800 950 860 998 tam
883 949 975 998 tutum
997 940 1095 1014 prima
1125 937 1224 1012 specie
1248 954 1290 1008 qu

270 1065 367 1115 unum,
392 1064 443 1120 spe
465 1045 592 1120 undique
607 1045 730 1114 abscisa,
752 1046 902 1103 consilium
925 1064 988 1103 esse
1002 1045 1069 1115 rati,
1092 1047 1136 1102 ut'
1149 1062 1183 1100 se
1205 1040 1282 1097 mili·'

270 1151 468 1228 permitterent
500 1161 528 1206 et
555 1150 677 1207 assuetis
699 1167 807 1225 magna
834 1169 871 1207 ex
901 1160 985 1225 parte
1016 1151 1072 1207 sibi
1105 1158 1136 1206 et
1165 1159 1227 1204 tum
1256 1145 1285 1201 in
1321 1171 1322 1203 t

223 1267 257 1324 13
271 1256 361 1314 caedis
377 1256 604 1314 commilitonum
621 1255 758 1324 accensis,
775 1255 892 1312 obviam
908 1256 1017 1330 agmini
1028 1255 1206 1330 procedunt.
1238 1254 1259 1310 P
1276 1276 1279 1299 ³

270 1362 345 1420 forte
367 1362 452 1436 signa
472 1369 673 1417 sexcentorum
703 1357 883 1418 Cretensium
914 1370 1013 1431 erant,
1043 1361 1095 1434 qui
1127 1360 1209 1435 apud
1232 1357 1273 1414 Hi·
1321 1382 1322 1410 t

271 1487 388 1544 nymum
413 1474 579 1524 meruerant
599 1467 653 1522 sub
677 1465 718 1522 eis
741 1475 769 1522 et
788 1466 964 1522 Hannibalis
985 1465 1160 1522 beneficium
1184 1463 1279 1520 habeb
1321 1489 1322 1502 ¹

272 1573 349 1648 capti
378 1573 416 1628 ad
437 1572 669 1628 Trasumennum
699 1570 774 1626 inter
794 1571 994 1628 Romanorum
1020 1570 1134 1626 auxilia
1162 1567 1288 1625 dimissi
1321 1575 1322 1627 l

223 1686 257 1740 14
272 1678 353 1751 Quos
375 1677 426 1733 ubi
446 1696 483 1733 ex
505 1675 594 1750 signis
617 1693 822 1749 armorumque
837 1674 938 1732 habitu
960 1693 1127 1750 cognovere
1142 1673 1278 1749 Hippoc1
1321 1697 1322 1732 t

272 1792 360 1866 atque
387 1779 548 1856 Epicydea,
582 1798 680 1836 ramos
720 1781 790 1837 oleae
820 1799 854 1838 ae
882 1781 1047 1837 velamenta
1083 1779 1145 1836 alia
1178 1777 1287 1852 suppli·
1321 1787 1322 1838 i

272 1887 451 1963 porrigentes
484 1904 583 1958 orare,
624 1895 655 1942 ut
694 1885 855 1960 reciperent
886 1904 964 1955 sese,
997 1893 1136 1959 receptos
1178 1893 1290 1940 tutare
1321 1907 1322 1944 1

272 2012 328 2050 neu
349 1992 505 2067 proderent
527 1990 729 2065 Syracusanis,
752 2010 770 2047 a
791 1991 895 2065 quibus
916 1990 972 2066 ipsi
999 2008 1069 2046 mox
1098 1987 1287 2046 trucidandi·

273 2099 350 2174 pulo¹
363 2099 498 2155 Romano
527 2095 708 2154 dederentur.
755 2096 913 2152 Enimvero
944 2095 1146 2166 conclamant,
1178 2096 1278 2152 bouum

274 2204 400 2260 animum
433 2201 588 2270 haberent;
619 2219 733 2256 omnem
761 2219 793 2257 se
820 2219 884 2257 curn
912 2200 969 2256 illis
998 2199 1149 2258 fortunam
1183 2199 1259 2256 subit
1289 2224 1293 2243 ‹
1321 2226 1322 2278 y

242 2309 353 2369 2Inter
373 2309 429 2364 hoc
451 2304 625 2380 colloquium
657 2303 740 2379 signa
767 2306 954 2363 constiterant
985 2306 1201 2378 tenebaturque
1228 2322 1293 2378 ogm-
1321 2331 1322 2366 t

272 2412 403 2482 necdum,
426 2429 491 2484 quae
514 2429 602 2468 morae
624 2427 713 2467 causa
734 2408 819 2478 foret,
846 2420 1019 2484 pervenerat
1041 2411 1078 2466 ad
1107 2409 1293 2470 duceaP12
1320 2444 1321 2459 t

273 2535 361 2591 quam
382 2516 584 2591 Hippocraten
607 2523 694 2589 atque
709 2515 858 2592 Epicyden
879 2517 976 2573 adesse
997 2514 1129 2591 pervasit
1151 2533 1258 2584 rumor,

243 2678 252 2692 ,
274 2622 417 2696 mitesque
432 2629 494 2677 toto
510 2619 625 2695 agmine
646 2629 711 2677 erat
731 2621 809 2678 haud
830 2621 917 2678 dubie
932 2619 1160 2696 approbantium
1184 2621 1296 2677 advenu

274 2745 383 2796 eorum,
405 2705 550 2801 externplo
572 2734 710 2800 praetores
726 2725 819 2782 citatis
842 2726 924 2801 equis
940 2725 1087 2800 adprime
1102 2725 1191 2799 signa
1206 2744 1243 2800 pe
1273 2748 1296 2763 ’ν

170 2889 173 2894 .
243 2837 347 2891 3runt.
395 2832 453 2905 Qui
474 2849 537 2887 mos
555 2830 612 2902 ille,
637 2849 701 2905 quae
722 2831 838 2888 licentia
859 2811 1047 2888 Cretensium*
1062 2837 1148 2900 esset,
1170 2830 1294 2904 rogitan

274 2935 419 3010 colloquia
453 2935 567 2993 serendi
602 2954 666 2992 cum
696 2937 780 2993 hoste
816 2937 984 3010 iniussuque
1012 2944 1173 3010 praetorum
1203 2940 1311 2990 mum?

236 3049 259 3102 ’4
274 3057 324 3096 eos
346 3040 455 3116 agmini
476 3059 544 3111 suo,
567 3041 772 3115 comprehendi
793 3041 927 3116 iniicique
949 3051 1069 3098 catenas
1088 3039 1240 3096 iusserunt
1261 3037 1300 3092 Ηι·

272 3147 394 3221 pocrati.
438 3146 487 3203 Ad
514 3163 609 3219 quarn.
630 3163 730 3202 vocem
759 3153 856 3202 tantus
888 3145 1034 3226 extemplo
1067 3143 1197 3218 primum
1228 3139 1315 3200 acra

273 3250 401 3306 tensibus
424 3249 534 3306 clamor
555 3259 599 3306 est
621 3255 711 3320 ortus,
737 3249 840 3307 deinde
862 3258 999 3324 exceptus
1024 3249 1061 3304 ab
1084 3246 1159 3318 aliis,
1192 3259 1224 3306 nt
1244 3243 1315 3307 facila

244 3355 302 3414 bsi
318 3355 395 3412 ultra
417 3354 574 3425 tenderent,
600 3363 754 3429 appareret
775 3355 816 3411 eis
838 3355 995 3411 timendum
1025 3371 1097 3415 esse.
1147 3351 1269 3411 Solliciti
1284 3349 1313 3404 io·

228 3447 230 3452 ¹
273 3461 401 3535 certique
422 3479 517 3517 rerum
540 3477 657 3516 suarum
679 3460 843 3533 Megaram,
867 3459 943 3515 unde
967 3457 1091 3534 profecti
1107 3466 1215 3527 erant,
1237 3449 1314 3513 referri

273 3566 356 3640 rigna
377 3564 485 3635 iubent,
513 3565 687 3639 nuntiosque
709 3565 745 3621 de
772 3573 849 3620 statu
870 3563 1006 3639 praesenti
1027 3563 1192 3638 Syracusas
1213 3563 1314 3618 mittut

243 3672 418 3730 dFraudem
442 3689 559 3746 quoque
579 3669 775 3744 Hippocrates
803 3670 883 3728 addit
910 3669 1053 3728 inclinatis
1082 3667 1120 3724 ad
1146 3685 1263 3727 omnem
1285 3681 1313 3720 sr·

273 3751 429 3854 spicionem
465 3774 585 3842 animis,
616 3783 645 3830 et
665 3773 845 3832 Cretensium
880 3774 1051 3850 quibusdam
1080 3772 1118 3829 ad
1142 3771 1250 3829 itinera
1269 3767 1314 3827 iusi

274 3883 369 3940 denda
390 3882 494 3950 missis,
516 3879 594 3936 velut
616 3878 790 3954 interceptas
805 3881 925 3950 litteras,
948 3897 1020 3954 quas
1042 3878 1104 3954 ipse
1119 3883 1313 3953 composuerat

244 3987 389 4044 7recitat:
420 3987 587 4053 „Pr-satores,
605 3982 781 4058 Syracusani
814 3984 925 4040 consuli
952 3982 1120 4042 Marcello.“
1171 3982 1312 4042 seeundo
