2674 4542
295 211 351 268 ¹86
557 207 636 257 Liber
654 203 755 258 XXIV.
791 205 834 268 (Α.
850 217 876 252 u.
889 218 911 252 e.
926 203 1000 266 tto.)

250 411 303 469 pro
325 392 429 467 gladiis
451 394 579 448 humana
607 391 704 466 nepita
734 405 811 459 esse,
838 389 951 462 signum
979 387 1044 444 dari
1072 405 1207 461 propere
1234 387 1291 442 ius·
1326 425 1327 451 ,

219 498 424 572 tiproiieerent
451 496 548 570 capita
565 495 805 568 ¹invaderentque
833 495 960 550 hostem:
988 491 1101 548 claram
1135 493 1211 550 satis
1232 493 1281 549 et'

249 604 359 677 signem
381 603 514 659 virtutem
538 618 610 669 esse,
639 618 692 657 nee
713 599 832 656 dubiam
853 598 1015 656 libertatem
1039 595 1178 654 futuram
1202 606 1308 654 stre

250 708 329 767 viris.
387 708 464 764 Tum
490 706 687 780 redintegrata
708 721 807 780 pugna
828 712 873 760 est
893 711 922 758 et
942 719 1030 775 eques
1054 701 1149 758 etiam
1173 702 1205 758 in
1226 703 1270 758 ho
1307 731 1308 734 ¹

220 817 234 870 7
250 811 383 880 emissum
400 811 504 886 quibus
520 829 607 885 quum
623 809 746 885 impigre
760 807 896 866 Numidae
911 807 1118 876 occurrissent,
1138 825 1195 862 nee
1210 825 1255 874 seg
1266 809 1296 865 ι’»

250 917 379 990 equitum
402 931 490 989 quam
519 913 647 988 peditum
675 931 774 989 pugna
796 922 887 982 esset,
916 913 1021 969 iterum
1053 912 1083 968 in
1115 911 1241 968 dubium
1273 938 1291 957 -·
1327 979 1328 983 ἵ

250 1021 337 1078 ducta
358 1039 415 1079 res.
472 1020 569 1093 Quum
598 1018 733 1092 utrinque
762 1018 859 1088 duces,
877 1020 1028 1076 Romanus
1050 1017 1209 1074 Bruttium
1232 1018 1308 1087 Lu,

249 1145 376 1201 numque
404 1127 490 1184 toties
519 1144 538 1181 a
565 1123 723 1181 maioribus
753 1122 812 1179 suis
843 1123 935 1181 victos
964 1124 1186 1196 subactosqtre,
1218 1124 1310 1183 Pena

251 1233 396 1308 mancipia
423 1234 558 1290 Romana
587 1238 616 1286 et
645 1248 682 1285 ex
711 1229 857 1303 ergastulo
887 1228 1005 1286 militem
1035 1228 1139 1285 verbis
1170 1229 1309 1299 obtereret,

219 1347 398 1412 gpostremo
427 1335 596 1410 pronuntiat
623 1334 790 1404 Gracchus,
819 1351 882 1390 esse
903 1333 983 1401 nihil,
1011 1333 1091 1406 quod
1122 1334 1164 1390 de
1191 1334 1329 1404 libertas

154 1451 196 1518 16
252 1449 411 1516 sperarent,
431 1440 487 1498 nisi
509 1459 544 1498 eo
560 1440 606 1497 die
620 1439 678 1496 iusi
698 1438 849 1514 fugatique
863 1440 961 1494 hostes
976 1447 1083 1497 essent.
1134 1439 1185 1496 Ea
1208 1440 1310 1497 demum

251 1564 310 1602 vox
332 1547 373 1602 ita
388 1546 500 1602 animos
515 1545 655 1613 accendit,
676 1554 709 1601 ut
723 1553 864 1601 renovato
880 1543 1016 1612 clamore,
1038 1543 1120 1599 velut
1137 1543 1192 1600 alii
1207 1551 1310 1617 repent

250 1647 329 1716 laeti,
360 1657 442 1703 tanta
463 1651 492 1705 vi
520 1668 551 1706 se
573 1649 601 1704 in
623 1649 735 1706 hostem
757 1649 919 1718 intulerint,
948 1657 979 1704 ut
1001 1647 1141 1719 sustineri
1165 1648 1311 1705 ultranea

218 1763 375 1828 2possent.
433 1753 533 1832 l'rimo
570 1753 750 1827 antesignani
783 1755 957 1822 Poenorum,
987 1753 1053 1809 dein
1085 1753 1177 1826 signa
1211 1763 1330 1828 pertur-¹

250 1861 333 1928 bata,
361 1867 508 1934 postremo
537 1867 600 1914 tota
628 1857 754 1933 impulsa
786 1857 877 1926 acies3
907 1858 973 1914 inde
1005 1858 1086 1914 haud
1115 1857 1209 1914 dubie
1243 1867 1330 1932 terga

250 1966 328 2034 data,
350 1973 494 2036 ruuntque
515 1962 658 2037 fugientes
679 1963 709 2019 in
732 1972 843 2032 cestra,
873 1963 946 2020 adeo
968 1961 1068 2036 pavidi
1091 1963 1270 2036 trepidique,
1287 1973 1309 2018 ut

250 2090 285 2127 ne
305 2071 335 2126 in
357 2068 448 2144 portis
471 2069 586 2141 quidem
617 2077 668 2124 aut
694 2067 773 2125 vallo
800 2067 953 2141 quisquam
981 2067 1140 2152 restiterit,
1173 2087 1209 2126 ae
1232 2085 1330 2143 propr

249 2174 405 2232 continenti
427 2173 542 2248 agmine
561 2173 686 2230 Romani
708 2172 829 2230 insecuti
850 2191 958 2228 novum
982 2172 1019 2228 de
1047 2173 1165 2248 integro
1187 2174 1307 2249 proelium

218 2279 351 2351 3inclusi
371 2279 498 2336 hostium
520 2279 598 2336 vallo
621 2279 771 2338 ediderint.
819 2278 865 2334 Ibi
886 2277 961 2336 siout
981 2295 1081 2352 pugna
1099 2277 1308 2352 impeditioris

250 2385 404 2459 angustiis,
433 2384 475 2440 ita
505 2385 598 2442 oaedes
630 2383 758 2440 atrocior
790 2383 858 2452 fuit3
891 2391 920 2439 et
947 2383 1084 2439 adiuvere
1107 2385 1238 2458 captivi,
1270 2383 1308 2457 qui

248 2500 333 2564 rapto
355 2488 430 2545 inter
450 2489 603 2546 tumultum
625 2487 704 2544 ferro
726 2488 893 2563 conglobati
923 2497 951 2544 et
977 2489 1014 2544 ab
1042 2467 1128 2563 tergo
1153 2491 1307 2546 ceciderunt

218 2599 357 2664 ql'oenos
380 2606 408 2650 et
431 2593 531 2668 fugam
553 2593 752 2669 impedierunt.
800 2595 905 2666 Itaque
936 2593 1030 2650 minus
1058 2594 1118 2650 duo
1150 2595 1245 2651 millia
1266 2596 1307 2650 ho·

250 2700 357 2757 minum
381 2717 418 2756 ex
446 2707 527 2754 tento
555 2698 699 2768 exercitu,
734 2707 762 2754 et
788 2717 823 2754 ea
843 2699 945 2778 'maior
972 2716 1041 2772 pars
1069 2700 1217 2772 equitum,
1254 2717 1307 2754 cum

249 2805 312 2879 ipso
344 2803 416 2860 duce
444 2803 622 2878 effugerunt3
653 2802 703 2860 alii
731 2820 831 2860 omnes
860 2804 925 2858 cessi
958 2812 1008 2860 aut
1040 2804 1136 2878 capti3
1172 2815 1261 2879 capta
1288 2817 1307 2858 et

217 2907 333 2980 5signa
368 2907 668 2982 duodequadraginta.
727 2908 774 2964 Ex
810 2907 968 2965 victoribus
1001 2909 1059 2965 duo
1097 2908 1190 2966 millia
1214 2908 1308 2965 'ferme

250 3013 387 3069 cecidere.
448 3014 554 3069 Praeda
593 3013 700 3081 omnis,
739 3023 931 3087 preterquam
966 3013 1115 3070 hominum
1153 3025 1331 3092 captorum„

250 3117 331 3174 militi
354 3135 493 3174 concessa
514 3126 573 3186 est3
606 3127 635 3173 et
664 3135 753 3191 pecus
783 3126 936 3192 exceptum
959 3128 1017 3186 est,
1047 3119 1127 3191 quod
1154 3119 1230 3174 intra
1257 3118 1331 3188 diss¹

249 3222 367 3296 triginta
389 3222 498 3278 domini
520 3223 735 3306 cognovissent.

217 3349 236 3400 q
333 3326 429 3398 Quum
452 3328 552 3401 praeda
572 3329 667 3384 onusti
698 3329 726 3383 in
756 3336 854 3384 eastra
881 3327 1031 3396 redissent,
1063 3335 1205 3400 quattuor
1226 3327 1306 3384 millia

249 3433 340 3489 ferme
361 3431 500 3489 volonum
523 3432 654 3503 militum,
677 3451 741 3505 quae
755 3441 958 3506 pugnaverant
972 3433 1089 3506 segnius
1104 3433 1202 3488 necin
1218 3441 1306 3488 eastra

250 3538 414 3610 irruperant
435 3537 534 3606 simul,
564 3548 642 3596 metu
667 3555 760 3612 poenae
787 3535 890 3592 collem
918 3537 997 3594 haud
1018 3537 1121 3612 procul
1143 3538 1245 3593 castris
1268 3553 1307 3592 ec·

218 3650 363 3716 7perunt.
406 3642 531 3702 Postero
559 3644 606 3700 die
627 3663 680 3718 per
702 3642 833 3698 tribunos
855 3640 976 3697 militum
1002 3641 1070 3697 inde
1097 3642 1223 3710 deducti,
1244 3659 1306 3698 eon·

217 3747 328 3821 stione
351 3746 471 3803 militum
490 3748 637 3804 advocata
665 3767 684 3804 a
705 3747 864 3815 Graccho,
877 3744 1093 3819 superveniunt.
1143 3746 1202 3805 Ubi
1225 3764 1305 3819 quum

251 3852 406 3924 proconsul
427 3862 540 3909 veteres
563 3851 666 3909 milites
688 3852 823 3927 primum,
843 3859 931 3924 prout
952 3848 1091 3924 cuiusque
1112 3850 1204 3906 virtus
1226 3859 1306 3922 atque.

107 3959 113 3974 ⁸
216 3975 341 4030 qopera
369 3957 411 4012 in'
426 3975 462 4012 ea
485 3975 584 4031 pugna
613 3956 723 4023 fuerat,
751 3954 923 4010 militaribus
948 3954 1031 4010 donis
1061 3953 1213 4024 donasset,
1235 3965 1305 4010 tunc,
