2674 4542
290 241 294 253 .
330 231 389 288 230
602 224 683 275 nnn
698 223 787 276 xxv.
823 222 1034 287 (aneso.)

257 415 274 470 5
327 398 330 404 ¹
372 407 499 466 Comitia
526 407 630 465 deinde
650 424 670 464 a
695 413 820 481 praitors
847 407 959 464 urbano
993 407 1031 464 do
1061 413 1190 464 saumas
1219 423 1264 462 ssu

287 515 439 592 plebisque
460 513 533 570 scitu
548 519 615 569 sunt
635 511 746 581 habita,
767 511 873 585 quibus
894 512 985 570 creati
1005 518 1074 568 sunt
1086 491 1269 586 quinqueviri

286 621 327 677 ris
349 629 375 676 et
395 619 522 676 turribus
542 615 704 674 reficiendis
729 624 759 673 st
785 616 930 674 triumviri
949 616 1018 685 bini,
1041 617 1093 674 uni
1117 616 1214 674 sacris
1237 634 1267 672 co

257 724 384 788 orandis
406 724 548 796 donisque
568 719 779 795 persignandis,
802 719 886 777 alteri
907 721 1069 778 reficiendis
1091 722 1212 780 edibus
1224 723 1263 779 Fe

287 838 317 888 et
342 829 443 886 matris
470 828 589 884 Matuta
614 824 692 882 intra
726 833 842 900 portam
869 822 1083 882 Carmentalem
1115 835 1151 884 et
1179 827 1245 901 Spoi

286 942 412 1009 portam,
434 950 499 1007 qum
520 931 618 1006 priora
639 948 716 987 anuo
738 929 872 987 incendio
890 939 1074 1020 consumpto
1096 929 1230 990 fererant.

256 1031 272 1084 7
370 1038 573 1112 Tempestatas
593 1035 680 1092 ioedss
704 1029 798 1103 suarm
826 1034 856 1092 in
877 1035 997 1092 Albano
1019 1046 1124 1092 monte
1148 1036 1263 1094 biduum

285 1143 408 1200 tinenter
428 1141 574 1217 lapidibus
596 1139 703 1216 pluvit3
730 1148 810 1197 tacta
833 1140 871 1230 de
900 1139 971 1198 osolo
1000 1139 1103 1208 multa,
1129 1141 1200 1198 dcte
1220 1142 1247 1198 in

285 1247 357 1304 tolio
379 1246 465 1313 aedos,
485 1246 594 1302 vallum
616 1244 771 1302 incastris
793 1245 890 1302 multis
910 1244 982 1302 locis
1007 1261 1098 1318 supra
1122 1246 1289 1314 Suessulam,

254 1343 342 1409 8du0
365 1351 467 1426 vigiles
494 1349 666 1419 exanimati,
694 1367 793 1407 murus
820 1359 974 1424 turresque
1000 1351 1140 1423 quaedam
1174 1350 1267 1409 Cumis

283 1457 348 1514 ictae
369 1457 463 1513 modo·
478 1454 656 1524 fulminibus,
677 1454 829 1512 sedetiam
845 1456 983 1515 decussas.
1021 1457 1118 1512 Reate
1135 1455 1275 1512 saxumiu

284 1560 379 1617 visum
403 1558 535 1631 volitare,
563 1560 608 1616 sol
635 1560 741 1617 rubere
767 1558 854 1616 solito
881 1559 975 1634 magis
997 1559 1265 1634 sanguineoqussi
1301 1555 1306 1572 ¹

252 1659 398 1722 9Horum
421 1663 621 1738 prodigiorum
644 1682 733 1722 causa
753 1664 831 1721 diem
851 1651 940 1722 tinum
964 1664 1145 1739 supplicatio
1171 1665 1234 1734 fnit,
1252 1675 1273 1722 et

284 1770 397 1843 aliquot
425 1768 486 1825 dies
513 1769 646 1826 consules
675 1771 762 1826 rebus
791 1769 897 1828 divinis
918 1787 1040 1843 operam
1066 1768 1226 1838 dedorunt,
1251 1779 1274 1826 et

284 1875 401 1932 eosdem
424 1873 485 1930 dies
506 1891 622 1931 sacrum
644 1873 816 1931 novendiale
838 1873 902 1931 fuit.

235 1975 270 2030 10
368 1979 464 2053 Quum
491 1978 717 2036 Tarentinorum
739 1977 863 2035 deiectio
895 1978 952 2035 iam
979 1976 1028 2034 diu
1059 1985 1091 2034 et
1111 1977 1146 2034 in
1169 1979 1266 2055 spoli
1304 1973 1310 1987 '

283 2084 344 2141 bali
372 2093 401 2140 ct
423 2085 453 2140 in
482 2083 646 2158 suspicione
672 2083 813 2142 Romanis
840 2093 925 2154 osset,
956 2099 1047 2138 causa
1072 2081 1155 2140 forto
1178 2083 1318 2142 extriussfl

234 2185 267 2240 11
284 2189 464 2246 maturandae
494 2169 555 2243 eius
582 2186 746 2245 intervenit.
794 2187 914 2244 Phileas
942 2187 1121 2244 Tarentinus
1152 2189 1204 2246 diu
1223 2189 1271 2246 iam
1285 2199 1317 2259 ps

284 2293 409 2367 speciem
437 2291 591 2366 legationis
618 2293 720 2349 Roma
749 2285 838 2366 duum
869 2301 961 2361 esset,
990 2291 1037 2347 vir
1062 2291 1191 2365 inquieti
1218 2289 1317 2349 aniniet

284 2396 401 2453 minima
423 2396 523 2465 otium,
551 2415 609 2470 quo
631 2406 691 2453 tum
715 2395 826 2453 diutino
848 2414 998 2454 senescere
1018 2395 1190 2466 videbatur,
1211 2391 1314 2471 paderb

236 2498 393 2556 traditum
416 2501 471 2556 sibi
492 2501 530 2556 ad
552 2500 668 2557 obsides
688 2500 848 2559 Tarmstinos
874 2511 900 2558 et
920 2500 1069 2560 Thurinos
1090 2501 1214 2559 invenit
1245 2497 1314 2556 Custo-

284 2603 438 2661 diabantur
457 2605 487 2661 in
516 2605 590 2662 atrio
614 2595 778 2664 Libertatis
794 2606 906 2662 minore
927 2624 1006 2674 curs,
1036 2606 1109 2679 quia
1131 2624 1189 2662 nec
1209 2603 1269 2678 ipsis
1282 2613 1313 2656 net

235 2709 271 2765 13
284 2708 448 2767 civitatibus
470 2729 571 2767 eorum
583 2709 685 2768 fallare
700 2711 849 2768 Romanos
864 2709 1047 2784 expediebat.
1080 2710 1148 2767 Hos
1165 2709 1264 2768 enebris
1279 2703 1314 2761 col

283 2814 392 2888 loquiis
411 2814 591 2884 sollicitatos,
618 2815 762 2890 corruptis
792 2815 904 2875 aedituis
926 2815 1049 2881 duobus,
1071 2832 1164 2887 quum
1189 2813 1274 2891 primis
1288 2821 1313 2864 te

282 2921 380 2976 nebris
410 2919 543 2977 custodia
576 2918 739 2987 oduxisset,
761 2921 823 2994 ipsc
853 2935 951 2977 comes
982 2919 1088 2976 occulti
1115 2919 1228 2978 itineris
1252 2917 1312 2974 iactu

234 3023 422 3100 ltprofugit.
472 3024 551 3082 Luce
577 3024 673 3099 prima
694 3025 815 3098 vulgata
836 3043 889 3099 por
910 3024 1010 3080 urbem
1032 3022 1106 3099 iuga
1128 3037 1184 3096 est,
1205 3022 1311 3092 missiqtt

283 3129 333 3201 qui
354 3137 560 3202 sequerentur,
591 3129 628 3185 ab
663 3127 828 3185 Tarracina
862 3143 1049 3202 comprensos
1085 3147 1191 3187 omnes
1220 3135 1312 3184 unua

281 3239 357 3287 runt
387 3232 513 3289 Deducti
526 3233 556 3290 in
572 3233 718 3290 comitium
735 3233 891 3307 virgisque,
907 3233 1090 3314 approbante
1100 3235 1221 3309 populo,
1234 3225 1310 3290 wilt

191 3333 215 3400 8
282 3353 356 3394 saxo
385 3335 565 3397 deiiciuntur.
622 3337 717 3394 Huius
749 3337 887 3395 atrocitas
921 3355 1014 3411 poenae
1050 3337 1177 3395 duarum
1205 3327 1321 3394 nothi-n

281 3459 395 3497 marum
422 3441 452 3497 iu
479 3441 566 3498 Italia
597 3442 766 3500 Graecarum
788 3442 948 3527 civitatium
976 3441 1090 3499 animos
1110 3442 1235 3500 irritavit
1253 3447 1308 3510 qum

197 3525 202 3538 ⁵
251 3544 407 3620 2publice,
437 3554 497 3602 tum
522 3547 610 3604 etiam
643 3546 772 3620 singulos
805 3545 953 3620 privatim,
977 3553 1014 3602 ut
1044 3545 1169 3619 quisquo
1191 3557 1243 3602 tam
1260 3535 1307 3596 snit

253 3651 471 3724 Sintorcmptos
493 3658 544 3706 aut
565 3651 782 3725 propinquitate
805 3659 856 3706 aut
873 3647 1000 3708 amicitia
1021 3648 1217 3723 contingebat.
1244 3638 1308 3702 Exit

282 3755 419 3812 tredecim
443 3753 505 3811 fere
525 3753 637 3810 nobiles
659 3754 779 3812 iuvenes
801 3752 953 3812 Tarentini
968 3753 1203 3825 coniuraverunt,
1223 3760 1306 3826 quorun

251 3857 429 3933 dprinoipss
452 3857 532 3915 Nico
558 3867 587 3915 et
616 3858 802 3916 Philemenus
825 3867 915 3916 arant.
965 3857 1016 3928 Hi,
1044 3858 1214 3933 priusquam
1234 3843 1307 3923 aliquid

284 3971 443 4032 moverent,
462 3961 688 4035 colloquendum
708 3980 773 4018 eum
785 3961 953 4020 Hannibale
975 3962 1041 4031 rati,
1062 3971 1150 4020 nocte
1160 3955 1303 4038 persptdttl
