<?xml version="1.0" encoding="UTF-8"?>
<!DOCTYPE html PUBLIC "-//W3C//DTD XHTML 1.0 Transitional//EN"
    "http://www.w3.org/TR/xhtml1/DTD/xhtml1-transitional.dtd">
<html xmlns="http://www.w3.org/1999/xhtml" xml:lang="en" lang="en">
 <head>
  <title>
</title>
<meta http-equiv="Content-Type" content="text/html;charset=utf-8" />
  <meta name='ocr-system' content='tesseract 3.04.00' />
  <meta name='ocr-capabilities' content='ocr_page ocr_carea ocr_par ocr_line ocrx_word'/>
</head>
<body>
  <div class='ocr_page' id='page_1' title='image "./titiliviihistor01ussigoog/titiliviihistor01ussigoog_0179.png"; bbox 0 0 2704 4552; ppageno 0'>
   <div class='ocr_carea' id='block_1_1' title="bbox 299 193 997 258">
    <p class='ocr_par' dir='ltr' id='par_1_1' title="bbox 299 193 997 258">
     <span class='ocr_line' id='line_1_1' title="bbox 299 193 997 258; baseline -0.009 -9"><span class='ocrx_word' id='word_1_1' title='bbox 299 199 356 256; x_wconf 79' lang='lat'><strong>138</strong></span> <span class='ocrx_word' id='word_1_2' title='bbox 570 194 648 244; x_wconf 87' lang='lat' dir='ltr'><strong>Liber</strong></span> <span class='ocrx_word' id='word_1_3' title='bbox 664 193 766 244; x_wconf 83' lang='lat' dir='ltr'><strong>xxm.</strong></span> <span class='ocrx_word' id='word_1_4' title='bbox 804 193 850 258; x_wconf 81' lang='lat' dir='ltr'><strong>(A.</strong></span> <span class='ocrx_word' id='word_1_5' title='bbox 862 209 912 247; x_wconf 80' lang='lat' dir='ltr'><strong>nc.</strong></span> <span class='ocrx_word' id='word_1_6' title='bbox 925 194 997 258; x_wconf 75' lang='lat'>5³8.)</span> 
     </span>
    </p>
   </div>
   <div class='ocr_carea' id='block_1_2' title="bbox 204 376 1333 2242">
    <p class='ocr_par' dir='ltr' id='par_1_2' title="bbox 204 376 1333 2242">
     <span class='ocr_line' id='line_1_2' title="bbox 253 376 1333 454; baseline -0.005 -15"><span class='ocrx_word' id='word_1_7' title='bbox 253 380 402 439; x_wconf 85' lang='lat' dir='ltr'><strong>dictatoris</strong></span> <span class='ocrx_word' id='word_1_8' title='bbox 424 377 534 435; x_wconf 89' lang='lat' dir='ltr'><strong>iniussu</strong></span> <span class='ocrx_word' id='word_1_9' title='bbox 558 379 678 436; x_wconf 79' lang='lat' dir='ltr'>auderet</span> <span class='ocrx_word' id='word_1_10' title='bbox 702 376 902 454; x_wconf 84' lang='lat' dir='ltr'><strong>(pugnandum</strong></span> <span class='ocrx_word' id='word_1_11' title='bbox 928 387 1023 436; x_wconf 89' lang='lat' dir='ltr'><strong>autam</strong></span> <span class='ocrx_word' id='word_1_12' title='bbox 1054 395 1134 447; x_wconf 89' lang='lat' dir='ltr'><strong>esse,</strong></span> <span class='ocrx_word' id='word_1_13' title='bbox 1166 377 1191 434; x_wconf 85' lang='lat' dir='ltr'><strong>si</strong></span> <span class='ocrx_word' id='word_1_14' title='bbox 1223 395 1279 452; x_wconf 72' lang='lat' dir='ltr'><strong>p:v</strong></span> <span class='ocrx_word' id='word_1_15' title='bbox 1332 384 1333 434; x_wconf 71' lang='lat' dir='ltr'><strong>l</strong></span> 
     </span>
     <span class='ocr_line' id='line_1_3' title="bbox 253 483 1333 559; baseline -0.002 -15"><span class='ocrx_word' id='word_1_16' title='bbox 253 485 428 544; x_wconf 87' lang='lat' dir='ltr'><strong>frumentum</strong></span> <span class='ocrx_word' id='word_1_17' title='bbox 449 484 634 559; x_wconf 79' lang='lat' dir='ltr'><strong>importaret,</strong></span> <span class='ocrx_word' id='word_1_18' title='bbox 661 483 793 558; x_wconf 87' lang='lat' dir='ltr'><strong>videbat)</strong></span> <span class='ocrx_word' id='word_1_19' title='bbox 821 501 914 557; x_wconf 88' lang='lat' dir='ltr'><strong>neque</strong></span> <span class='ocrx_word' id='word_1_20' title='bbox 941 483 1016 540; x_wconf 86' lang='lat' dir='ltr'><strong>clam</strong></span> <span class='ocrx_word' id='word_1_21' title='bbox 1044 483 1227 559; x_wconf 75' lang='lat' dir='ltr'><strong>importandi</strong></span> <span class='ocrx_word' id='word_1_22' title='bbox 1255 491 1333 557; x_wconf 68' lang='lat' dir='ltr'><strong>apa}</strong></span> 
     </span>
     <span class='ocr_line' id='line_1_4' title="bbox 221 588 1312 666; baseline 0.001 -16"><span class='ocrx_word' id='word_1_23' title='bbox 221 592 338 661; x_wconf 73' lang='lat' dir='ltr'><strong>desset,</strong></span> <span class='ocrx_word' id='word_1_24' title='bbox 360 590 439 649; x_wconf 80' lang='lat' dir='ltr'><strong>farre</strong></span> <span class='ocrx_word' id='word_1_25' title='bbox 461 607 498 646; x_wconf 83' lang='lat' dir='ltr'><strong>ex</strong></span> <span class='ocrx_word' id='word_1_26' title='bbox 519 589 598 662; x_wconf 75' lang='lat' dir='ltr'><strong>agria</strong></span> <span class='ocrx_word' id='word_1_27' title='bbox 629 588 707 646; x_wconf 90' lang='lat' dir='ltr'><strong>circa</strong></span> <span class='ocrx_word' id='word_1_28' title='bbox 733 588 860 662; x_wconf 90' lang='lat' dir='ltr'><strong>undique</strong></span> <span class='ocrx_word' id='word_1_29' title='bbox 888 599 1027 646; x_wconf 86' lang='lat' dir='ltr'><strong>convecto</strong></span> <span class='ocrx_word' id='word_1_30' title='bbox 1057 607 1148 664; x_wconf 90' lang='lat' dir='ltr'><strong>quum</strong></span> <span class='ocrx_word' id='word_1_31' title='bbox 1172 591 1312 666; x_wconf 76' lang='lat' dir='ltr'><strong>compton</strong></span> 
     </span>
     <span class='ocr_line' id='line_1_5' title="bbox 253 693 1311 770; baseline 0.001 -16"><span class='ocrx_word' id='word_1_32' title='bbox 253 698 332 754; x_wconf 90' lang='lat' dir='ltr'><strong>dolia</strong></span> <span class='ocrx_word' id='word_1_33' title='bbox 363 694 550 770; x_wconf 78' lang='lat' dir='ltr'><strong>complesset,</strong></span> <span class='ocrx_word' id='word_1_34' title='bbox 578 693 709 750; x_wconf 89' lang='lat' dir='ltr'><strong>nuntium</strong></span> <span class='ocrx_word' id='word_1_35' title='bbox 739 694 778 750; x_wconf 85' lang='lat' dir='ltr'><strong>ad</strong></span> <span class='ocrx_word' id='word_1_36' title='bbox 811 693 1012 768; x_wconf 84' lang='lat' dir='ltr'><strong>magistratum</strong></span> <span class='ocrx_word' id='word_1_37' title='bbox 1041 693 1205 755; x_wconf 82' lang='lat' dir='ltr'><strong>Casilinum</strong></span> <span class='ocrx_word' id='word_1_38' title='bbox 1237 697 1311 761; x_wconf 74' lang='lat' dir='ltr'><strong>misit</strong></span> 
     </span>
     <span class='ocr_line' id='line_1_6' title="bbox 223 797 1333 876; baseline 0.002 -18"><span class='ocrx_word' id='word_1_39' title='bbox 223 803 285 860; x_wconf 84' lang='lat' dir='ltr'><strong>9ut</strong></span> <span class='ocrx_word' id='word_1_40' title='bbox 316 801 481 876; x_wconf 81' lang='lat' dir='ltr'><strong>exciperent</strong></span> <span class='ocrx_word' id='word_1_41' title='bbox 510 799 599 869; x_wconf 87' lang='lat' dir='ltr'><strong>dolia,</strong></span> <span class='ocrx_word' id='word_1_42' title='bbox 627 816 692 872; x_wconf 87' lang='lat' dir='ltr'><strong>quaa</strong></span> <span class='ocrx_word' id='word_1_43' title='bbox 721 799 814 856; x_wconf 85' lang='lat' dir='ltr'><strong>emnia</strong></span> <span class='ocrx_word' id='word_1_44' title='bbox 843 797 978 858; x_wconf 81' lang='lat' dir='ltr'><strong>deferret.</strong></span> <span class='ocrx_word' id='word_1_45' title='bbox 1027 801 1201 876; x_wconf 81' lang='lat' dir='ltr'><strong>Insequenti</strong></span> <span class='ocrx_word' id='word_1_46' title='bbox 1230 811 1333 865; x_wconf 53' lang='lat' dir='ltr'><strong>noctu</strong></span> 
     </span>
     <span class='ocr_line' id='line_1_7' title="bbox 252 905 1333 979; baseline 0.001 -14"><span class='ocrx_word' id='word_1_47' title='bbox 252 907 367 965; x_wconf 90' lang='lat' dir='ltr'><strong>intentis</strong></span> <span class='ocrx_word' id='word_1_48' title='bbox 388 906 521 963; x_wconf 86' lang='lat' dir='ltr'><strong>omnibus</strong></span> <span class='ocrx_word' id='word_1_49' title='bbox 541 905 571 960; x_wconf 89' lang='lat' dir='ltr'><strong>in</strong></span> <span class='ocrx_word' id='word_1_50' title='bbox 590 905 697 962; x_wconf 91' lang='lat' dir='ltr'><strong>flumen</strong></span> <span class='ocrx_word' id='word_1_51' title='bbox 712 922 747 961; x_wconf 90' lang='lat' dir='ltr'><strong>ac</strong></span> <span class='ocrx_word' id='word_1_52' title='bbox 761 923 843 979; x_wconf 90' lang='lat' dir='ltr'><strong>spem</strong></span> <span class='ocrx_word' id='word_1_53' title='bbox 865 905 903 960; x_wconf 91' lang='lat' dir='ltr'><strong>ab</strong></span> <span class='ocrx_word' id='word_1_54' title='bbox 927 905 1027 962; x_wconf 92' lang='lat' dir='ltr'><strong>nuntio</strong></span> <span class='ocrx_word' id='word_1_55' title='bbox 1042 905 1182 964; x_wconf 87' lang='lat' dir='ltr'><strong>Romano</strong></span> <span class='ocrx_word' id='word_1_56' title='bbox 1204 907 1311 973; x_wconf 76' lang='lat' dir='ltr'><strong>iactant</strong></span> <span class='ocrx_word' id='word_1_57' title='bbox 1332 931 1333 966; x_wconf 73' lang='lat' dir='ltr'><strong>t</strong></span> 
     </span>
     <span class='ocr_line' id='line_1_8' title="bbox 253 1009 1333 1088; baseline 0.004 -20"><span class='ocrx_word' id='word_1_58' title='bbox 253 1011 332 1068; x_wconf 90' lang='lat' dir='ltr'><strong>dolia</strong></span> <span class='ocrx_word' id='word_1_59' title='bbox 355 1009 450 1067; x_wconf 87' lang='lat' dir='ltr'><strong>medio</strong></span> <span class='ocrx_word' id='word_1_60' title='bbox 472 1011 562 1067; x_wconf 88' lang='lat' dir='ltr'><strong>missa</strong></span> <span class='ocrx_word' id='word_1_61' title='bbox 583 1009 662 1067; x_wconf 87' lang='lat' dir='ltr'><strong>amni</strong></span> <span class='ocrx_word' id='word_1_62' title='bbox 684 1010 878 1079; x_wconf 83' lang='lat' dir='ltr'><strong>defluxerunt3</strong></span> <span class='ocrx_word' id='word_1_63' title='bbox 900 1010 1108 1088; x_wconf 74' lang='lat' dir='ltr'><strong>aequaliterque</strong></span> <span class='ocrx_word' id='word_1_64' title='bbox 1131 1013 1210 1070; x_wconf 90' lang='lat' dir='ltr'><strong>inter</strong></span> <span class='ocrx_word' id='word_1_65' title='bbox 1224 1027 1310 1070; x_wconf 69' lang='lat' dir='ltr'><strong>omna</strong></span> <span class='ocrx_word' id='word_1_66' title='bbox 1332 1037 1333 1072; x_wconf 72' lang='lat' dir='ltr'><strong>t</strong></span> 
     </span>
     <span class='ocr_line' id='line_1_9' title="bbox 204 1115 1333 1188; baseline 0.006 -17"><span class='ocrx_word' id='word_1_67' title='bbox 204 1119 240 1172; x_wconf 84' lang='lat'><strong>10</strong></span> <span class='ocrx_word' id='word_1_68' title='bbox 253 1117 428 1175; x_wconf 87' lang='lat' dir='ltr'><strong>frumentum</strong></span> <span class='ocrx_word' id='word_1_69' title='bbox 452 1115 586 1173; x_wconf 86' lang='lat' dir='ltr'><strong>divisum.</strong></span> <span class='ocrx_word' id='word_1_70' title='bbox 634 1115 671 1172; x_wconf 94' lang='lat' dir='ltr'><strong>Id</strong></span> <span class='ocrx_word' id='word_1_71' title='bbox 699 1123 817 1188; x_wconf 87' lang='lat' dir='ltr'><strong>postero</strong></span> <span class='ocrx_word' id='word_1_72' title='bbox 840 1132 956 1188; x_wconf 91' lang='lat' dir='ltr'><strong>quoque</strong></span> <span class='ocrx_word' id='word_1_73' title='bbox 977 1115 1024 1171; x_wconf 87' lang='lat' dir='ltr'><strong>die</strong></span> <span class='ocrx_word' id='word_1_74' title='bbox 1047 1133 1083 1174; x_wconf 87' lang='lat' dir='ltr'><strong>ac</strong></span> <span class='ocrx_word' id='word_1_75' title='bbox 1102 1117 1191 1173; x_wconf 86' lang='lat' dir='ltr'><strong>tortio</strong></span> <span class='ocrx_word' id='word_1_76' title='bbox 1213 1117 1309 1174; x_wconf 70' lang='lat' dir='ltr'><strong>facua</strong></span> <span class='ocrx_word' id='word_1_77' title='bbox 1332 1143 1333 1178; x_wconf 70' lang='lat' dir='ltr'><strong>t</strong></span> 
     </span>
     <span class='ocr_line' id='line_1_10' title="bbox 254 1220 1333 1294; baseline 0.001 -14"><span class='ocrx_word' id='word_1_78' title='bbox 254 1231 313 1292; x_wconf 89' lang='lat' dir='ltr'><strong>est;</strong></span> <span class='ocrx_word' id='word_1_79' title='bbox 335 1231 421 1279; x_wconf 88' lang='lat' dir='ltr'><strong>nocte</strong></span> <span class='ocrx_word' id='word_1_80' title='bbox 436 1231 465 1278; x_wconf 88' lang='lat' dir='ltr'><strong>et</strong></span> <span class='ocrx_word' id='word_1_81' title='bbox 486 1223 673 1278; x_wconf 77' lang='lat' dir='ltr'><strong>mittebantur</strong></span> <span class='ocrx_word' id='word_1_82' title='bbox 687 1228 716 1276; x_wconf 87' lang='lat' dir='ltr'><strong>et</strong></span> <span class='ocrx_word' id='word_1_83' title='bbox 729 1220 949 1294; x_wconf 82' lang='lat' dir='ltr'><strong>perveniebant3</strong></span> <span class='ocrx_word' id='word_1_84' title='bbox 972 1239 1006 1277; x_wconf 90' lang='lat' dir='ltr'><strong>eo</strong></span> <span class='ocrx_word' id='word_1_85' title='bbox 1030 1221 1182 1278; x_wconf 85' lang='lat' dir='ltr'><strong>custodias</strong></span> <span class='ocrx_word' id='word_1_86' title='bbox 1197 1221 1307 1278; x_wconf 80' lang='lat' dir='ltr'><strong>hostien</strong></span> <span class='ocrx_word' id='word_1_87' title='bbox 1332 1249 1333 1282; x_wconf 68' lang='lat' dir='ltr'><strong>t</strong></span> 
     </span>
     <span class='ocr_line' id='line_1_11' title="bbox 204 1325 1308 1386; baseline -0.003 -1"><span class='ocrx_word' id='word_1_88' title='bbox 204 1331 237 1385; x_wconf 86' lang='lat'><strong>11</strong></span> <span class='ocrx_word' id='word_1_89' title='bbox 253 1327 403 1386; x_wconf 86' lang='lat' dir='ltr'><strong>fallebant.</strong></span> <span class='ocrx_word' id='word_1_90' title='bbox 462 1328 608 1384; x_wconf 85' lang='lat' dir='ltr'><strong>Imbribus</strong></span> <span class='ocrx_word' id='word_1_91' title='bbox 640 1325 743 1382; x_wconf 87' lang='lat' dir='ltr'><strong>deinde</strong></span> <span class='ocrx_word' id='word_1_92' title='bbox 778 1325 921 1382; x_wconf 88' lang='lat' dir='ltr'><strong>continuis</strong></span> <span class='ocrx_word' id='word_1_93' title='bbox 955 1325 1071 1382; x_wconf 77' lang='lat' dir='ltr'><strong>citatior</strong></span> <span class='ocrx_word' id='word_1_94' title='bbox 1106 1326 1197 1384; x_wconf 90' lang='lat' dir='ltr'><strong>solito</strong></span> <span class='ocrx_word' id='word_1_95' title='bbox 1231 1327 1308 1382; x_wconf 83' lang='lat' dir='ltr'><strong>amnia</strong></span> 
     </span>
     <span class='ocr_line' id='line_1_12' title="bbox 252 1430 1332 1513; baseline 0 -25"><span class='ocrx_word' id='word_1_96' title='bbox 252 1442 420 1488; x_wconf 83' lang='lat' dir='ltr'><strong>transverso</strong></span> <span class='ocrx_word' id='word_1_97' title='bbox 442 1433 550 1490; x_wconf 85' lang='lat' dir='ltr'><strong>vertice</strong></span> <span class='ocrx_word' id='word_1_98' title='bbox 572 1432 651 1490; x_wconf 88' lang='lat' dir='ltr'><strong>dolia</strong></span> <span class='ocrx_word' id='word_1_99' title='bbox 671 1431 787 1506; x_wconf 89' lang='lat' dir='ltr'><strong>impulit</strong></span> <span class='ocrx_word' id='word_1_100' title='bbox 808 1430 971 1505; x_wconf 83' lang='lat' dir='ltr'><strong>adripam,</strong></span> <span class='ocrx_word' id='word_1_101' title='bbox 994 1448 1082 1504; x_wconf 89' lang='lat' dir='ltr'><strong>quam</strong></span> <span class='ocrx_word' id='word_1_102' title='bbox 1105 1434 1209 1490; x_wconf 89' lang='lat' dir='ltr'><strong>hostes</strong></span> <span class='ocrx_word' id='word_1_103' title='bbox 1224 1451 1308 1490; x_wconf 81' lang='lat' dir='ltr'><strong>serva·</strong></span> <span class='ocrx_word' id='word_1_104' title='bbox 1331 1496 1332 1513; x_wconf 13' lang='grc' dir='ltr'>χ</span> 
     </span>
     <span class='ocr_line' id='line_1_13' title="bbox 253 1535 1309 1614; baseline 0.001 -20"><span class='ocrx_word' id='word_1_105' title='bbox 253 1538 333 1594; x_wconf 78' lang='lat' dir='ltr'><strong>bant.</strong></span> <span class='ocrx_word' id='word_1_106' title='bbox 387 1535 433 1593; x_wconf 85' lang='lat' dir='ltr'><strong>lbi</strong></span> <span class='ocrx_word' id='word_1_107' title='bbox 461 1536 600 1594; x_wconf 89' lang='lat' dir='ltr'><strong>haerentia</strong></span> <span class='ocrx_word' id='word_1_108' title='bbox 627 1537 703 1594; x_wconf 87' lang='lat' dir='ltr'><strong>inter</strong></span> <span class='ocrx_word' id='word_1_109' title='bbox 729 1537 838 1594; x_wconf 82' lang='lat' dir='ltr'><strong>obnata</strong></span> <span class='ocrx_word' id='word_1_110' title='bbox 864 1535 935 1610; x_wconf 90' lang='lat' dir='ltr'><strong>ripis</strong></span> <span class='ocrx_word' id='word_1_111' title='bbox 962 1535 1066 1592; x_wconf 84' lang='lat' dir='ltr'><strong>salicta</strong></span> <span class='ocrx_word' id='word_1_112' title='bbox 1093 1538 1309 1614; x_wconf 78' lang='lat' dir='ltr'><strong>conspiciuntur.</strong></span> 
     </span>
     <span class='ocr_line' id='line_1_14' title="bbox 253 1640 1308 1715; baseline -0.001 -18"><span class='ocrx_word' id='word_1_113' title='bbox 253 1641 473 1715; x_wconf 89' lang='lat' dir='ltr'><strong>nuntiatumque</strong></span> <span class='ocrx_word' id='word_1_114' title='bbox 494 1641 654 1699; x_wconf 88' lang='lat' dir='ltr'><strong>Hannibali</strong></span> <span class='ocrx_word' id='word_1_115' title='bbox 676 1651 719 1698; x_wconf 90' lang='lat' dir='ltr'><strong>est</strong></span> <span class='ocrx_word' id='word_1_116' title='bbox 747 1649 775 1698; x_wconf 90' lang='lat' dir='ltr'><strong>et</strong></span> <span class='ocrx_word' id='word_1_117' title='bbox 796 1641 899 1698; x_wconf 90' lang='lat' dir='ltr'><strong>deinde</strong></span> <span class='ocrx_word' id='word_1_118' title='bbox 920 1640 1074 1697; x_wconf 89' lang='lat' dir='ltr'><strong>intentiore</strong></span> <span class='ocrx_word' id='word_1_119' title='bbox 1096 1643 1234 1700; x_wconf 90' lang='lat' dir='ltr'><strong>custodia</strong></span> <span class='ocrx_word' id='word_1_120' title='bbox 1255 1659 1308 1699; x_wconf 87' lang='lat' dir='ltr'><strong>cau·</strong></span> 
     </span>
     <span class='ocr_line' id='line_1_15' title="bbox 204 1742 1308 1821; baseline 0.001 -17"><span class='ocrx_word' id='word_1_121' title='bbox 204 1742 239 1799; x_wconf 81' lang='lat'><strong>12</strong></span> <span class='ocrx_word' id='word_1_122' title='bbox 254 1755 331 1817; x_wconf 89' lang='lat' dir='ltr'><strong>tum,</strong></span> <span class='ocrx_word' id='word_1_123' title='bbox 362 1766 399 1803; x_wconf 93' lang='lat' dir='ltr'><strong>ne</strong></span> <span class='ocrx_word' id='word_1_124' title='bbox 429 1748 498 1821; x_wconf 92' lang='lat' dir='ltr'><strong>quid</strong></span> <span class='ocrx_word' id='word_1_125' title='bbox 527 1746 642 1804; x_wconf 85' lang='lat' dir='ltr'><strong>falleret</strong></span> <span class='ocrx_word' id='word_1_126' title='bbox 670 1746 816 1804; x_wconf 89' lang='lat' dir='ltr'><strong>Vulturno</strong></span> <span class='ocrx_word' id='word_1_127' title='bbox 849 1746 888 1803; x_wconf 90' lang='lat' dir='ltr'><strong>ad</strong></span> <span class='ocrx_word' id='word_1_128' title='bbox 916 1747 1017 1802; x_wconf 89' lang='lat' dir='ltr'><strong>urbem</strong></span> <span class='ocrx_word' id='word_1_129' title='bbox 1045 1743 1179 1803; x_wconf 86' lang='lat' dir='ltr'><strong>missum.</strong></span> <span class='ocrx_word' id='word_1_130' title='bbox 1225 1750 1308 1805; x_wconf 79' lang='lat' dir='ltr'><strong>Nuces</strong></span> 
     </span>
     <span class='ocr_line' id='line_1_16' title="bbox 253 1851 1308 1952; baseline -0.002 -42"><span class='ocrx_word' id='word_1_131' title='bbox 253 1863 351 1912; x_wconf 89' lang='lat' dir='ltr'><strong>tamen</strong></span> <span class='ocrx_word' id='word_1_132' title='bbox 374 1853 453 1952; x_wconf 73' lang='lat' dir='ltr'><strong>fusae¹</strong></span> <span class='ocrx_word' id='word_1_133' title='bbox 471 1855 507 1911; x_wconf 89' lang='lat' dir='ltr'><strong>ab</strong></span> <span class='ocrx_word' id='word_1_134' title='bbox 523 1853 664 1912; x_wconf 88' lang='lat' dir='ltr'><strong>Romanis</strong></span> <span class='ocrx_word' id='word_1_135' title='bbox 686 1853 797 1922; x_wconf 87' lang='lat' dir='ltr'><strong>castris,</strong></span> <span class='ocrx_word' id='word_1_136' title='bbox 820 1869 909 1925; x_wconf 90' lang='lat' dir='ltr'><strong>quum</strong></span> <span class='ocrx_word' id='word_1_137' title='bbox 933 1851 1029 1908; x_wconf 89' lang='lat' dir='ltr'><strong>medio</strong></span> <span class='ocrx_word' id='word_1_138' title='bbox 1052 1851 1132 1908; x_wconf 90' lang='lat' dir='ltr'><strong>amni</strong></span> <span class='ocrx_word' id='word_1_139' title='bbox 1157 1853 1197 1910; x_wconf 85' lang='lat' dir='ltr'><strong>ad</strong></span> <span class='ocrx_word' id='word_1_140' title='bbox 1222 1851 1308 1911; x_wconf 84' lang='lat' dir='ltr'><strong>Casili·</strong></span> 
     </span>
     <span class='ocr_line' id='line_1_17' title="bbox 204 1956 1308 2032; baseline 0 -20"><span class='ocrx_word' id='word_1_141' title='bbox 204 1956 239 2012; x_wconf 79' lang='lat' dir='ltr'><strong>ta</strong></span> <span class='ocrx_word' id='word_1_142' title='bbox 254 1979 321 2017; x_wconf 91' lang='lat' dir='ltr'><strong>num</strong></span> <span class='ocrx_word' id='word_1_143' title='bbox 363 1961 534 2030; x_wconf 88' lang='lat' dir='ltr'><strong>defluerent,</strong></span> <span class='ocrx_word' id='word_1_144' title='bbox 572 1959 700 2016; x_wconf 85' lang='lat' dir='ltr'><strong>cratibus</strong></span> <span class='ocrx_word' id='word_1_145' title='bbox 735 1957 963 2032; x_wconf 84' lang='lat' dir='ltr'><strong>excipiebantur.</strong></span> <span class='ocrx_word' id='word_1_146' title='bbox 1027 1958 1187 2015; x_wconf 87' lang='lat' dir='ltr'><strong>Postremo</strong></span> <span class='ocrx_word' id='word_1_147' title='bbox 1225 1959 1262 2015; x_wconf 91' lang='lat' dir='ltr'><strong>ad</strong></span> <span class='ocrx_word' id='word_1_148' title='bbox 1288 1957 1308 2012; x_wconf 87' lang='lat' dir='ltr'><strong>id</strong></span> 
     </span>
     <span class='ocr_line' id='line_1_18' title="bbox 253 2061 1308 2138; baseline -0.001 -19"><span class='ocrx_word' id='word_1_149' title='bbox 253 2073 371 2120; x_wconf 89' lang='lat' dir='ltr'><strong>ventum</strong></span> <span class='ocrx_word' id='word_1_150' title='bbox 393 2065 498 2138; x_wconf 88' lang='lat' dir='ltr'><strong>inopiae</strong></span> <span class='ocrx_word' id='word_1_151' title='bbox 519 2073 572 2134; x_wconf 87' lang='lat' dir='ltr'><strong>est,</strong></span> <span class='ocrx_word' id='word_1_152' title='bbox 595 2072 627 2120; x_wconf 91' lang='lat' dir='ltr'><strong>ut</strong></span> <span class='ocrx_word' id='word_1_153' title='bbox 647 2063 711 2120; x_wconf 90' lang='lat' dir='ltr'><strong>lora</strong></span> <span class='ocrx_word' id='word_1_154' title='bbox 733 2063 936 2135; x_wconf 82' lang='lat' dir='ltr'><strong>detractasque</strong></span> <span class='ocrx_word' id='word_1_155' title='bbox 957 2062 1045 2119; x_wconf 86' lang='lat' dir='ltr'><strong>scutis</strong></span> <span class='ocrx_word' id='word_1_156' title='bbox 1067 2061 1169 2136; x_wconf 89' lang='lat' dir='ltr'><strong>pelles,</strong></span> <span class='ocrx_word' id='word_1_157' title='bbox 1195 2064 1247 2120; x_wconf 91' lang='lat' dir='ltr'><strong>ubi</strong></span> <span class='ocrx_word' id='word_1_158' title='bbox 1266 2062 1308 2119; x_wconf 86' lang='lat' dir='ltr'><strong>fer·</strong></span> 
     </span>
     <span class='ocr_line' id='line_1_19' title="bbox 253 2167 1307 2242; baseline -0.003 -19"><span class='ocrx_word' id='word_1_159' title='bbox 253 2169 321 2224; x_wconf 88' lang='lat' dir='ltr'><strong>vida</strong></span> <span class='ocrx_word' id='word_1_160' title='bbox 344 2167 504 2224; x_wconf 88' lang='lat' dir='ltr'><strong>mollissent</strong></span> <span class='ocrx_word' id='word_1_161' title='bbox 526 2187 612 2242; x_wconf 87' lang='lat' dir='ltr'><strong>aqua,</strong></span> <span class='ocrx_word' id='word_1_162' title='bbox 635 2167 772 2224; x_wconf 87' lang='lat' dir='ltr'><strong>mandere</strong></span> <span class='ocrx_word' id='word_1_163' title='bbox 796 2175 970 2224; x_wconf 85' lang='lat' dir='ltr'><strong>conarentur</strong></span> <span class='ocrx_word' id='word_1_164' title='bbox 991 2185 1044 2224; x_wconf 91' lang='lat' dir='ltr'><strong>nec</strong></span> <span class='ocrx_word' id='word_1_165' title='bbox 1070 2167 1203 2226; x_wconf 89' lang='lat' dir='ltr'><strong>muribus</strong></span> <span class='ocrx_word' id='word_1_166' title='bbox 1229 2168 1307 2226; x_wconf 79' lang='lat' dir='ltr'><strong>aliove</strong></span> 
     </span>
    </p>
   </div>
   <div class='ocr_carea' id='block_1_3' title="bbox 253 2271 1307 2353">
    <p class='ocr_par' dir='ltr' id='par_1_3' title="bbox 253 2271 1307 2353">
     <span class='ocr_line' id='line_1_20' title="bbox 253 2271 1307 2353; baseline 0.001 -25"><span class='ocrx_word' id='word_1_167' title='bbox 253 2271 372 2330; x_wconf 90' lang='lat' dir='ltr'><strong>animali</strong></span> <span class='ocrx_word' id='word_1_168' title='bbox 395 2271 572 2352; x_wconf 80' lang='lat' dir='ltr'><strong>abstinerent</strong></span> <span class='ocrx_word' id='word_1_169' title='bbox 597 2281 625 2329; x_wconf 89' lang='lat' dir='ltr'><strong>et</strong></span> <span class='ocrx_word' id='word_1_170' title='bbox 655 2291 740 2353; x_wconf 80' lang='lat' dir='ltr'><strong>omne</strong></span> <span class='ocrx_word' id='word_1_171' title='bbox 761 2271 915 2328; x_wconf 88' lang='lat' dir='ltr'><strong>herbarum</strong></span> <span class='ocrx_word' id='word_1_172' title='bbox 938 2272 1128 2347; x_wconf 86' lang='lat' dir='ltr'><strong>radicumque</strong></span> <span class='ocrx_word' id='word_1_173' title='bbox 1149 2291 1246 2348; x_wconf 85' lang='lat' dir='ltr'><strong>genus</strong></span> <span class='ocrx_word' id='word_1_174' title='bbox 1267 2289 1307 2346; x_wconf 82' lang='lat' dir='ltr'><strong>ag·</strong></span> 
     </span>
    </p>
   </div>
   <div class='ocr_carea' id='block_1_4' title="bbox 202 2375 1308 4027">
    <p class='ocr_par' dir='ltr' id='par_1_4' title="bbox 205 2375 1306 2659">
     <span class='ocr_line' id='line_1_21' title="bbox 205 2375 1306 2450; baseline -0.003 -15"><span class='ocrx_word' id='word_1_175' title='bbox 205 2383 239 2435; x_wconf 83' lang='grc'><strong>14</strong></span> <span class='ocrx_word' id='word_1_176' title='bbox 252 2376 369 2450; x_wconf 76' lang='lat' dir='ltr'><strong>genibus</strong></span> <span class='ocrx_word' id='word_1_177' title='bbox 396 2375 501 2432; x_wconf 87' lang='lat' dir='ltr'><strong>infimis</strong></span> <span class='ocrx_word' id='word_1_178' title='bbox 528 2378 602 2434; x_wconf 90' lang='lat' dir='ltr'><strong>muri</strong></span> <span class='ocrx_word' id='word_1_179' title='bbox 636 2384 777 2436; x_wconf 90' lang='lat' dir='ltr'><strong>eruerent.</strong></span> <span class='ocrx_word' id='word_1_180' title='bbox 828 2376 867 2432; x_wconf 85' lang='lat' dir='ltr'><strong>Et</strong></span> <span class='ocrx_word' id='word_1_181' title='bbox 895 2395 985 2450; x_wconf 88' lang='lat' dir='ltr'><strong>quum</strong></span> <span class='ocrx_word' id='word_1_182' title='bbox 1014 2379 1113 2434; x_wconf 87' lang='lat' dir='ltr'><strong>hostes</strong></span> <span class='ocrx_word' id='word_1_183' title='bbox 1136 2380 1306 2436; x_wconf 84' lang='lat' dir='ltr'><strong>obarassent.</strong></span> 
     </span>
     <span class='ocr_line' id='line_1_22' title="bbox 253 2480 1306 2558; baseline 0 -21"><span class='ocrx_word' id='word_1_184' title='bbox 253 2480 391 2555; x_wconf 88' lang='lat' dir='ltr'><strong>quioquid</strong></span> <span class='ocrx_word' id='word_1_185' title='bbox 418 2481 531 2539; x_wconf 88' lang='lat' dir='ltr'><strong>herbidi</strong></span> <span class='ocrx_word' id='word_1_186' title='bbox 557 2482 663 2540; x_wconf 91' lang='lat' dir='ltr'><strong>terreni</strong></span> <span class='ocrx_word' id='word_1_187' title='bbox 689 2490 772 2538; x_wconf 86' lang='lat' dir='ltr'><strong>extra</strong></span> <span class='ocrx_word' id='word_1_188' title='bbox 803 2500 916 2538; x_wconf 89' lang='lat' dir='ltr'><strong>murum</strong></span> <span class='ocrx_word' id='word_1_189' title='bbox 949 2491 1026 2553; x_wconf 85' lang='lat' dir='ltr'><strong>erat,</strong></span> <span class='ocrx_word' id='word_1_190' title='bbox 1057 2502 1200 2558; x_wconf 88' lang='lat' dir='ltr'><strong>raporum</strong></span> <span class='ocrx_word' id='word_1_191' title='bbox 1223 2502 1306 2540; x_wconf 87' lang='lat' dir='ltr'><strong>semen</strong></span> 
     </span>
     <span class='ocr_line' id='line_1_23' title="bbox 252 2586 1306 2659; baseline -0.002 -16"><span class='ocrx_word' id='word_1_192' title='bbox 252 2587 425 2656; x_wconf 87' lang='lat' dir='ltr'><strong>iniecerunt,</strong></span> <span class='ocrx_word' id='word_1_193' title='bbox 447 2595 479 2642; x_wconf 91' lang='lat' dir='ltr'><strong>ut</strong></span> <span class='ocrx_word' id='word_1_194' title='bbox 500 2587 650 2644; x_wconf 85' lang='lat' dir='ltr'><strong>Hannibal</strong></span> <span class='ocrx_word' id='word_1_195' title='bbox 674 2587 775 2655; x_wconf 79' lang='lat' dir='ltr'><strong>„Eone</strong></span> <span class='ocrx_word' id='word_1_196' title='bbox 797 2604 903 2659; x_wconf 90' lang='lat' dir='ltr'><strong>usque,</strong></span> <span class='ocrx_word' id='word_1_197' title='bbox 932 2586 1056 2643; x_wconf 90' lang='lat' dir='ltr'><strong>dumea</strong></span> <span class='ocrx_word' id='word_1_198' title='bbox 1077 2598 1254 2659; x_wconf 84' lang='lat' dir='ltr'><strong>nascantur,</strong></span> <span class='ocrx_word' id='word_1_199' title='bbox 1281 2587 1306 2644; x_wconf 82' lang='lat' dir='ltr'><strong>ad</strong></span> 
     </span>
    </p>

    <p class='ocr_par' dir='ltr' id='par_1_5' title="bbox 203 2689 1307 2873">
     <span class='ocr_line' id='line_1_24' title="bbox 203 2689 1307 2774; baseline -0.002 -25"><span class='ocrx_word' id='word_1_200' title='bbox 203 2691 413 2760; x_wconf 77' lang='lat' dir='ltr'><strong>lbssasilinum</strong></span> <span class='ocrx_word' id='word_1_201' title='bbox 444 2708 574 2748; x_wconf 86' lang='lat' dir='ltr'><strong>sessurus</strong></span> <span class='ocrx_word' id='word_1_202' title='bbox 604 2689 707 2748; x_wconf 85' lang='lat' dir='ltr'><strong>sum?“</strong></span> <span class='ocrx_word' id='word_1_203' title='bbox 743 2691 932 2774; x_wconf 55' lang='lat' dir='ltr'><strong>exclamaret,</strong></span> <span class='ocrx_word' id='word_1_204' title='bbox 966 2700 995 2748; x_wconf 87' lang='lat' dir='ltr'><strong>et</strong></span> <span class='ocrx_word' id='word_1_205' title='bbox 1022 2693 1071 2766; x_wconf 90' lang='lat' dir='ltr'><strong>qui</strong></span> <span class='ocrx_word' id='word_1_206' title='bbox 1094 2693 1207 2751; x_wconf 88' lang='lat' dir='ltr'><strong>nullam</strong></span> <span class='ocrx_word' id='word_1_207' title='bbox 1234 2706 1307 2751; x_wconf 88' lang='lat' dir='ltr'><strong>antea</strong></span> 
     </span>
     <span class='ocr_line' id='line_1_25' title="bbox 253 2796 1307 2873; baseline -0.002 -21"><span class='ocrx_word' id='word_1_208' title='bbox 253 2796 415 2871; x_wconf 77' lang='lat' dir='ltr'><strong>pactionem</strong></span> <span class='ocrx_word' id='word_1_209' title='bbox 439 2797 557 2853; x_wconf 87' lang='lat' dir='ltr'><strong>auribus</strong></span> <span class='ocrx_word' id='word_1_210' title='bbox 577 2796 742 2865; x_wconf 81' lang='lat' dir='ltr'><strong>admiserat,</strong></span> <span class='ocrx_word' id='word_1_211' title='bbox 764 2805 824 2852; x_wconf 90' lang='lat' dir='ltr'><strong>tum</strong></span> <span class='ocrx_word' id='word_1_212' title='bbox 840 2796 954 2853; x_wconf 89' lang='lat' dir='ltr'><strong>demum</strong></span> <span class='ocrx_word' id='word_1_213' title='bbox 971 2796 1020 2870; x_wconf 89' lang='lat' dir='ltr'><strong>agi</strong></span> <span class='ocrx_word' id='word_1_214' title='bbox 1041 2814 1139 2854; x_wconf 85' lang='lat' dir='ltr'><strong>secum</strong></span> <span class='ocrx_word' id='word_1_215' title='bbox 1155 2808 1201 2855; x_wconf 91' lang='lat' dir='ltr'><strong>est</strong></span> <span class='ocrx_word' id='word_1_216' title='bbox 1216 2815 1307 2873; x_wconf 77' lang='lat' dir='ltr'><strong>passus</strong></span> 
     </span>
    </p>

    <p class='ocr_par' dir='ltr' id='par_1_6' title="bbox 204 2900 1308 3186">
     <span class='ocr_line' id='line_1_26' title="bbox 204 2900 1307 2979; baseline -0.002 -17"><span class='ocrx_word' id='word_1_217' title='bbox 204 2908 239 2962; x_wconf 82' lang='lat'><strong>16</strong></span> <span class='ocrx_word' id='word_1_218' title='bbox 253 2903 289 2958; x_wconf 89' lang='lat' dir='ltr'><strong>de</strong></span> <span class='ocrx_word' id='word_1_219' title='bbox 309 2901 507 2976; x_wconf 89' lang='lat' dir='ltr'><strong>redemptione</strong></span> <span class='ocrx_word' id='word_1_220' title='bbox 530 2901 686 2958; x_wconf 86' lang='lat' dir='ltr'><strong>liberorum</strong></span> <span class='ocrx_word' id='word_1_221' title='bbox 711 2901 848 2976; x_wconf 85' lang='lat' dir='ltr'><strong>capitum.</strong></span> <span class='ocrx_word' id='word_1_222' title='bbox 898 2900 1057 2976; x_wconf 85' lang='lat' dir='ltr'><strong>Septunces</strong></span> <span class='ocrx_word' id='word_1_223' title='bbox 1079 2904 1145 2960; x_wconf 88' lang='lat' dir='ltr'><strong>auri</strong></span> <span class='ocrx_word' id='word_1_224' title='bbox 1165 2905 1196 2960; x_wconf 94' lang='lat' dir='ltr'><strong>in</strong></span> <span class='ocrx_word' id='word_1_225' title='bbox 1219 2904 1307 2979; x_wconf 85' lang='lat' dir='ltr'><strong>singu·</strong></span> 
     </span>
     <span class='ocr_line' id='line_1_27' title="bbox 252 3005 1307 3082; baseline -0.003 -18"><span class='ocrx_word' id='word_1_226' title='bbox 252 3009 296 3065; x_wconf 89' lang='lat' dir='ltr'><strong>los</strong></span> <span class='ocrx_word' id='word_1_227' title='bbox 317 3008 440 3082; x_wconf 89' lang='lat' dir='ltr'><strong>pretium</strong></span> <span class='ocrx_word' id='word_1_228' title='bbox 464 3007 606 3064; x_wconf 87' lang='lat' dir='ltr'><strong>convenit.</strong></span> <span class='ocrx_word' id='word_1_229' title='bbox 649 3005 723 3063; x_wconf 85' lang='lat' dir='ltr'><strong>Fide</strong></span> <span class='ocrx_word' id='word_1_230' title='bbox 748 3013 868 3080; x_wconf 85' lang='lat' dir='ltr'><strong>accepta</strong></span> <span class='ocrx_word' id='word_1_231' title='bbox 888 3007 1068 3064; x_wconf 86' lang='lat' dir='ltr'><strong>tradiderunt</strong></span> <span class='ocrx_word' id='word_1_232' title='bbox 1091 3026 1165 3066; x_wconf 87' lang='lat' dir='ltr'><strong>sese.</strong></span> <span class='ocrx_word' id='word_1_233' title='bbox 1217 3011 1307 3066; x_wconf 86' lang='lat' dir='ltr'><strong>Donec</strong></span> 
     </span>
     <span class='ocr_line' id='line_1_28' title="bbox 253 3110 1308 3186; baseline -0.003 -18"><span class='ocrx_word' id='word_1_234' title='bbox 253 3131 338 3169; x_wconf 89' lang='lat' dir='ltr'><strong>omne</strong></span> <span class='ocrx_word' id='word_1_235' title='bbox 360 3130 462 3168; x_wconf 85' lang='lat' dir='ltr'><strong>aurum</strong></span> <span class='ocrx_word' id='word_1_236' title='bbox 485 3110 662 3186; x_wconf 87' lang='lat' dir='ltr'><strong>persolutum</strong></span> <span class='ocrx_word' id='word_1_237' title='bbox 694 3119 751 3180; x_wconf 87' lang='lat' dir='ltr'><strong>est,</strong></span> <span class='ocrx_word' id='word_1_238' title='bbox 780 3111 809 3166; x_wconf 93' lang='lat' dir='ltr'><strong>in</strong></span> <span class='ocrx_word' id='word_1_239' title='bbox 839 3110 961 3168; x_wconf 87' lang='lat' dir='ltr'><strong>vinculis</strong></span> <span class='ocrx_word' id='word_1_240' title='bbox 982 3112 1089 3182; x_wconf 84' lang='lat' dir='ltr'><strong>habiti3</strong></span> <span class='ocrx_word' id='word_1_241' title='bbox 1121 3123 1182 3170; x_wconf 91' lang='lat' dir='ltr'><strong>tum</strong></span> <span class='ocrx_word' id='word_1_242' title='bbox 1206 3111 1308 3170; x_wconf 83' lang='lat' dir='ltr'><strong>remissi</strong></span> 
     </span>
    </p>

    <p class='ocr_par' dir='ltr' id='par_1_7' title="bbox 202 3215 1308 3713">
     <span class='ocr_line' id='line_1_29' title="bbox 202 3215 1307 3291; baseline -0.005 -15"><span class='ocrx_word' id='word_1_243' title='bbox 202 3223 237 3276; x_wconf 84' lang='lat'><strong>17</strong></span> <span class='ocrx_word' id='word_1_244' title='bbox 253 3235 367 3274; x_wconf 88' lang='lat' dir='ltr'><strong>somma</strong></span> <span class='ocrx_word' id='word_1_245' title='bbox 388 3234 453 3272; x_wconf 89' lang='lat' dir='ltr'><strong>cum</strong></span> <span class='ocrx_word' id='word_1_246' title='bbox 474 3215 540 3278; x_wconf 87' lang='lat' dir='ltr'><strong>fide.</strong></span> <span class='ocrx_word' id='word_1_247' title='bbox 582 3215 617 3271; x_wconf 94' lang='lat' dir='ltr'><strong>Id</strong></span> <span class='ocrx_word' id='word_1_248' title='bbox 639 3215 735 3272; x_wconf 85' lang='lat' dir='ltr'><strong>verius</strong></span> <span class='ocrx_word' id='word_1_249' title='bbox 759 3225 803 3272; x_wconf 89' lang='lat' dir='ltr'><strong>est</strong></span> <span class='ocrx_word' id='word_1_250' title='bbox 826 3234 913 3290; x_wconf 83' lang='lat' dir='ltr'><strong>quarn</strong></span> <span class='ocrx_word' id='word_1_251' title='bbox 945 3218 982 3274; x_wconf 92' lang='lat' dir='ltr'><strong>ab</strong></span> <span class='ocrx_word' id='word_1_252' title='bbox 1006 3218 1153 3291; x_wconf 82' lang='lat' dir='ltr'><strong>equitein</strong></span> <span class='ocrx_word' id='word_1_253' title='bbox 1178 3220 1307 3276; x_wconf 80' lang='lat' dir='ltr'><strong>abeuntes</strong></span> 
     </span>
     <span class='ocr_line' id='line_1_30' title="bbox 252 3318 1308 3395; baseline 0.004 -18"><span class='ocrx_word' id='word_1_254' title='bbox 252 3321 382 3377; x_wconf 89' lang='lat' dir='ltr'><strong>immisso</strong></span> <span class='ocrx_word' id='word_1_255' title='bbox 416 3318 592 3378; x_wconf 84' lang='lat' dir='ltr'><strong>interfectos.</strong></span> <span class='ocrx_word' id='word_1_256' title='bbox 650 3321 821 3379; x_wconf 76' lang='lat' dir='ltr'><strong>Praenestini</strong></span> <span class='ocrx_word' id='word_1_257' title='bbox 853 3320 982 3378; x_wconf 86' lang='lat' dir='ltr'><strong>maxima</strong></span> <span class='ocrx_word' id='word_1_258' title='bbox 1013 3339 1082 3395; x_wconf 88' lang='lat' dir='ltr'><strong>para</strong></span> <span class='ocrx_word' id='word_1_259' title='bbox 1114 3322 1208 3384; x_wconf 86' lang='lat' dir='ltr'><strong>fuero.</strong></span> <span class='ocrx_word' id='word_1_260' title='bbox 1270 3325 1308 3380; x_wconf 85' lang='lat' dir='ltr'><strong>Ex</strong></span> 
     </span>
     <span class='ocr_line' id='line_1_31' title="bbox 253 3424 1307 3501; baseline 0.002 -19"><span class='ocrx_word' id='word_1_261' title='bbox 253 3424 415 3500; x_wconf 83' lang='lat' dir='ltr'><strong>quingentis</strong></span> <span class='ocrx_word' id='word_1_262' title='bbox 430 3425 622 3501; x_wconf 85' lang='lat' dir='ltr'><strong>septuaginta,</strong></span> <span class='ocrx_word' id='word_1_263' title='bbox 646 3428 695 3500; x_wconf 91' lang='lat' dir='ltr'><strong>qui</strong></span> <span class='ocrx_word' id='word_1_264' title='bbox 710 3428 739 3483; x_wconf 92' lang='lat' dir='ltr'><strong>in</strong></span> <span class='ocrx_word' id='word_1_265' title='bbox 753 3426 888 3501; x_wconf 75' lang='lat' dir='ltr'><strong>praesidio</strong></span> <span class='ocrx_word' id='word_1_266' title='bbox 910 3424 1035 3496; x_wconf 86' lang='lat' dir='ltr'><strong>fuerunt,</strong></span> <span class='ocrx_word' id='word_1_267' title='bbox 1057 3427 1151 3486; x_wconf 91' lang='lat' dir='ltr'><strong>minus</strong></span> <span class='ocrx_word' id='word_1_268' title='bbox 1167 3429 1307 3486; x_wconf 85' lang='lat' dir='ltr'><strong>dimidium</strong></span> 
     </span>
     <span class='ocr_line' id='line_1_32' title="bbox 252 3528 1306 3606; baseline 0 -19"><span class='ocrx_word' id='word_1_269' title='bbox 252 3530 360 3587; x_wconf 87' lang='lat' dir='ltr'><strong>ferrum</strong></span> <span class='ocrx_word' id='word_1_270' title='bbox 388 3528 538 3604; x_wconf 81' lang='lat' dir='ltr'><strong>famesque</strong></span> <span class='ocrx_word' id='word_1_271' title='bbox 569 3532 743 3606; x_wconf 79' lang='lat' dir='ltr'><strong>absumpsit3</strong></span> <span class='ocrx_word' id='word_1_272' title='bbox 777 3533 865 3590; x_wconf 91' lang='lat' dir='ltr'><strong>ceteri</strong></span> <span class='ocrx_word' id='word_1_273' title='bbox 891 3531 1049 3588; x_wconf 87' lang='lat' dir='ltr'><strong>incolumes</strong></span> <span class='ocrx_word' id='word_1_274' title='bbox 1079 3533 1230 3592; x_wconf 80' lang='lat' dir='ltr'><strong>Praeneste</strong></span> <span class='ocrx_word' id='word_1_275' title='bbox 1250 3553 1306 3592; x_wconf 76' lang='lat' dir='ltr'><strong>cunt</strong></span> 
     </span>
     <span class='ocr_line' id='line_1_33' title="bbox 252 3635 1306 3713; baseline 0.002 -21"><span class='ocrx_word' id='word_1_276' title='bbox 252 3643 376 3709; x_wconf 79' lang='lat' dir='ltr'><strong>praetore</strong></span> <span class='ocrx_word' id='word_1_277' title='bbox 407 3653 461 3692; x_wconf 90' lang='lat' dir='ltr'><strong>suo</strong></span> <span class='ocrx_word' id='word_1_278' title='bbox 494 3637 535 3693; x_wconf 89' lang='lat' dir='ltr'><strong>M.</strong></span> <span class='ocrx_word' id='word_1_279' title='bbox 565 3637 670 3694; x_wconf 88' lang='lat' dir='ltr'><strong>Anicio</strong></span> <span class='ocrx_word' id='word_1_280' title='bbox 705 3635 824 3709; x_wconf 83' lang='lat' dir='ltr'><strong>(scriba</strong></span> <span class='ocrx_word' id='word_1_281' title='bbox 841 3637 866 3693; x_wconf 91' lang='lat' dir='ltr'><strong>is</strong></span> <span class='ocrx_word' id='word_1_282' title='bbox 898 3644 984 3693; x_wconf 89' lang='lat' dir='ltr'><strong>antea</strong></span> <span class='ocrx_word' id='word_1_283' title='bbox 1012 3635 1121 3713; x_wconf 80' lang='lat' dir='ltr'><strong>fuerat)</strong></span> <span class='ocrx_word' id='word_1_284' title='bbox 1157 3639 1306 3697; x_wconf 83' lang='lat' dir='ltr'><strong>redierunt.</strong></span> 
     </span>
    </p>

    <p class='ocr_par' dir='ltr' id='par_1_8' title="bbox 202 3740 1308 4027">
     <span class='ocr_line' id='line_1_34' title="bbox 202 3740 1308 3813; baseline 0 -13"><span class='ocrx_word' id='word_1_285' title='bbox 202 3745 239 3801; x_wconf 79' lang='lat' dir='ltr'><strong>ta</strong></span> <span class='ocrx_word' id='word_1_286' title='bbox 253 3740 358 3799; x_wconf 88' lang='lat' dir='ltr'><strong>Statua</strong></span> <span class='ocrx_word' id='word_1_287' title='bbox 390 3741 451 3799; x_wconf 87' lang='lat' dir='ltr'><strong>eius</strong></span> <span class='ocrx_word' id='word_1_288' title='bbox 477 3741 582 3800; x_wconf 89' lang='lat' dir='ltr'><strong>indicio</strong></span> <span class='ocrx_word' id='word_1_289' title='bbox 604 3741 674 3809; x_wconf 73' lang='lat' dir='ltr'><strong>finit,</strong></span> <span class='ocrx_word' id='word_1_290' title='bbox 702 3743 849 3798; x_wconf 83' lang='lat' dir='ltr'><strong>Praeneste</strong></span> <span class='ocrx_word' id='word_1_291' title='bbox 877 3741 907 3799; x_wconf 91' lang='lat' dir='ltr'><strong>in</strong></span> <span class='ocrx_word' id='word_1_292' title='bbox 932 3740 998 3800; x_wconf 89' lang='lat' dir='ltr'><strong>foro</strong></span> <span class='ocrx_word' id='word_1_293' title='bbox 1028 3751 1153 3813; x_wconf 87' lang='lat' dir='ltr'><strong>statuta,</strong></span> <span class='ocrx_word' id='word_1_294' title='bbox 1184 3744 1308 3802; x_wconf 89' lang='lat' dir='ltr'><strong>loricata.</strong></span> 
     </span>
     <span class='ocr_line' id='line_1_35' title="bbox 253 3837 1308 3925; baseline 0.003 -24"><span class='ocrx_word' id='word_1_295' title='bbox 253 3846 360 3902; x_wconf 88' lang='lat' dir='ltr'><strong>amicta</strong></span> <span class='ocrx_word' id='word_1_296' title='bbox 381 3855 467 3920; x_wconf 84' lang='lat' dir='ltr'><strong>toga,</strong></span> <span class='ocrx_word' id='word_1_297' title='bbox 496 3847 592 3904; x_wconf 90' lang='lat' dir='ltr'><strong>velato</strong></span> <span class='ocrx_word' id='word_1_298' title='bbox 615 3847 708 3922; x_wconf 88' lang='lat' dir='ltr'><strong>capite</strong></span> <span class='ocrx_word' id='word_1_299' title='bbox 739 3844 783 3922; x_wconf 92' lang='lat' dir='ltr'><strong>[et</strong></span> <span class='ocrx_word' id='word_1_300' title='bbox 804 3846 862 3904; x_wconf 89' lang='lat' dir='ltr'><strong>tria</strong></span> <span class='ocrx_word' id='word_1_301' title='bbox 888 3837 986 3925; x_wconf 83' lang='lat' dir='ltr'><strong>sigua]</strong></span> <span class='ocrx_word' id='word_1_302' title='bbox 1015 3867 1078 3905; x_wconf 91' lang='lat' dir='ltr'><strong>cum</strong></span> <span class='ocrx_word' id='word_1_303' title='bbox 1108 3849 1189 3906; x_wconf 91' lang='lat' dir='ltr'><strong>titulo</strong></span> <span class='ocrx_word' id='word_1_304' title='bbox 1211 3848 1308 3906; x_wconf 79' lang='lat' dir='ltr'><strong>lamna</strong></span> 
     </span>
     <span class='ocr_line' id='line_1_36' title="bbox 252 3951 1307 4027; baseline 0.002 -21"><span class='ocrx_word' id='word_1_305' title='bbox 252 3967 349 4006; x_wconf 82' lang='lat' dir='ltr'><strong>aeneae</strong></span> <span class='ocrx_word' id='word_1_306' title='bbox 376 3951 530 4024; x_wconf 88' lang='lat' dir='ltr'><strong>inscripto,</strong></span> <span class='ocrx_word' id='word_1_307' title='bbox 562 3953 604 4009; x_wconf 88' lang='lat' dir='ltr'><strong>M.</strong></span> <span class='ocrx_word' id='word_1_308' title='bbox 630 3952 766 4008; x_wconf 86' lang='lat' dir='ltr'><strong>Anicium</strong></span> <span class='ocrx_word' id='word_1_309' title='bbox 789 3970 843 4026; x_wconf 89' lang='lat' dir='ltr'><strong>pro</strong></span> <span class='ocrx_word' id='word_1_310' title='bbox 873 3951 1027 4022; x_wconf 84' lang='lat' dir='ltr'><strong>militibus,</strong></span> <span class='ocrx_word' id='word_1_311' title='bbox 1062 3953 1112 4027; x_wconf 90' lang='lat' dir='ltr'><strong>qui</strong></span> <span class='ocrx_word' id='word_1_312' title='bbox 1141 3953 1258 4011; x_wconf 84' lang='lat' dir='ltr'><strong>Casilini</strong></span> <span class='ocrx_word' id='word_1_313' title='bbox 1282 3955 1307 4009; x_wconf 90' lang='lat' dir='ltr'><strong>in</strong></span> 
     </span>
    </p>
   </div>
   <div class='ocr_carea' id='block_1_5' title="bbox 0 0 1356 4550">
    <p class='ocr_par' dir='ltr' id='par_1_9' title="bbox 0 0 1356 4550">
     <span class='ocr_line' id='line_1_37' title="bbox 0 0 1356 4550; baseline 0 0"><span class='ocrx_word' id='word_1_314' title='bbox 0 0 1356 4550; x_wconf 95' lang='lat' dir='ltr'><strong> </strong></span> 
     </span>
    </p>
   </div>
  </div>
 </body>
</html>
