2678 4560
295 182 351 238 toa
548 176 626 226 urse»
643 175 761 231 xxvn.
798 177 847 238 (a,
861 191 888 229 u.
904 191 928 228 e.
942 176 1018 239 aar.)

249 369 333 429 esset,
355 367 460 435 praeter
482 359 632 417 Antiatem
656 359 879 434 Ostiensemque
899 360 1018 418 vacatio
1041 360 1203 416 observata
1215 366 1269 424 est;
1287 371 1310 414 et

249 483 348 524 earum
373 463 551 522 coloniarum
573 465 700 523 iuniores
721 466 783 522 iure
804 465 929 522 iurando
944 465 1053 535 adacti,
1075 482 1168 538 supra
1189 464 1249 520 dies
1268 463 1308 518 tri·

249 571 331 646 ginta
361 587 420 627 nou
445 579 666 644 pernoctaturos
688 589 720 627 se
741 577 826 626 extra
849 571 956 628 muenia
979 570 1104 628 coloniae
1124 587 1201 654 euqs,
1230 569 1309 624 donec

249 676 341 734 hostis
364 676 393 732 in
417 675 506 734 Italia
527 684 612 734 esset.

219 782 236 837 6
334 780 430 852 Quum
453 799 553 838 omnes
575 789 732 851 censerent,
757 780 852 855 primo
876 799 994 855 quoqne
1011 778 1308 855 temporeeonsuliun

250 887 374 943 eundum
412 885 450 942 ad
483 886 590 944 bellum
625 886 708 958 (uam
738 895 770 943 et
801 884 984 943 Hasdrubali
1013 885 1227 944 occurrendum
1256 900 1307 939 esse

250 989 434 1049 descendenti
456 990 493 1047 ab
517 990 661 1064 Alpibus,
699 1009 735 1048 ue
757 990 862 1049 Gallos
885 987 1053 1065 Cisalpinos
1074 1009 1152 1048 neve
1176 989 1306 1046 Etmriau

221 1105 375 1162 uerectam
405 1095 434 1151 in
464 1112 546 1170 spem
569 1115 665 1153 rerum
688 1115 830 1154 novarum
852 1095 1038 1165 sollicitaret,
1074 1103 1105 1152 et
1128 1093 1306 1152 Hannibalem

249 1222 303 1261 suc
325 1200 444 1278 proprio
467 1201 668 1276 occupandum
689 1202 778 1272 bello,
799 1222 836 1260 ne
856 1219 1005 1276 emergere
1027 1221 1068 1258 ex
1089 1201 1213 1258 Bruttiis
1233 1207 1306 1270 atque

250 1307 368 1366 obviam
398 1305 441 1362 ire
469 1305 554 1364 fratri
574 1313 704 1382 posset),
737 1307 838 1366 Livius
860 1308 1069 1377 cunctabatur,
1107 1325 1210 1382 parum
1228 1304 1304 1360 fidens

220 1422 368 1478 8suarum
390 1411 606 1487 provinciarum
629 1413 819 1471 exercitibus:
853 1413 996 1487 collegam
1020 1431 1060 1470 ex
1082 1413 1198 1470 duobus
1218 1426 1304 1466 consu·

249 1519 358 1576 laribus
380 1517 505 1591 egregiis
527 1518 701 1576 exercitibus
724 1527 753 1576 et
774 1517 875 1589 tertio,
903 1517 950 1575 cui
974 1517 1013 1590 Q.
1035 1515 1181 1574 Claudius
1201 1511 1303 1571 Tarenti

250 1632 396 1699 praeesset,
418 1622 586 1680 electionem
608 1625 734 1693 haberc3
762 1623 956 1696 intuleratque
977 1621 1160 1678 mentionem
1184 1620 1218 1676 de
1235 1617 1303 1673 rolo-

220 1727 334 1791 9nibus
355 1730 528 1786 revocandis
550 1730 589 1786 ad
611 1731 704 1804 signa.
753 1729 879 1788 Senatus
907 1728 1029 1786 liberam
1053 1735 1227 1803 potestatem
1247 1741 1301 1780 ccu-

250 1833 360 1890 sulibus
381 1833 451 1892 fecit
470 1846 499 1892 et
520 1835 682 1912 supplendi,
704 1835 780 1892 unde
802 1833 920 1903 vellent,
941 1843 970 1890 et
991 1833 1123 1908 eligendi
1137 1833 1173 1890 de
1190 1830 1300 1888 omnibu

251 1940 433 2010 exercitibus,
457 1961 530 2015 quos
553 1941 668 2012 vellent,
691 1939 933 2016 permutandique
961 1948 1046 1995 etex
1069 1937 1234 2013 provinciis,
1256 1951 1298 2007 quc

203 2051 266 2106 luo
287 2063 319 2102 re
342 2045 459 2121 publica
485 2056 636 2103 censerent
657 2064 738 2114 esse,
761 2043 939 2102 traducendi.
987 2041 1100 2100 Omnia
1122 2061 1188 2098 cunr
1208 2055 1298 2097 summa

250 2151 407 2208 concordia
443 2151 593 2208 consulum
629 2161 705 2208 acta.
767 2151 899 2207 Voloues
934 2150 964 2206 iu
1004 2148 1247 2205 undevicesimam
1279 2153 1297 2196 a

201 2262 233 2316 ll
251 2255 417 2312 vicesimam
439 2255 568 2330 legiones
591 2257 699 2331 scripti.
747 2255 851 2329 Magni
865 2253 980 2311 roboris
997 2253 1113 2312 auxilia
1128 2273 1165 2310 ex
1179 2247 1296 2324 Hispanis

251 2379 367 2434 quoque
396 2379 414 2416 a
443 2361 478 2418 P.
503 2361 640 2437 Scipione
669 2362 712 2421 M.
734 2360 820 2418 Livio
842 2361 933 2417 missa
956 2358 1078 2432 quidam
1102 2359 1142 2415 ad
1166 2358 1195 2414 id
1214 2354 1295 2412 bellun

252 2474 385 2522 auctores
415 2475 499 2538 suut,
533 2477 600 2524 octo
631 2467 722 2524 millia
750 2467 951 2541 Hispanorum
974 2463 1194 2538 Gallorumque
1213 2471 1238 2518 et
1255 2460 1294 2515 duc

250 2569 340 2627 millia
373 2570 410 2627 de
435 2571 549 2646 legione
579 2573 716 2642 militum,
750 2573 878 2647 equitum
908 2571 1006 2640 mille,
1039 2570 1151 2626 mixtos
1178 2564 1292 2626 Numidas

201 2679 236 2735 12
250 2674 473 2751 Hispanosque3
496 2678 537 2733 M.
558 2678 724 2736 Lucretium
749 2679 803 2734 has
826 2677 925 2752 copias
946 2675 1073 2732 navibus
1096 2674 1262 2738 adduxisse3
1276 2677 1292 2720 tt

250 2781 465 2856 sagittariorum
493 2781 729 2856 funditorumque
759 2783 796 2838 ad
824 2782 881 2838 tria
902 2780 993 2837 millia
1014 2798 1053 2836 ex
1074 2778 1178 2837 sicilie
1198 2775 1229 2834 C.
1249 2773 1291 2830 lla·

252 2886 360 2946 milium
376 2887 498 2944 misisse.

155 2986 199 3055 39
335 2995 490 3049 Auxerunt
519 2993 621 3049 Romae
653 2991 806 3048 tumultum
841 2990 943 3047 littae
971 3007 1009 3044 ex
1034 2987 1138 3046 Gallia
1166 2989 1252 3046 allata
1268 2983 1289 3039 ab

221 3097 286 3156 2L.
310 3096 417 3152 Porcio
439 3104 576 3170 praetore:
611 3096 828 3154 Hasdrubalem
851 3095 977 3152 movisse
999 3112 1036 3152 ex
1057 3093 1189 3151 hibernis
1209 3101 1233 3147 et
1252 3090 1288 3144 iau

251 3200 344 3275 Alpes
377 3200 515 3266 transire3
551 3209 618 3257 octo
652 3201 743 3258 millia
776 3201 914 3275 Ligurum
950 3200 1119 3275 conscripta
1147 3207 1288 3266 armataque

250 3305 438 3363 coniunctura
467 3323 498 3362 se
520 3314 703 3380 transgresso
724 3307 754 3362 in
776 3306 893 3363 Italiam
916 3323 996 3374 esse,
1031 3305 1088 3362 nisi
1109 3304 1258 3362 mitteretur
1269 3297 1287 3350 it

249 3411 389 3485 Ligures,
425 3412 475 3484 qui
503 3428 553 3468 eos
583 3410 659 3467 bello
683 3420 856 3486 occuparet;
889 3428 921 3466 sc
942 3428 1008 3466 cum
1030 3410 1160 3466 invalido
1182 3403 1285 3464 exercitu

219 3515 348 3586 3qu0ad
382 3524 475 3572 tutum
507 3523 637 3590 putaret,
673 3534 904 3590 progressurum.
951 3515 1007 3572 Hae
1042 3515 1146 3572 litterae
1177 3508 1283 3570 consulas

249 3621 355 3696 raptim
377 3623 509 3679 confecto
531 3619 651 3690 dilectu,
684 3623 840 3690 maturius,
874 3639 961 3695 quum
984 3620 1204 3688 constituerant,
1229 3611 1282 3670 erite

250 3727 277 3780 iu
304 3725 469 3801 provincias
491 3734 648 3800 coegerunt
670 3745 706 3782 ea
726 3735 840 3798 mente,
875 3737 908 3783 ut
929 3735 1051 3801 uterque
1072 3727 1184 3784 hostem
1204 3723 1229 3778 in
1246 3732 1281 3774 sm

249 3829 402 3904 provincia
434 3830 609 3901 contineret,
644 3849 739 3906 neque
771 3831 907 3907 coniungi
938 3841 990 3888 aut
1018 3831 1152 3889 conferre
1176 3831 1279 3888 iuunuu

220 3935 327 3991 inires
349 3942 505 4008 pateretur.
554 3935 716 3993 Plurimum
738 3936 767 3992 iu
786 3954 851 3992 eam
872 3955 933 3993 rem
957 3936 1069 3993 adiuvit
1091 3937 1186 4012 opinio
1199 3927 1277 3993 flori·
