2700 4426
387 208 467 258 Liber
484 207 571 261 xxv.
607 207 655 272 (A.
668 206 718 260 ch.
731 208 805 272 sta.)
1024 214 1083 270 24³

61 392 137 450 idem
160 401 272 450 ceteros
292 391 391 449 facere
404 392 485 448 iubet
505 393 706 466 hortaturque,
728 400 767 460 ut,
783 392 863 465 quod
878 411 965 451 unum
984 393 1126 467 reliquum

61 495 182 554 fortuna
205 495 316 566 fecerit,
336 497 367 553 id
388 499 578 554 cohonestent
598 495 713 553 virtute.
761 497 916 571 Reliquum
938 506 1034 555 autem
1057 499 1127 573 quid
1142 502 1179 558 18

62 619 128 657 esse
153 601 254 675 paucis
290 620 309 657 a
336 601 518 657 multitudine
548 600 579 656 in
601 602 677 658 valle
706 600 780 657 silva
802 619 837 658 ae
858 602 1004 659 montibus
1035 611 1127 678 soepta

61 706 268 762 circumventis
299 716 404 782 praeter
437 704 582 763 mortem?
616 706 651 762 ld
683 705 807 777 referre,
838 716 932 763 utrum
965 709 1127 782 praebentes
1144 712 1178 767 ts

62 829 189 884 corpora
209 829 347 885 pecorum
370 812 461 868 modo
485 811 569 868 inulti
590 810 782 881 trucidentur,
812 831 850 869 an
871 811 924 869 toti
946 830 964 867 a
988 812 1126 887 patiendo

61 916 319 989 exspectandoque
343 926 448 972 eventu
467 917 496 972 in
520 916 659 990 impetum
682 925 770 988 atque
790 915 863 972 iratu
887 917 979 987 versi,
1008 928 1127 993 agentes

62 1019 269 1093 audentesque,
291 1017 401 1092 perfusi
422 1020 549 1077 hostium
570 1039 681 1088 cruore,
706 1020 781 1075 inter
801 1021 1010 1095 exspirantium
1032 1023 1127 1080 inimi·

61 1122 333 1199 corum-cumulata
354 1142 495 1198 armaque
516 1134 545 1181 et
566 1143 692 1198 corpora
720 1124 837 1180 cadant.
887 1126 1036 1183 Lucanum
1058 1147 1127 1203 pro·
1140 1124 1178 1180 20

62 1229 185 1286 ditarem
216 1246 250 1284 ac
280 1228 464 1303 transfugam
497 1247 598 1286 omnes
628 1238 772 1303 peterent3
807 1229 856 1302 qui
881 1249 944 1287 eam
978 1231 1125 1290 victimam

60 1351 176 1408 praese
205 1334 243 1388 ad
264 1331 373 1389 inferos
405 1334 543 1401 misisset,
576 1352 643 1389 eum
673 1333 760 1389 decus
793 1334 945 1404 eximium,
978 1339 1125 1413 egregium

60 1439 198 1495 solatium
220 1457 280 1494 suae
294 1439 381 1495 morti
400 1436 593 1496 inventurum.
635 1437 717 1493 Inter
737 1439 799 1494 haec
820 1439 898 1508 dicta
920 1441 1126 1514 paludamento
1139 1439 1174 1494 21

60 1544 141 1601 circa
168 1544 273 1599 laevum
302 1544 451 1600 brachium
481 1543 588 1623 intorto
621 1541 702 1615 (uam
729 1561 766 1598 ue
787 1552 870 1600 scuta
891 1545 1008 1618 quidem
1029 1564 1127 1603 secum

26 1655 28 1658 ’
62 1648 238 1720 extulerant)
270 1648 301 1705 in
330 1649 428 1704 hostes
457 1648 596 1722 impetum
623 1646 701 1704 fecit.
756 1648 855 1705 Maior
881 1667 968 1722 quam
996 1669 1050 1725 pro
1074 1670 1126 1707 nu·
1140 1648 1177 1705 22

62 1772 144 1811 mero
165 1753 313 1810 hominum
336 1754 431 1809 editur
453 1771 562 1828 pugna.
605 1753 713 1809 loculis
729 1753 856 1809 maxime
878 1765 980 1828 aperta
1001 1774 1127 1830 corpora

61 1861 275 1928 Romanorum,
297 1855 355 1935 [et]
380 1877 468 1931 quum
492 1857 621 1931 undique
642 1875 680 1913 ex
703 1858 856 1914 altioribus
878 1858 951 1914 locis
968 1858 998 1915 iu
1021 1879 1125 1916 cavam

57 1966 168 2024 ,vallem
184 1964 329 2021 coniectus
347 1973 431 2034 esset,
454 1964 672 2036 transfiguntur.
717 1962 883 2020 Gracchum
906 1964 964 2021 iam
987 1966 1126 2022 nudatum
1140 1962 1177 2018 23

60 2071 198 2147 prasidio
231 2069 328 2125 vivum
360 2087 464 2143 capere
494 2064 578 2122 Poeni
610 2065 752 2137 nituntur;
785 2076 910 2124 ceterum
943 2071 1128 2153 conspicatus

62 2177 214 2233 Lucanum
231 2168 379 2247 >hospitem
402 2172 477 2228 inter
490 2173 588 2228 hostes
607 2171 681 2227 adeo
702 2171 823 2229 infestus
844 2173 989 2230 confertos
1011 2175 1127 2246 invasit,

61 2292 95 2339 ut
124 2279 207 2355 parci
236 2278 263 2335 ei
294 2276 356 2332 sine
385 2276 541 2332 multorum
570 2277 697 2352 pernicie
718 2296 776 2333 non
798 2287 905 2352 posset.
952 2279 1125 2338 Exanimem
1139 2277 1178 2334 24
1254 2306 1261 2319 =

62 2407 128 2444 eum
163 2387 254 2457 Mago
292 2380 439 2454 extemplo
476 2382 513 2437 ad
544 2382 740 2438 Hannibalem
775 2381 867 2451 misit,
902 2385 1029 2458 ponique
1061 2405 1126 2443 cum

62 2491 156 2565 captis
178 2489 263 2545 simul
283 2485 412 2544 fascibus
433 2494 501 2540 ante
527 2486 652 2542 tribunal
673 2486 857 2561 imperatoris
879 2486 971 2544 iussit.

81 2644 86 2650 .
146 2593 181 2650 sa·
204 2595 265 2650 haec
286 2609 358 2646 vera
379 2588 461 2646 fama
483 2597 535 2659 est,
558 2589 709 2647 Gracchus
730 2591 760 2646 in
784 2591 912 2648 Lucanis
934 2592 973 2647 ad
996 2591 1177 2668 campos,25

63 2699 115 2774 qui
137 2699 261 2755 Veteres
283 2704 434 2764 vocantur,
457 2693 551 2768 periit.
598 2692 680 2764 Sunt,
710 2695 810 2767 quiin
832 2713 904 2769 agro
920 2696 1126 2755 Beneventano
1181 2689 1221 2758 Π

62 2821 157 2878 prope
180 2799 315 2858 Calorem
347 2799 466 2856 fluvium
495 2799 680 2867 contendant,
711 2817 729 2855 a
756 2800 859 2855 castris
889 2819 954 2857 cum
975 2801 1126 2858 lictoribus

64 2927 101 2965 ao
121 2907 214 2964 tribus
235 2906 326 2962 servis
347 2904 465 2960 lavandi
487 2921 576 2959 causa
597 2921 801 2976 progressum,
832 2923 920 2977 quum
950 2904 1025 2961 forte
1051 2904 1156 2962 inter2

63 3011 167 3068 salicta
195 3009 296 3066 innata
328 3011 398 3084 ripis
429 3010 552 3065 laterent
582 3009 696 3078 hostes,
729 3009 836 3065 nudum
873 3020 960 3082 atque
987 3009 1124 3066 inermem

64 3115 212 3188 saxisque,
234 3132 297 3187 quae
318 3113 410 3171 volvit
432 3113 534 3183 amnis,
556 3122 785 3187 propugnantem
808 3112 998 3173 interfectum.
1043 3114 1155 3185 Sunt,3

65 3221 115 3294 qui
135 3220 322 3294 haruspicum
353 3217 463 3274 monitu
494 3218 666 3291 quingentos
695 3235 798 3290 passus
826 3237 845 3274 a
868 3218 970 3275 castris
990 3237 1126 3294 progres-

65 3316 144 3394 sum,
174 3325 217 3381 uti
237 3324 302 3381 loco
324 3342 397 3398 puro
419 3342 464 3393 ea,
486 3341 550 3395 qua
572 3333 639 3377 ante
665 3323 743 3378 dicta
769 3323 904 3397 prodigia
924 3334 1000 3393 siunt,
1019 3342 1125 3398 procu-

64 3437 153 3499 raret,
176 3430 213 3486 ab
236 3428 425 3485 insidentibus
446 3427 522 3484 forte
548 3427 644 3483 locum
667 3427 780 3483 duabus
809 3428 911 3484 turmis
932 3429 1125 3486 Numidarum

65 3534 291 3590 circumventum
319 3534 456 3592 scribant.
504 3532 590 3588 Adeo
620 3550 673 3588 nec
694 3531 775 3588 locus
797 3550 850 3589 nec
878 3532 953 3588 ratio
977 3534 1078 3590 mortis
1096 3535 1126 3590 iu

65 3637 130 3694 viro
154 3646 213 3693 tam
236 3638 316 3694 claro
346 3646 375 3693 at
404 3636 510 3711 insigni
536 3645 658 3693 constat.
705 3635 828 3693 Funeris
860 3655 977 3710 quoque
999 3637 1158 3695 Gracchil

65 3741 151 3798 veria
180 3749 223 3797 est
248 3740 338 3802 fama.
388 3741 448 3799 Alii
475 3741 504 3796 in
534 3740 635 3796 castris
656 3741 798 3797 Romanis
826 3741 970 3814 sepultum
998 3742 1036 3798 ab
1057 3743 1127 3814 suis,

66 3846 118 3904 alii
138 3847 176 3902 ab
198 3846 365 3902 Hannibale
387 3846 429 3917 (et
450 3864 485 3901 ea
506 3845 651 3918 vulgatior
671 3843 829 3920 famaest)
851 3845 969 3902 tradunt
988 3845 1019 3902 in
1040 3846 1128 3903 vesti·

66 3951 137 4008 bulo
159 3951 336 4008 Punicorum
359 3960 520 4008 castrorum
542 3967 644 4023 rogum
667 3959 844 4007 exstructum
874 3965 952 4021 esse,
983 3958 1127 4011 armatum
1136 3952 1162 4006 -5

883 4049 929 4103 lb*
1164 4046 1167 4051 ’
