<?xml version="1.0" encoding="UTF-8"?>
<!DOCTYPE html PUBLIC "-//W3C//DTD XHTML 1.0 Transitional//EN"
    "http://www.w3.org/TR/xhtml1/DTD/xhtml1-transitional.dtd">
<html xmlns="http://www.w3.org/1999/xhtml" xml:lang="en" lang="en">
 <head>
  <title>
</title>
<meta http-equiv="Content-Type" content="text/html;charset=utf-8" />
  <meta name='ocr-system' content='tesseract 3.04.00' />
  <meta name='ocr-capabilities' content='ocr_page ocr_carea ocr_par ocr_line ocrx_word'/>
</head>
<body>
  <div class='ocr_page' id='page_1' title='image "./titiliviihistor01ussigoog/titiliviihistor01ussigoog_0414.png"; bbox 0 0 2700 4426; ppageno 0'>
   <div class='ocr_carea' id='block_1_1' title="bbox 374 121 1089 207">
    <p class='ocr_par' dir='ltr' id='par_1_1' title="bbox 374 121 1089 207">
     <span class='ocr_line' id='line_1_1' title="bbox 374 121 1089 207; baseline 0.015 -13"><span class='ocrx_word' id='word_1_1' title='bbox 374 145 451 194; x_wconf 63' lang='lat' dir='ltr'>meu</span> <span class='ocrx_word' id='word_1_2' title='bbox 469 141 583 192; x_wconf 84' lang='lat' dir='ltr'>xxvn.</span> <span class='ocrx_word' id='word_1_3' title='bbox 619 141 667 207; x_wconf 77' lang='lat' dir='ltr'>(a.</span> <span class='ocrx_word' id='word_1_4' title='bbox 686 141 734 192; x_wconf 82' lang='lat' dir='ltr'>cn.</span> <span class='ocrx_word' id='word_1_5' title='bbox 748 144 821 207; x_wconf 75' lang='lat' dir='ltr'>eos.)</span> <span class='ocrx_word' id='word_1_6' title='bbox 1016 121 1089 205; x_wconf 65' lang='lat'>“73</span> 
     </span>
    </p>
   </div>
   <div class='ocr_carea' id='block_1_2' title="bbox 65 319 1183 509">
    <p class='ocr_par' dir='ltr' id='par_1_2' title="bbox 65 319 1183 509">
     <span class='ocr_line' id='line_1_2' title="bbox 65 319 1183 403; baseline 0.003 -18"><span class='ocrx_word' id='word_1_7' title='bbox 65 336 168 385; x_wconf 83' lang='lat' dir='ltr'>senatu</span> <span class='ocrx_word' id='word_1_8' title='bbox 190 319 219 385; x_wconf 75' lang='lat' dir='ltr'>e&#39;t</span> <span class='ocrx_word' id='word_1_9' title='bbox 235 326 312 402; x_wconf 82' lang='lat' dir='ltr'>apud</span> <span class='ocrx_word' id='word_1_10' title='bbox 327 327 467 402; x_wconf 89' lang='lat' dir='ltr'>populum</span> <span class='ocrx_word' id='word_1_11' title='bbox 482 336 564 384; x_wconf 72' lang='lat' dir='ltr'>acta.</span> <span class='ocrx_word' id='word_1_12' title='bbox 611 327 774 385; x_wconf 79' lang='lat' dir='ltr'><strong>Duodecim</strong></span> <span class='ocrx_word' id='word_1_13' title='bbox 797 327 920 386; x_wconf 85' lang='lat' dir='ltr'>aliarum</span> <span class='ocrx_word' id='word_1_14' title='bbox 942 328 1131 403; x_wconf 87' lang='lat' dir='ltr'>coloniarum,</span> <span class='ocrx_word' id='word_1_15' title='bbox 1147 333 1183 388; x_wconf 89' lang='grc'>10</span> 
     </span>
     <span class='ocr_line' id='line_1_3' title="bbox 66 432 1132 509; baseline 0.004 -20"><span class='ocrx_word' id='word_1_16' title='bbox 66 450 130 507; x_wconf 82' lang='lat' dir='ltr'>qnae</span> <span class='ocrx_word' id='word_1_17' title='bbox 152 432 384 490; x_wconf 85' lang='lat' dir='ltr'>detrectaverunt</span> <span class='ocrx_word' id='word_1_18' title='bbox 403 433 565 508; x_wconf 86' lang='lat' dir='ltr'>imperium,</span> <span class='ocrx_word' id='word_1_19' title='bbox 589 433 763 491; x_wconf 86' lang='lat' dir='ltr'>mentionem</span> <span class='ocrx_word' id='word_1_20' title='bbox 782 433 845 490; x_wconf 89' lang='lat' dir='ltr'>fieri</span> <span class='ocrx_word' id='word_1_21' title='bbox 858 442 956 509; x_wconf 88' lang='lat' dir='ltr'>patres</span> <span class='ocrx_word' id='word_1_22' title='bbox 970 443 1132 506; x_wconf 83' lang='lat' dir='ltr'>vetuerunt,</span> 
     </span>
    </p>
   </div>
   <div class='ocr_carea' id='block_1_3' title="bbox 64 538 1201 930">
    <p class='ocr_par' dir='ltr' id='par_1_3' title="bbox 64 538 1131 806">
     <span class='ocr_line' id='line_1_4' title="bbox 64 538 1131 614; baseline 0.007 -20"><span class='ocrx_word' id='word_1_23' title='bbox 64 556 159 612; x_wconf 90' lang='lat' dir='ltr'>neque</span> <span class='ocrx_word' id='word_1_24' title='bbox 180 538 245 595; x_wconf 90' lang='lat' dir='ltr'>illos</span> <span class='ocrx_word' id='word_1_25' title='bbox 267 538 371 595; x_wconf 89' lang='lat' dir='ltr'>dimitti</span> <span class='ocrx_word' id='word_1_26' title='bbox 394 557 488 612; x_wconf 87' lang='lat' dir='ltr'>neque</span> <span class='ocrx_word' id='word_1_27' title='bbox 509 539 626 596; x_wconf 87' lang='lat' dir='ltr'>retineri</span> <span class='ocrx_word' id='word_1_28' title='bbox 647 557 742 613; x_wconf 92' lang='lat' dir='ltr'>neque</span> <span class='ocrx_word' id='word_1_29' title='bbox 757 538 899 614; x_wconf 87' lang='lat' dir='ltr'>appellari</span> <span class='ocrx_word' id='word_1_30' title='bbox 917 558 935 595; x_wconf 91' lang='lat' dir='ltr'>a</span> <span class='ocrx_word' id='word_1_31' title='bbox 955 541 1131 601; x_wconf 88' lang='lat' dir='ltr'>consulibus.</span> 
     </span>
     <span class='ocr_line' id='line_1_5' title="bbox 64 643 1131 721; baseline 0.003 -21"><span class='ocrx_word' id='word_1_32' title='bbox 64 643 111 700; x_wconf 84' lang='lat' dir='ltr'>Ea</span> <span class='ocrx_word' id='word_1_33' title='bbox 151 643 243 701; x_wconf 89' lang='lat' dir='ltr'>tacita</span> <span class='ocrx_word' id='word_1_34' title='bbox 283 645 437 719; x_wconf 75' lang='lat' dir='ltr'><strong>castigatio</strong></span> <span class='ocrx_word' id='word_1_35' title='bbox 470 645 598 702; x_wconf 89' lang='lat' dir='ltr'>maxime</span> <span class='ocrx_word' id='word_1_36' title='bbox 631 664 669 701; x_wconf 85' lang='lat' dir='ltr'>ex</span> <span class='ocrx_word' id='word_1_37' title='bbox 700 645 841 719; x_wconf 73' lang='lat' dir='ltr'>dignitate</span> <span class='ocrx_word' id='word_1_38' title='bbox 870 646 971 721; x_wconf 92' lang='lat' dir='ltr'>populi</span> <span class='ocrx_word' id='word_1_39' title='bbox 1004 646 1131 705; x_wconf 86' lang='lat' dir='ltr'>Romani</span> 
     </span>
     <span class='ocr_line' id='line_1_6' title="bbox 64 749 202 806; baseline 0 0"><span class='ocrx_word' id='word_1_40' title='bbox 64 749 128 806; x_wconf 86' lang='lat' dir='ltr'>visa</span> <span class='ocrx_word' id='word_1_41' title='bbox 149 758 202 806; x_wconf 89' lang='lat' dir='ltr'>est.</span> 
     </span>
    </p>

    <p class='ocr_par' dir='ltr' id='par_1_4' title="bbox 155 832 1201 930">
     <span class='ocr_line' id='line_1_7' title="bbox 155 832 1201 930; baseline 0 -18"><span class='ocrx_word' id='word_1_42' title='bbox 155 853 263 912; x_wconf 79' lang='lat' dir='ltr'>(latere</span> <span class='ocrx_word' id='word_1_43' title='bbox 284 853 522 929; x_wconf 77' lang='lat' dir='ltr'>expedientibus,</span> <span class='ocrx_word' id='word_1_44' title='bbox 555 873 620 928; x_wconf 86' lang='lat' dir='ltr'>quae</span> <span class='ocrx_word' id='word_1_45' title='bbox 641 855 679 911; x_wconf 89' lang='lat' dir='ltr'>ad</span> <span class='ocrx_word' id='word_1_46' title='bbox 701 853 807 912; x_wconf 90' lang='lat' dir='ltr'>bellum</span> <span class='ocrx_word' id='word_1_47' title='bbox 830 872 904 930; x_wconf 91' lang='lat' dir='ltr'>opus</span> <span class='ocrx_word' id='word_1_48' title='bbox 925 864 1023 927; x_wconf 88' lang='lat' dir='ltr'>erant,</span> <span class='ocrx_word' id='word_1_49' title='bbox 1060 874 1129 912; x_wconf 92' lang='lat' dir='ltr'>con·</span> <span class='ocrx_word' id='word_1_50' title='bbox 1146 868 1178 922; x_wconf 85' lang='lat'>11</span> <span class='ocrx_word' id='word_1_51' title='bbox 1193 832 1201 837; x_wconf 14' lang='lat' dir='ltr'>i</span> 
     </span>
    </p>
   </div>
   <div class='ocr_carea' id='block_1_4' title="bbox 43 958 1277 3982">
    <p class='ocr_par' dir='ltr' id='par_1_5' title="bbox 61 958 1277 1775">
     <span class='ocr_line' id='line_1_8' title="bbox 63 958 1130 1035; baseline -0.001 -18"><span class='ocrx_word' id='word_1_52' title='bbox 63 961 190 1030; x_wconf 88' lang='lat' dir='ltr'>sulibus,</span> <span class='ocrx_word' id='word_1_53' title='bbox 222 977 324 1016; x_wconf 86' lang='lat' dir='ltr'>aurum</span> <span class='ocrx_word' id='word_1_54' title='bbox 355 958 582 1029; x_wconf 86' lang='lat' dir='ltr'>vicesimarium,</span> <span class='ocrx_word' id='word_1_55' title='bbox 616 960 693 1035; x_wconf 94' lang='lat' dir='ltr'>quod</span> <span class='ocrx_word' id='word_1_56' title='bbox 714 960 744 1017; x_wconf 92' lang='lat' dir='ltr'>in</span> <span class='ocrx_word' id='word_1_57' title='bbox 778 961 922 1018; x_wconf 88' lang='lat' dir='ltr'>sanctiore</span> <span class='ocrx_word' id='word_1_58' title='bbox 954 960 1057 1017; x_wconf 87' lang='lat' dir='ltr'>aerario</span> <span class='ocrx_word' id='word_1_59' title='bbox 1092 960 1130 1016; x_wconf 86' lang='lat' dir='ltr'>ad</span> 
     </span>
     <span class='ocr_line' id='line_1_9' title="bbox 62 1065 1180 1141; baseline 0.001 -19"><span class='ocrx_word' id='word_1_60' title='bbox 62 1067 180 1123; x_wconf 84' lang='lat' dir='ltr'>ultimos</span> <span class='ocrx_word' id='word_1_61' title='bbox 198 1082 284 1122; x_wconf 88' lang='lat' dir='ltr'>casus</span> <span class='ocrx_word' id='word_1_62' title='bbox 308 1065 489 1134; x_wconf 86' lang='lat' dir='ltr'>servabatur,</span> <span class='ocrx_word' id='word_1_63' title='bbox 510 1065 606 1139; x_wconf 85' lang='lat' dir='ltr'>promi</span> <span class='ocrx_word' id='word_1_64' title='bbox 623 1066 742 1140; x_wconf 88' lang='lat' dir='ltr'>placuit.</span> <span class='ocrx_word' id='word_1_65' title='bbox 775 1067 918 1141; x_wconf 88' lang='lat' dir='ltr'>Prompta</span> <span class='ocrx_word' id='word_1_66' title='bbox 935 1066 973 1122; x_wconf 89' lang='lat' dir='ltr'>ad</span> <span class='ocrx_word' id='word_1_67' title='bbox 992 1076 1130 1140; x_wconf 88' lang='lat' dir='ltr'>quattuor</span> <span class='ocrx_word' id='word_1_68' title='bbox 1145 1077 1180 1133; x_wconf 82' lang='lat'>12</span> 
     </span>
     <span class='ocr_line' id='line_1_10' title="bbox 63 1169 1130 1247; baseline 0.002 -19"><span class='ocrx_word' id='word_1_69' title='bbox 63 1171 154 1228; x_wconf 88' lang='lat' dir='ltr'>millia</span> <span class='ocrx_word' id='word_1_70' title='bbox 187 1171 285 1246; x_wconf 92' lang='lat' dir='ltr'>pondo</span> <span class='ocrx_word' id='word_1_71' title='bbox 314 1169 385 1226; x_wconf 90' lang='lat' dir='ltr'>auri.</span> <span class='ocrx_word' id='word_1_72' title='bbox 431 1170 505 1226; x_wconf 90' lang='lat' dir='ltr'>Inde</span> <span class='ocrx_word' id='word_1_73' title='bbox 532 1170 678 1245; x_wconf 79' lang='lat' dir='ltr'>quingena</span> <span class='ocrx_word' id='word_1_74' title='bbox 699 1173 797 1247; x_wconf 92' lang='lat' dir='ltr'>pondo</span> <span class='ocrx_word' id='word_1_75' title='bbox 820 1173 889 1230; x_wconf 82' lang='lat' dir='ltr'>deta</span> <span class='ocrx_word' id='word_1_76' title='bbox 913 1171 1078 1230; x_wconf 91' lang='lat' dir='ltr'>consulibus</span> <span class='ocrx_word' id='word_1_77' title='bbox 1101 1181 1130 1230; x_wconf 89' lang='lat' dir='ltr'>et</span> 
     </span>
     <span class='ocr_line' id='line_1_11' title="bbox 63 1274 1129 1353; baseline 0 -18"><span class='ocrx_word' id='word_1_78' title='bbox 63 1279 105 1335; x_wconf 92' lang='grc' dir='ltr'>Μ.</span> <span class='ocrx_word' id='word_1_79' title='bbox 128 1275 268 1334; x_wconf 86' lang='lat' dir='ltr'>Msrcello</span> <span class='ocrx_word' id='word_1_80' title='bbox 297 1284 326 1332; x_wconf 93' lang='lat' dir='ltr'>et</span> <span class='ocrx_word' id='word_1_81' title='bbox 346 1276 381 1331; x_wconf 88' lang='lat' dir='ltr'>P.</span> <span class='ocrx_word' id='word_1_82' title='bbox 403 1274 531 1349; x_wconf 88' lang='lat' dir='ltr'>Sulpicio</span> <span class='ocrx_word' id='word_1_83' title='bbox 560 1277 781 1350; x_wconf 82' lang='lat' dir='ltr'>proconsulibus</span> <span class='ocrx_word' id='word_1_84' title='bbox 804 1289 832 1334; x_wconf 87' lang='lat' dir='ltr'>et</span> <span class='ocrx_word' id='word_1_85' title='bbox 845 1279 888 1334; x_wconf 92' lang='lat' dir='ltr'>·L.</span> <span class='ocrx_word' id='word_1_86' title='bbox 909 1278 1033 1335; x_wconf 86' lang='lat' dir='ltr'>Veturio</span> <span class='ocrx_word' id='word_1_87' title='bbox 1055 1297 1129 1353; x_wconf 87' lang='lat' dir='ltr'>prae·</span> 
     </span>
     <span class='ocr_line' id='line_1_12' title="bbox 62 1381 1180 1457; baseline 0.001 -17"><span class='ocrx_word' id='word_1_88' title='bbox 62 1383 134 1453; x_wconf 89' lang='lat' dir='ltr'>tori,</span> <span class='ocrx_word' id='word_1_89' title='bbox 157 1382 207 1456; x_wconf 91' lang='lat' dir='ltr'>qui</span> <span class='ocrx_word' id='word_1_90' title='bbox 229 1381 357 1439; x_wconf 85' lang='lat' dir='ltr'>Galliam</span> <span class='ocrx_word' id='word_1_91' title='bbox 381 1381 559 1457; x_wconf 87' lang='lat' dir='ltr'>provinciam</span> <span class='ocrx_word' id='word_1_92' title='bbox 583 1391 646 1440; x_wconf 89' lang='lat' dir='ltr'>erat</span> <span class='ocrx_word' id='word_1_93' title='bbox 666 1383 802 1455; x_wconf 85' lang='lat' dir='ltr'>sortitus,</span> <span class='ocrx_word' id='word_1_94' title='bbox 824 1383 1012 1456; x_wconf 84' lang='lat' dir='ltr'>additumque</span> <span class='ocrx_word' id='word_1_95' title='bbox 1032 1384 1128 1441; x_wconf 86' lang='lat' dir='ltr'>Fabio</span> <span class='ocrx_word' id='word_1_96' title='bbox 1144 1393 1180 1448; x_wconf 86' lang='lat'>13</span> 
     </span>
     <span class='ocr_line' id='line_1_13' title="bbox 62 1486 1126 1564; baseline 0 -17"><span class='ocrx_word' id='word_1_97' title='bbox 62 1490 173 1548; x_wconf 88' lang='lat' dir='ltr'>consuli</span> <span class='ocrx_word' id='word_1_98' title='bbox 195 1496 308 1546; x_wconf 86' lang='lat' dir='ltr'>cent-um</span> <span class='ocrx_word' id='word_1_99' title='bbox 331 1486 429 1560; x_wconf 91' lang='lat' dir='ltr'>pondo</span> <span class='ocrx_word' id='word_1_100' title='bbox 451 1487 516 1543; x_wconf 87' lang='lat' dir='ltr'>auri</span> <span class='ocrx_word' id='word_1_101' title='bbox 536 1489 723 1563; x_wconf 84' lang='lat' dir='ltr'>praecipuum,</span> <span class='ocrx_word' id='word_1_102' title='bbox 747 1489 826 1564; x_wconf 90' lang='lat' dir='ltr'>quod</span> <span class='ocrx_word' id='word_1_103' title='bbox 846 1489 876 1545; x_wconf 84' lang='lat' dir='ltr'>in</span> <span class='ocrx_word' id='word_1_104' title='bbox 899 1507 996 1546; x_wconf 90' lang='lat' dir='ltr'>arcem</span> <span class='ocrx_word' id='word_1_105' title='bbox 1013 1491 1126 1547; x_wconf 83' lang='lat' dir='ltr'>Taren·</span> 
     </span>
     <span class='ocr_line' id='line_1_14' title="bbox 61 1584 1277 1670; baseline 0.003 -20"><span class='ocrx_word' id='word_1_106' title='bbox 61 1595 152 1651; x_wconf 87' lang='lat' dir='ltr'>tinam</span> <span class='ocrx_word' id='word_1_107' title='bbox 187 1601 369 1668; x_wconf 81' lang='lat' dir='ltr'>portaretur3</span> <span class='ocrx_word' id='word_1_108' title='bbox 408 1600 504 1649; x_wconf 88' lang='lat' dir='ltr'>cetero</span> <span class='ocrx_word' id='word_1_109' title='bbox 539 1593 583 1649; x_wconf 89' lang='lat' dir='ltr'>usi</span> <span class='ocrx_word' id='word_1_110' title='bbox 615 1602 683 1650; x_wconf 90' lang='lat' dir='ltr'>suut</span> <span class='ocrx_word' id='word_1_111' title='bbox 713 1597 751 1652; x_wconf 87' lang='lat' dir='ltr'>ad</span> <span class='ocrx_word' id='word_1_112' title='bbox 786 1596 958 1652; x_wconf 89' lang='lat' dir='ltr'>vestimenta</span> <span class='ocrx_word' id='word_1_113' title='bbox 992 1597 1127 1670; x_wconf 75' lang='lat' dir='ltr'>praesenti</span> <span class='ocrx_word' id='word_1_114' title='bbox 1229 1584 1235 1602; x_wconf 65' lang='lat'>⁸</span> <span class='ocrx_word' id='word_1_115' title='bbox 1271 1633 1277 1640; x_wconf 93' lang='lat'>·</span> 
     </span>
     <span class='ocr_line' id='line_1_15' title="bbox 61 1698 1127 1775; baseline 0.002 -19"><span class='ocrx_word' id='word_1_116' title='bbox 61 1699 185 1774; x_wconf 88' lang='lat' dir='ltr'>pecunia</span> <span class='ocrx_word' id='word_1_117' title='bbox 213 1698 337 1755; x_wconf 88' lang='lat' dir='ltr'>locanda</span> <span class='ocrx_word' id='word_1_118' title='bbox 367 1698 522 1767; x_wconf 89' lang='lat' dir='ltr'>exercitui,</span> <span class='ocrx_word' id='word_1_119' title='bbox 555 1698 605 1773; x_wconf 96' lang='lat' dir='ltr'>qui</span> <span class='ocrx_word' id='word_1_120' title='bbox 634 1700 663 1755; x_wconf 91' lang='lat' dir='ltr'>in</span> <span class='ocrx_word' id='word_1_121' title='bbox 694 1699 839 1775; x_wconf 89' lang='lat' dir='ltr'>Hispania</span> <span class='ocrx_word' id='word_1_122' title='bbox 867 1701 973 1758; x_wconf 90' lang='lat' dir='ltr'>bellum</span> <span class='ocrx_word' id='word_1_123' title='bbox 999 1703 1127 1760; x_wconf 89' lang='lat' dir='ltr'>secunda</span> 
     </span>
    </p>

    <p class='ocr_par' dir='ltr' id='par_1_6' title="bbox 62 1803 525 1878">
     <span class='ocr_line' id='line_1_16' title="bbox 62 1803 525 1878; baseline -0.002 -17"><span class='ocrx_word' id='word_1_124' title='bbox 62 1823 116 1861; x_wconf 90' lang='lat' dir='ltr'>sua</span> <span class='ocrx_word' id='word_1_125' title='bbox 136 1804 217 1862; x_wconf 85' lang='lat' dir='ltr'>fama</span> <span class='ocrx_word' id='word_1_126' title='bbox 237 1803 375 1878; x_wconf 89' lang='lat' dir='ltr'>ducisque</span> <span class='ocrx_word' id='word_1_127' title='bbox 396 1804 525 1878; x_wconf 85' lang='lat' dir='ltr'>gerebat.</span> 
     </span>
    </p>

    <p class='ocr_par' dir='ltr' id='par_1_7' title="bbox 43 1906 1219 3666">
     <span class='ocr_line' id='line_1_17' title="bbox 151 1906 1219 1987; baseline 0.007 -21"><span class='ocrx_word' id='word_1_128' title='bbox 151 1909 294 1983; x_wconf 82' lang='lat' dir='ltr'>Prodigia</span> <span class='ocrx_word' id='word_1_129' title='bbox 322 1927 458 1982; x_wconf 91' lang='lat' dir='ltr'>quoque,</span> <span class='ocrx_word' id='word_1_130' title='bbox 494 1908 663 1982; x_wconf 87' lang='lat' dir='ltr'>prinsquam</span> <span class='ocrx_word' id='word_1_131' title='bbox 687 1909 725 1965; x_wconf 92' lang='lat' dir='ltr'>ab</span> <span class='ocrx_word' id='word_1_132' title='bbox 749 1910 821 1966; x_wconf 91' lang='lat' dir='ltr'>urbe</span> <span class='ocrx_word' id='word_1_133' title='bbox 849 1911 981 1968; x_wconf 86' lang='lat' dir='ltr'>consules</span> <span class='ocrx_word' id='word_1_134' title='bbox 1011 1911 1125 1987; x_wconf 88' lang='lat' dir='ltr'>profici·</span> <span class='ocrx_word' id='word_1_135' title='bbox 1182 1906 1219 1974; x_wconf 87' lang='lat' dir='ltr'>ll</span> 
     </span>
     <span class='ocr_line' id='line_1_18' title="bbox 62 2012 1156 2089; baseline -0.001 -16"><span class='ocrx_word' id='word_1_136' title='bbox 62 2025 218 2085; x_wconf 81' lang='lat' dir='ltr'>sacrentur,</span> <span class='ocrx_word' id='word_1_137' title='bbox 239 2013 391 2089; x_wconf 87' lang='lat' dir='ltr'>procurari</span> <span class='ocrx_word' id='word_1_138' title='bbox 411 2012 528 2087; x_wconf 78' lang='lat' dir='ltr'>placuit.</span> <span class='ocrx_word' id='word_1_139' title='bbox 574 2013 611 2069; x_wconf 92' lang='lat' dir='ltr'>ln</span> <span class='ocrx_word' id='word_1_140' title='bbox 632 2014 751 2071; x_wconf 86' lang='lat' dir='ltr'>Albano</span> <span class='ocrx_word' id='word_1_141' title='bbox 774 2025 871 2073; x_wconf 89' lang='lat' dir='ltr'>monte</span> <span class='ocrx_word' id='word_1_142' title='bbox 893 2027 972 2074; x_wconf 83' lang='lat' dir='ltr'>tacta</span> <span class='ocrx_word' id='word_1_143' title='bbox 994 2018 1030 2075; x_wconf 90' lang='lat' dir='ltr'>de</span> <span class='ocrx_word' id='word_1_144' title='bbox 1055 2018 1156 2074; x_wconf 84' lang='lat' dir='ltr'>caelo2</span> 
     </span>
     <span class='ocr_line' id='line_1_19' title="bbox 61 2118 1126 2196; baseline -0.003 -16"><span class='ocrx_word' id='word_1_145' title='bbox 61 2131 144 2180; x_wconf 86' lang='lat' dir='ltr'>erant</span> <span class='ocrx_word' id='word_1_146' title='bbox 177 2120 289 2195; x_wconf 89' lang='lat' dir='ltr'>signum</span> <span class='ocrx_word' id='word_1_147' title='bbox 322 2118 403 2175; x_wconf 86' lang='lat' dir='ltr'>Iovis</span> <span class='ocrx_word' id='word_1_148' title='bbox 438 2118 585 2192; x_wconf 88' lang='lat' dir='ltr'>arborque</span> <span class='ocrx_word' id='word_1_149' title='bbox 617 2120 725 2194; x_wconf 90' lang='lat' dir='ltr'>templo</span> <span class='ocrx_word' id='word_1_150' title='bbox 757 2121 940 2196; x_wconf 88' lang='lat' dir='ltr'>propinqua,</span> <span class='ocrx_word' id='word_1_151' title='bbox 973 2131 1003 2178; x_wconf 91' lang='lat' dir='ltr'>et</span> <span class='ocrx_word' id='word_1_152' title='bbox 1035 2121 1126 2180; x_wconf 77' lang='lat' dir='ltr'>Ostiae</span> 
     </span>
     <span class='ocr_line' id='line_1_20' title="bbox 59 2224 1125 2301; baseline -0.003 -16"><span class='ocrx_word' id='word_1_153' title='bbox 59 2229 156 2295; x_wconf 90' lang='lat' dir='ltr'>lacus,</span> <span class='ocrx_word' id='word_1_154' title='bbox 178 2235 206 2284; x_wconf 90' lang='lat' dir='ltr'>et</span> <span class='ocrx_word' id='word_1_155' title='bbox 227 2224 337 2300; x_wconf 87' lang='lat' dir='ltr'>Capuae</span> <span class='ocrx_word' id='word_1_156' title='bbox 357 2241 457 2281; x_wconf 88' lang='lat' dir='ltr'>murus</span> <span class='ocrx_word' id='word_1_157' title='bbox 478 2224 674 2298; x_wconf 72' lang='lat' dir='ltr'>Fortunaque</span> <span class='ocrx_word' id='word_1_158' title='bbox 696 2225 788 2301; x_wconf 87' lang='lat' dir='ltr'>aedes,</span> <span class='ocrx_word' id='word_1_159' title='bbox 811 2235 839 2282; x_wconf 84' lang='lat' dir='ltr'>et</span> <span class='ocrx_word' id='word_1_160' title='bbox 861 2226 1004 2284; x_wconf 70' lang='lat' dir='ltr'>Sinuessa</span> <span class='ocrx_word' id='word_1_161' title='bbox 1027 2244 1125 2283; x_wconf 91' lang='lat' dir='ltr'>murus</span> 
     </span>
     <span class='ocr_line' id='line_1_21' title="bbox 59 2330 1155 2409; baseline 0 -19"><span class='ocrx_word' id='word_1_162' title='bbox 59 2341 211 2409; x_wconf 83' lang='lat' dir='ltr'>portaque.</span> <span class='ocrx_word' id='word_1_163' title='bbox 259 2332 331 2388; x_wconf 85' lang='lat' dir='ltr'>Haeo</span> <span class='ocrx_word' id='word_1_164' title='bbox 353 2330 390 2387; x_wconf 87' lang='lat' dir='ltr'>de</span> <span class='ocrx_word' id='word_1_165' title='bbox 410 2330 479 2387; x_wconf 80' lang='lat' dir='ltr'>coelo</span> <span class='ocrx_word' id='word_1_166' title='bbox 502 2338 595 2400; x_wconf 83' lang='lat' dir='ltr'>tacta3</span> <span class='ocrx_word' id='word_1_167' title='bbox 617 2340 765 2388; x_wconf 86' lang='lat' dir='ltr'>cruentam</span> <span class='ocrx_word' id='word_1_168' title='bbox 785 2331 871 2387; x_wconf 87' lang='lat' dir='ltr'>etiam</span> <span class='ocrx_word' id='word_1_169' title='bbox 883 2331 1002 2388; x_wconf 87' lang='lat' dir='ltr'>fluxisse</span> <span class='ocrx_word' id='word_1_170' title='bbox 1017 2335 1155 2405; x_wconf 82' lang='lat' dir='ltr'>aquam3</span> 
     </span>
     <span class='ocr_line' id='line_1_22' title="bbox 59 2436 1124 2510; baseline 0 -16"><span class='ocrx_word' id='word_1_171' title='bbox 59 2438 207 2495; x_wconf 85' lang='lat' dir='ltr'>Albanam</span> <span class='ocrx_word' id='word_1_172' title='bbox 231 2436 348 2510; x_wconf 90' lang='lat' dir='ltr'>quidam</span> <span class='ocrx_word' id='word_1_173' title='bbox 371 2444 504 2492; x_wconf 87' lang='lat' dir='ltr'>auctores</span> <span class='ocrx_word' id='word_1_174' title='bbox 527 2445 619 2506; x_wconf 86' lang='lat' dir='ltr'>erant,</span> <span class='ocrx_word' id='word_1_175' title='bbox 641 2446 670 2494; x_wconf 89' lang='lat' dir='ltr'>ct</span> <span class='ocrx_word' id='word_1_176' title='bbox 690 2439 793 2495; x_wconf 73' lang='lat' dir='ltr'>Roma</span> <span class='ocrx_word' id='word_1_177' title='bbox 811 2436 891 2493; x_wconf 89' lang='lat' dir='ltr'>intus</span> <span class='ocrx_word' id='word_1_178' title='bbox 913 2439 941 2493; x_wconf 84' lang='lat' dir='ltr'>in</span> <span class='ocrx_word' id='word_1_179' title='bbox 962 2437 1035 2494; x_wconf 89' lang='lat' dir='ltr'>cella</span> <span class='ocrx_word' id='word_1_180' title='bbox 1055 2437 1124 2494; x_wconf 81' lang='lat' dir='ltr'>aedis</span> 
     </span>
     <span class='ocr_line' id='line_1_23' title="bbox 59 2540 1125 2616; baseline 0.002 -17"><span class='ocrx_word' id='word_1_181' title='bbox 59 2543 158 2599; x_wconf 83' lang='lat' dir='ltr'>Fortis</span> <span class='ocrx_word' id='word_1_182' title='bbox 184 2543 321 2597; x_wconf 81' lang='lat' dir='ltr'>Fortnnae</span> <span class='ocrx_word' id='word_1_183' title='bbox 351 2540 387 2595; x_wconf 89' lang='lat' dir='ltr'>de</span> <span class='ocrx_word' id='word_1_184' title='bbox 418 2540 512 2614; x_wconf 90' lang='lat' dir='ltr'>capite</span> <span class='ocrx_word' id='word_1_185' title='bbox 535 2542 664 2616; x_wconf 88' lang='lat' dir='ltr'>signum,</span> <span class='ocrx_word' id='word_1_186' title='bbox 699 2543 777 2616; x_wconf 92' lang='lat' dir='ltr'>quod</span> <span class='ocrx_word' id='word_1_187' title='bbox 798 2543 827 2599; x_wconf 90' lang='lat' dir='ltr'>in</span> <span class='ocrx_word' id='word_1_188' title='bbox 850 2561 959 2600; x_wconf 85' lang='lat' dir='ltr'>corona</span> <span class='ocrx_word' id='word_1_189' title='bbox 980 2553 1057 2613; x_wconf 84' lang='lat' dir='ltr'>erat,</span> <span class='ocrx_word' id='word_1_190' title='bbox 1095 2545 1125 2601; x_wconf 93' lang='lat' dir='ltr'>in</span> 
     </span>
     <span class='ocr_line' id='line_1_24' title="bbox 60 2628 1155 2720; baseline 0.001 -16"><span class='ocrx_word' id='word_1_191' title='bbox 60 2628 183 2704; x_wconf 59' lang='lat' dir='ltr'>manum⁴</span> <span class='ocrx_word' id='word_1_192' title='bbox 199 2656 304 2720; x_wconf 86' lang='lat' dir='ltr'>sponte</span> <span class='ocrx_word' id='word_1_193' title='bbox 325 2662 378 2700; x_wconf 90' lang='lat' dir='ltr'>sua</span> <span class='ocrx_word' id='word_1_194' title='bbox 404 2645 603 2718; x_wconf 75' lang='lat' dir='ltr'>prolapsum.&#39;</span> <span class='ocrx_word' id='word_1_195' title='bbox 625 2647 665 2702; x_wconf 85' lang='lat' dir='ltr'>Et</span> <span class='ocrx_word' id='word_1_196' title='bbox 697 2647 831 2704; x_wconf 86' lang='lat' dir='ltr'>Priverni</span> <span class='ocrx_word' id='word_1_197' title='bbox 863 2648 933 2704; x_wconf 84' lang='lat' dir='ltr'>satis</span> <span class='ocrx_word' id='word_1_198' title='bbox 972 2650 1155 2706; x_wconf 85' lang='lat' dir='ltr'>constabat4</span> 
     </span>
     <span class='ocr_line' id='line_1_25' title="bbox 59 2748 1124 2822; baseline -0.001 -13"><span class='ocrx_word' id='word_1_199' title='bbox 59 2753 163 2809; x_wconf 91' lang='lat' dir='ltr'>bovem</span> <span class='ocrx_word' id='word_1_200' title='bbox 202 2750 328 2807; x_wconf 89' lang='lat' dir='ltr'>locutum</span> <span class='ocrx_word' id='word_1_201' title='bbox 366 2748 582 2822; x_wconf 83' lang='lat' dir='ltr'>vulturiumque</span> <span class='ocrx_word' id='word_1_202' title='bbox 618 2749 762 2822; x_wconf 85' lang='lat' dir='ltr'>frequenti</span> <span class='ocrx_word' id='word_1_203' title='bbox 806 2752 871 2810; x_wconf 87' lang='lat' dir='ltr'>foro</span> <span class='ocrx_word' id='word_1_204' title='bbox 911 2753 940 2807; x_wconf 91' lang='lat' dir='ltr'>in</span> <span class='ocrx_word' id='word_1_205' title='bbox 974 2753 1124 2809; x_wconf 75' lang='lat' dir='ltr'>tabernam</span> 
     </span>
     <span class='ocr_line' id='line_1_26' title="bbox 59 2854 1125 2929; baseline -0.001 -16"><span class='ocrx_word' id='word_1_206' title='bbox 59 2856 220 2925; x_wconf 85' lang='lat' dir='ltr'>devolasse,</span> <span class='ocrx_word' id='word_1_207' title='bbox 242 2866 271 2912; x_wconf 89' lang='lat' dir='ltr'>et</span> <span class='ocrx_word' id='word_1_208' title='bbox 287 2854 432 2912; x_wconf 70' lang='lat' dir='ltr'>Sinuessae</span> <span class='ocrx_word' id='word_1_209' title='bbox 449 2862 549 2909; x_wconf 88' lang='lat' dir='ltr'>natum</span> <span class='ocrx_word' id='word_1_210' title='bbox 569 2855 705 2929; x_wconf 90' lang='lat' dir='ltr'>ambiguo</span> <span class='ocrx_word' id='word_1_211' title='bbox 720 2856 796 2913; x_wconf 86' lang='lat' dir='ltr'>inter</span> <span class='ocrx_word' id='word_1_212' title='bbox 815 2875 924 2921; x_wconf 86' lang='lat' dir='ltr'>marem</span> <span class='ocrx_word' id='word_1_213' title='bbox 941 2874 975 2912; x_wconf 90' lang='lat' dir='ltr'>ac</span> <span class='ocrx_word' id='word_1_214' title='bbox 986 2855 1125 2913; x_wconf 87' lang='lat' dir='ltr'>feminam</span> 
     </span>
     <span class='ocr_line' id='line_1_27' title="bbox 59 2956 1155 3036; baseline 0.002 -18"><span class='ocrx_word' id='word_1_215' title='bbox 59 2981 130 3020; x_wconf 89' lang='lat' dir='ltr'>sexu</span> <span class='ocrx_word' id='word_1_216' title='bbox 153 2961 302 3029; x_wconf 84' lang='lat' dir='ltr'>infantem,</span> <span class='ocrx_word' id='word_1_217' title='bbox 328 2976 401 3033; x_wconf 92' lang='lat' dir='ltr'>quos</span> <span class='ocrx_word' id='word_1_218' title='bbox 424 2958 611 3034; x_wconf 83' lang='lat' dir='ltr'>androgynos</span> <span class='ocrx_word' id='word_1_219' title='bbox 632 2960 746 3035; x_wconf 91' lang='lat' dir='ltr'>vulgus,</span> <span class='ocrx_word' id='word_1_220' title='bbox 767 2970 800 3018; x_wconf 91' lang='lat' dir='ltr'>ut</span> <span class='ocrx_word' id='word_1_221' title='bbox 821 2961 971 3036; x_wconf 79' lang='lat' dir='ltr'>pleraque,</span> <span class='ocrx_word' id='word_1_222' title='bbox 993 2956 1155 3020; x_wconf 80' lang='lat' dir='ltr'>faciliore‘b</span> 
     </span>
     <span class='ocr_line' id='line_1_28' title="bbox 43 3064 1125 3143; baseline -0.001 -19"><span class='ocrx_word' id='word_1_223' title='bbox 43 3069 97 3131; x_wconf 66' lang='lat' dir='ltr'>⁴ad</span> <span class='ocrx_word' id='word_1_224' title='bbox 119 3066 295 3143; x_wconf 87' lang='lat' dir='ltr'>duplicanda</span> <span class='ocrx_word' id='word_1_225' title='bbox 319 3065 414 3121; x_wconf 86' lang='lat' dir='ltr'>verba·</span> <span class='ocrx_word' id='word_1_226' title='bbox 430 3064 538 3122; x_wconf 81' lang='lat' dir='ltr'>Graeco</span> <span class='ocrx_word' id='word_1_227' title='bbox 559 3082 707 3136; x_wconf 88' lang='lat' dir='ltr'>sermone,</span> <span class='ocrx_word' id='word_1_228' title='bbox 735 3066 877 3142; x_wconf 88' lang='lat' dir='ltr'>appellat,</span> <span class='ocrx_word' id='word_1_229' title='bbox 908 3077 938 3124; x_wconf 91' lang='lat' dir='ltr'>et</span> <span class='ocrx_word' id='word_1_230' title='bbox 959 3067 1037 3124; x_wconf 87' lang='lat' dir='ltr'>lacte</span> <span class='ocrx_word' id='word_1_231' title='bbox 1058 3066 1125 3141; x_wconf 92' lang='lat' dir='ltr'>plu-</span> 
     </span>
     <span class='ocr_line' id='line_1_29' title="bbox 58 3169 1155 3247; baseline 0.002 -17"><span class='ocrx_word' id='word_1_232' title='bbox 58 3173 135 3230; x_wconf 90' lang='lat' dir='ltr'>visse</span> <span class='ocrx_word' id='word_1_233' title='bbox 167 3183 196 3230; x_wconf 89' lang='lat' dir='ltr'>et</span> <span class='ocrx_word' id='word_1_234' title='bbox 223 3190 287 3228; x_wconf 91' lang='lat' dir='ltr'>cum</span> <span class='ocrx_word' id='word_1_235' title='bbox 318 3170 463 3244; x_wconf 87' lang='lat' dir='ltr'>elephanti</span> <span class='ocrx_word' id='word_1_236' title='bbox 492 3169 587 3244; x_wconf 93' lang='lat' dir='ltr'>capite</span> <span class='ocrx_word' id='word_1_237' title='bbox 617 3189 737 3244; x_wconf 85' lang='lat' dir='ltr'>puerum</span> <span class='ocrx_word' id='word_1_238' title='bbox 766 3181 876 3232; x_wconf 88' lang='lat' dir='ltr'>natum.</span> <span class='ocrx_word' id='word_1_239' title='bbox 922 3173 970 3230; x_wconf 86' lang='lat' dir='ltr'>Ea</span> <span class='ocrx_word' id='word_1_240' title='bbox 990 3171 1155 3247; x_wconf 71' lang='lat' dir='ltr'>prodigiali</span> 
     </span>
     <span class='ocr_line' id='line_1_30' title="bbox 58 3276 1123 3352; baseline -0.003 -17"><span class='ocrx_word' id='word_1_241' title='bbox 58 3277 160 3335; x_wconf 92' lang='lat' dir='ltr'>hostiis</span> <span class='ocrx_word' id='word_1_242' title='bbox 189 3276 347 3334; x_wconf 90' lang='lat' dir='ltr'>maioribus</span> <span class='ocrx_word' id='word_1_243' title='bbox 376 3282 551 3349; x_wconf 87' lang='lat' dir='ltr'>procurata,</span> <span class='ocrx_word' id='word_1_244' title='bbox 586 3285 614 3334; x_wconf 87' lang='lat' dir='ltr'>at</span> <span class='ocrx_word' id='word_1_245' title='bbox 642 3277 816 3352; x_wconf 89' lang='lat' dir='ltr'>snpplicatio</span> <span class='ocrx_word' id='word_1_246' title='bbox 843 3278 920 3335; x_wconf 87' lang='lat' dir='ltr'>circa</span> <span class='ocrx_word' id='word_1_247' title='bbox 941 3277 1039 3333; x_wconf 89' lang='lat' dir='ltr'>omnia</span> <span class='ocrx_word' id='word_1_248' title='bbox 1060 3277 1123 3352; x_wconf 92' lang='lat' dir='ltr'>pul·</span> 
     </span>
     <span class='ocr_line' id='line_1_31' title="bbox 57 3379 1122 3453; baseline -0.001 -13"><span class='ocrx_word' id='word_1_249' title='bbox 57 3383 187 3453; x_wconf 88' lang='lat' dir='ltr'>vinaria,</span> <span class='ocrx_word' id='word_1_250' title='bbox 209 3380 373 3439; x_wconf 81' lang='lat' dir='ltr'>obsecratio</span> <span class='ocrx_word' id='word_1_251' title='bbox 394 3379 424 3436; x_wconf 92' lang='lat' dir='ltr'>in</span> <span class='ocrx_word' id='word_1_252' title='bbox 448 3399 536 3437; x_wconf 89' lang='lat' dir='ltr'>unum</span> <span class='ocrx_word' id='word_1_253' title='bbox 562 3380 637 3437; x_wconf 89' lang='lat' dir='ltr'>diem</span> <span class='ocrx_word' id='word_1_254' title='bbox 660 3381 783 3451; x_wconf 76' lang='lat' dir='ltr'>indicta3</span> <span class='ocrx_word' id='word_1_255' title='bbox 805 3392 834 3438; x_wconf 89' lang='lat' dir='ltr'>et</span> <span class='ocrx_word' id='word_1_256' title='bbox 856 3383 1013 3452; x_wconf 86' lang='lat' dir='ltr'>decretum,</span> <span class='ocrx_word' id='word_1_257' title='bbox 1035 3391 1067 3439; x_wconf 86' lang='lat' dir='ltr'>ut</span> <span class='ocrx_word' id='word_1_258' title='bbox 1089 3380 1122 3439; x_wconf 82' lang='grc' dir='ltr'>Ο.</span> 
     </span>
     <span class='ocr_line' id='line_1_32' title="bbox 59 3485 1144 3563; baseline 0.003 -20"><span class='ocrx_word' id='word_1_259' title='bbox 59 3487 202 3544; x_wconf 86' lang='lat' dir='ltr'>Hostilius</span> <span class='ocrx_word' id='word_1_260' title='bbox 229 3494 336 3563; x_wconf 86' lang='lat' dir='ltr'>praetor</span> <span class='ocrx_word' id='word_1_261' title='bbox 360 3486 444 3542; x_wconf 88' lang='lat' dir='ltr'>ludos</span> <span class='ocrx_word' id='word_1_262' title='bbox 466 3485 611 3560; x_wconf 73' lang='lat' dir='ltr'>Apollini,</span> <span class='ocrx_word' id='word_1_263' title='bbox 644 3487 718 3544; x_wconf 89' lang='lat' dir='ltr'>sicut</span> <span class='ocrx_word' id='word_1_264' title='bbox 738 3487 773 3543; x_wconf 92' lang='lat' dir='ltr'>iis</span> <span class='ocrx_word' id='word_1_265' title='bbox 806 3487 889 3544; x_wconf 88' lang='lat' dir='ltr'>annis</span> <span class='ocrx_word' id='word_1_266' title='bbox 913 3488 974 3543; x_wconf 92' lang='lat' dir='ltr'>voti</span> <span class='ocrx_word' id='word_1_267' title='bbox 995 3486 1144 3562; x_wconf 83' lang='lat' dir='ltr'>factique.</span> 
     </span>
     <span class='ocr_line' id='line_1_33' title="bbox 59 3590 490 3666; baseline 0.002 -17"><span class='ocrx_word' id='word_1_268' title='bbox 59 3601 151 3662; x_wconf 86' lang='lat' dir='ltr'>erant,</span> <span class='ocrx_word' id='word_1_269' title='bbox 170 3599 290 3648; x_wconf 82' lang='lat' dir='ltr'>voveret</span> <span class='ocrx_word' id='word_1_270' title='bbox 313 3590 490 3666; x_wconf 87' lang='lat' dir='ltr'>faceretque.</span> 
     </span>
    </p>

    <p class='ocr_par' dir='ltr' id='par_1_8' title="bbox 57 3696 1153 3982">
     <span class='ocr_line' id='line_1_34' title="bbox 149 3696 1153 3769; baseline 0.002 -17"><span class='ocrx_word' id='word_1_271' title='bbox 149 3697 209 3752; x_wconf 89' lang='lat' dir='ltr'>Per</span> <span class='ocrx_word' id='word_1_272' title='bbox 235 3715 285 3754; x_wconf 89' lang='lat' dir='ltr'>eos</span> <span class='ocrx_word' id='word_1_273' title='bbox 316 3697 377 3754; x_wconf 89' lang='lat' dir='ltr'>dies</span> <span class='ocrx_word' id='word_1_274' title='bbox 408 3706 437 3753; x_wconf 88' lang='lat' dir='ltr'>et</span> <span class='ocrx_word' id='word_1_275' title='bbox 465 3697 633 3754; x_wconf 78' lang='lat' dir='ltr'>censoribus</span> <span class='ocrx_word' id='word_1_276' title='bbox 664 3696 796 3754; x_wconf 88' lang='lat' dir='ltr'>creandis</span> <span class='ocrx_word' id='word_1_277' title='bbox 820 3696 856 3769; x_wconf 75' lang='lat' dir='ltr'>Q.</span> <span class='ocrx_word' id='word_1_278' title='bbox 879 3696 1000 3754; x_wconf 82' lang='lat' dir='ltr'>Fulvius</span> <span class='ocrx_word' id='word_1_279' title='bbox 1023 3700 1153 3756; x_wconf 70' lang='lat' dir='ltr'>consuli</span> 
     </span>
     <span class='ocr_line' id='line_1_35' title="bbox 58 3800 1123 3876; baseline 0.001 -17"><span class='ocrx_word' id='word_1_280' title='bbox 58 3803 176 3859; x_wconf 87' lang='lat' dir='ltr'>comitia</span> <span class='ocrx_word' id='word_1_281' title='bbox 197 3802 307 3858; x_wconf 89' lang='lat' dir='ltr'>habnit.</span> <span class='ocrx_word' id='word_1_282' title='bbox 357 3800 454 3859; x_wconf 79' lang='lat' dir='ltr'>Crasti</span> <span class='ocrx_word' id='word_1_283' title='bbox 476 3820 610 3860; x_wconf 87' lang='lat' dir='ltr'>censores</span> <span class='ocrx_word' id='word_1_284' title='bbox 633 3802 736 3872; x_wconf 88' lang='lat' dir='ltr'>ambo,</span> <span class='ocrx_word' id='word_1_285' title='bbox 769 3802 819 3876; x_wconf 89' lang='lat' dir='ltr'>qui</span> <span class='ocrx_word' id='word_1_286' title='bbox 840 3801 968 3859; x_wconf 86' lang='lat' dir='ltr'>nondum</span> <span class='ocrx_word' id='word_1_287' title='bbox 990 3804 1123 3861; x_wconf 89' lang='lat' dir='ltr'>consules</span> 
     </span>
     <span class='ocr_line' id='line_1_36' title="bbox 57 3904 1120 3982; baseline 0.001 -17"><span class='ocrx_word' id='word_1_288' title='bbox 57 3904 186 3978; x_wconf 67' lang='lat' dir='ltr'>fueram]</span> <span class='ocrx_word' id='word_1_289' title='bbox 224 3907 264 3965; x_wconf 92' lang='lat' dir='ltr'>M.</span> <span class='ocrx_word' id='word_1_290' title='bbox 293 3906 445 3966; x_wconf 81' lang='lat' dir='ltr'>Cornelius</span> <span class='ocrx_word' id='word_1_291' title='bbox 475 3907 636 3982; x_wconf 85' lang='lat' dir='ltr'>Cethegus,</span> <span class='ocrx_word' id='word_1_292' title='bbox 672 3911 707 3966; x_wconf 94' lang='lat' dir='ltr'>P.</span> <span class='ocrx_word' id='word_1_293' title='bbox 732 3906 923 3982; x_wconf 89' lang='lat' dir='ltr'>Sempronius</span> <span class='ocrx_word' id='word_1_294' title='bbox 943 3908 1120 3967; x_wconf 85' lang='lat' dir='ltr'>Tuditanus.</span> 
     </span>
    </p>
   </div>
   <div class='ocr_carea' id='block_1_5' title="bbox 0 0 1354 4426">
    <p class='ocr_par' dir='ltr' id='par_1_9' title="bbox 0 0 1354 4426">
     <span class='ocr_line' id='line_1_37' title="bbox 0 0 1354 4426; baseline 0 2"><span class='ocrx_word' id='word_1_295' title='bbox 0 0 1354 4426; x_wconf 95' lang='lat' dir='ltr'> </span> 
     </span>
    </p>
   </div>
  </div>
 </body>
</html>
