2700 4426
432 219 510 303 Liber
527 219 628 270 xxm.
659 177 855 281 (achara.)
1077 225 1132 281 149
1224 296 1227 300 Ι
1271 220 1275 227 “

109 402 201 458 muris
233 401 412 476 ferendaque
444 423 526 460 arma
558 404 691 473 deerant,
726 391 884 480 expugnati
916 414 991 463 sunt.
1043 405 1203 482 Receptab
1300 418 1309 431 ⁰

110 505 233 575 Petelia,
256 509 365 565 Poenus
392 508 435 564 ad
458 506 642 565 Consentiam
656 509 763 583 *copias
787 511 926 580 traducit,
959 527 1046 583 quam
1063 510 1172 574 ¹minus

108 611 297 685 pertinaciter
317 612 465 670 defensam
488 589 564 671 intra
587 633 697 689 paucos
719 615 779 671 dies
802 615 840 671 in·
856 614 1030 672 deditionem
1054 615 1172 690 accepit.

109 715 218 772 Iisdem
240 715 333 773 ferme
354 718 455 775 diebus
483 729 513 774 et
534 718 713 777 Bruttiorum
737 720 880 776 exercitus
899 717 1066 789 Crotonem,
1088 719 1202 779 Gra-6

109 838 175 877 cam
198 823 309 892 urbem,
336 823 532 892 circumsedit,
562 799 726 898 opulentam
752 824 899 897 quondam
924 824 1012 880 armis
1034 824 1171 899 virisque,

109 936 171 983 turn
193 928 251 984 iarn
275 929 349 985 adeo
372 926 469 983 multis
491 929 661 1002 magnisque
686 929 817 985 cladibus
840 905 993 998 afflictam,
1025 902 1056 984 ut
1079 929 1171 985 omnis

109 1032 204 1089 aetetis
226 1033 321 1090 minus
344 1034 400 1089 duo
424 1033 513 1090 millia
543 1033 647 1090 civium
676 1042 867 1109 superessent.
917 1035 1022 1109 Itaque
1051 1035 1122 1091 urbe
1153 1039 1198 1091 a7
1258 1101 1259 1104 Ἴ

109 1137 309 1196 defensoribus
324 1146 409 1194 vasta
430 1137 515 1195 facile
537 1136 621 1211 potiti
634 1139 733 1194 hostes
748 1146 827 1208 sunt;
849 1157 903 1195 arx
917 1147 1029 1195 tantum
1050 1147 1170 1208 retenta,

108 1243 139 1298 in
170 1262 258 1317 quam
287 1243 361 1300 inter
387 1243 539 1300 tumultum
568 1252 659 1318 captae
687 1244 764 1300 urbis
786 1261 803 1298 e
825 1237 921 1300 media
950 1245 1027 1301 caede
1052 1236 1171 1318 quidam

108 1347 248 1423 affugere.
306 1349 345 1406 Et
377 1348 538 1404 Locrenses
572 1348 718 1404 descivere
752 1348 790 1404 ad
826 1348 957 1405 Bruttios
995 1350 1201 1422 Poenosque,8

107 1454 226 1528 prodita
259 1453 440 1510 multitudine
472 1471 490 1509 a
524 1453 711 1528 principibus.
765 1453 869 1526 Regini
899 1453 1099 1510 tantummodo
1125 1456 1200 1510 νει-9

107 1558 203 1632 gionis
234 1558 295 1615 eins
329 1568 357 1615 et
386 1558 415 1615 in
429 1559 505 1616 ’fide
536 1577 606 1632 erga
632 1559 781 1615 Romanos
808 1566 837 1637 et
865 1559 1016 1632 potestatis
1040 1575 1100 1614 suae
1114 1575 1119 1581 ’
1132 1556 1170 1613 ad

109 1663 241 1719 ultimum
275 1673 451 1725 manserunt.
506 1665 541 1720 In
577 1663 705 1722 Siciliam
742 1640 869 1736 quoque
891 1664 992 1720 eadem
1022 1662 1169 1718 inclinatio
1187 1661 1221 1715 to

109 1765 272 1824 animorum
304 1769 451 1843 pervenit,
484 1779 512 1826 et
541 1788 577 1825 ne
609 1769 712 1825 domus
742 1767 856 1840 quidem
883 1766 1019 1824 Hieronis
1048 1775 1111 1824 tota
1132 1767 1169 1824 ab

109 1871 272 1930 defectione
295 1872 442 1935 abstinuit.
495 1874 633 1947 Namque
660 1872 746 1940 Gelo,
777 1873 922 1928 maximus
953 1871 1066 1946 stirpis,
1102 1881 1170 1927 con·
1187 1871 1218 1924 11

106 1984 221 2051 tempta
241 1976 327 2032 simul
348 1985 493 2034 senectute
514 1977 621 2051 patris,
654 1977 739 2033 simul
768 1983 834 2050 post
856 1975 1037 2033 Cannensem
1059 1974 1169 2033 cladem

107 2081 245 2138 Romana
277 2082 431 2150 societate,
462 2082 500 2138 ad
521 2082 630 2138 Poenos
653 2079 772 2151 defecit,
798 2080 994 2155 movissetque
1020 2081 1050 2139 in
1073 2081 1172 2139 Sicilia
1187 2077 1221 2134 12

107 2202 165 2254 res,
187 2186 244 2243 nisi
269 2205 346 2244 mors
369 2187 442 2243 adeo
472 2195 650 2260 opportuna,
682 2194 714 2242 ut
735 2194 847 2261 patrem
871 2204 987 2260 quoque
1009 2186 1172 2260 suspicione

109 2302 294 2366 aspergeret,
338 2300 499 2349 armantem
546 2309 611 2347 eum
660 2290 869 2347 multitudinem
913 2288 1172 2362 sollicitantemque

107 2395 205 2452 socios
228 2394 444 2470 absumpsisset.
498 2397 569 2451 Hac
598 2413 633 2451 eo
656 2413 732 2451 anno
758 2394 788 2450 in
814 2395 918 2465 Italia,
946 2395 976 2451 in
1001 2392 1171 2467 Africa„in
1188 2393 1223 2447 13

108 2500 219 2568 Sicilia,
240 2499 270 2555 in
291 2500 435 2574 Hispania
455 2500 539 2557 vario
560 2508 662 2556 eventu
685 2509 759 2559 acta.
903 2571 906 2580 y

192 2605 282 2662 Exitu
307 2605 375 2661 anni
403 2606 439 2678 Q.
461 2605 572 2662 Fabius
593 2605 741 2661 Maximus
769 2623 787 2661 a
818 2613 919 2660 senatu
941 2603 1114 2679 postulavit,
1141 2611 1173 2658 ut

107 2709 198 2766 aedem
234 2708 358 2766 Veneris
393 2710 541 2784 Erycinae,
579 2727 666 2781 quem
704 2709 829 2764 dictator
863 2708 1001 2777 vovisset,
1038 2705 1172 2762 dedicare

105 2813 213 2870 liceret.
258 2815 381 2873 Senatus
397 2813 532 2884 decrevit,
554 2822 585 2869 ut
605 2813 651 2869 Ti.
669 2812 865 2887 Sempronius,
881 2811 982 2868 consul
996 2810 1172 2884 designatus,
1189 2816 1224 2868 14

108 2935 197 2991 quum
232 2919 372 2974 honorem
404 2918 518 2986 inisset,
547 2917 585 2973 ad
617 2918 756 2992 populum
789 2914 894 2985 ferret,
928 2927 960 2973 ut
987 2916 1023 2987 Q.
1046 2914 1169 2970 Fabium

108 3019 293 3078 duumvirum
330 3041 393 3080 esse
427 3023 560 3079 iuberent
595 3022 664 3078 aedis
700 3021 866 3079 dedicanda
900 3038 997 3076 cansa.
1055 3020 1094 3076 Et
1128 3019 1170 3078 M.
1187 3025 1223 3079 15

107 3125 231 3184 AEmilio
263 3125 375 3202 Lepido
383 3101 396 3196 ζ
427 3125 475 3201 qui
505 3113 550 3182 bis
578 3127 678 3184 consul
707 3143 857 3200 augurque
885 3124 994 3193 fuerat,
1025 3124 1076 3181 filii
1103 3133 1171 3195 tres,

107 3231 244 3300 Lucius,
272 3232 404 3301 Marcus,
447 3230 585 3303 Quintus,
616 3231 701 3289 ludos
735 3230 870 3287 funebres
903 3248 956 3305 per
985 3231 1110 3286 triduum
1144 3240 1172 3286 et

106 3335 302 3410 gladiatorum
318 3336 403 3410 paria
417 3335 475 3392 duo
491 3343 519 3391 et
534 3335 635 3409 viginti
659 3332 879 3411 [pertriduum]
895 3335 924 3390 in
940 3332 1005 3391 foro
1021 3335 1170 3393 dederunt.

106 3439 223 3497 AEdiles
244 3441 357 3498 curules
379 3439 413 3499 C.
436 3440 579 3497 Laetorius
603 3448 632 3496 et
653 3440 699 3495 Ti.
714 3439 903 3514 Sempronius
920 3440 1081 3507 Gracchus,
1102 3458 1169 3497 oon·
1188 3443 1223 3498 16

106 3545 151 3602 sni
174 3545 351 3621 designatus,
373 3544 473 3619 quiin
494 3543 630 3600 aedilitate
651 3544 789 3619 magister
810 3544 937 3619 equiturn
959 3544 1063 3614 fuerat,
1085 3544 1169 3600 ludos

105 3647 259 3708 Romanos
281 3649 426 3720 fecerunt,
457 3649 506 3723 qui
534 3668 586 3724 per
607 3649 734 3705 triduum
754 3639 909 3707 instau‘rati
931 3659 1007 3707 sunt.
1056 3649 1169 3713 Plebeii
1188 3654 1221 3707 17

106 3756 168 3812 ludi
200 3754 323 3813 sedilium
355 3755 397 3814 M.
427 3754 538 3812 Aurelii
566 3752 660 3812 Cottae
687 3764 715 3810 et
742 3755 783 3811 M.
815 3754 930 3813 Claudii
962 3754 1095 3811 Marcelli
1125 3763 1170 3810 ter

106 3860 269 3918 instaurati.

104 3944 106 3948 ἱ
190 3964 387 4024 Oircnmacto'
411 3966 496 4022 tertio
533 3983 609 4020 anno
643 3964 747 4021 Punici
778 3964 862 4034 belli,
899 3964 945 4021 Ti.
981 3965 1168 4039 Sempronius
1185 3964 1219 4020 18
