2812 4556
413 261 491 322 uun
509 259 583 308 xrn.
621 262 667 320 (Δ.
682 239 729 309 cu.
744 259 816 321 rra)
1064 266 1096 319 ιι

52 444 269 518 Saguntinum
297 454 328 501 et
350 444 492 501 Alorcum
514 442 689 518 Hispanum.
736 442 813 498 Alco
845 442 942 500 insciis
965 442 1170 517 Saguntinas

51 548 199 622 precibus
227 549 342 623 aliquid
371 559 515 606 moturum
537 557 634 616 ratus,
663 566 751 621 quum
775 548 814 604 ad
835 547 1030 604 Hannibalem
1053 559 1141 606 noctu

50 654 239 724 transisset,
271 664 427 728 postquem
456 653 528 708 nihil
555 651 682 710 lacrimae
714 654 871 710 movebant
901 633 1143 727 condicionesque

49 759 155 814 tristes
190 771 232 815 nt
264 763 303 816 ab
334 759 412 816 irato
440 758 550 814 victore
580 756 763 826 ferebantur,
792 755 946 831 transfuga
967 774 1004 812 ex
1026 767 1142 816 oratore

49 862 154 918 factus
172 864 265 938 apud
287 864 401 921 hostem
419 862 535 931 mansit,
559 881 607 918 mo
624 863 728 920 iturum
744 863 903 928 affirmans,
926 859 976 934 qui
996 862 1050 917 sub
1073 879 1141 918 con-

50 967 239 1024 dicionibus
259 968 295 1024 iis
318 969 354 1024 dc
375 985 448 1041 pace
470 977 570 1039 ageret
623 967 835 1024 Postulabatur
855 978 967 1037 summ,
989 968 1173 1028 redderent5

50 1091 99 1127 res
123 1073 338 1142 Turdetanis,
369 1071 535 1144 traditoque
564 1071 643 1126 omni
671 1089 743 1137 auro
771 1082 860 1145 atque
885 1083 1008 1147 argento
1034 1076 1141 1149 egressi

50 1179 128 1233 urbe
156 1195 235 1234 cum
259 1175 380 1251 singulis
402 1175 581 1234 vestimentis
602 1176 642 1232 ibi
664 1176 844 1246 habitarent,
875 1178 923 1234 nbi
951 1179 1058 1236 Poenus
1080 1182 1141 1238 ius·

52 1283 156 1339 sisset.
218 1285 285 1341 Has
313 1283 395 1358 pacis
416 1283 494 1356 leges
523 1282 669 1337 abnuente
689 1280 804 1338 Alcone
834 1294 1005 1356 accepturos
1027 1285 1173 1359 Sagun-6

53 1387 147 1456 tinos,
174 1389 322 1457 Alorcus,
343 1387 419 1442 vinci
441 1385 564 1451 animos,
586 1385 635 1441 ubi
660 1386 718 1442 alis
740 1387 900 1457 vincantur,
924 1388 1088 1459 affirmans,
1110 1410 1142 1448 se

54 1492 143 1565 pacis
169 1493 239 1550 eius
261 1487 448 1566 interpretem
475 1489 540 1547 fore
561 1490 725 1564 pollicetur,
758 1503 821 1548 erat
849 1501 944 1550 autem
977 1505 1037 1550 tum
1061 1496 1141 1552 miles

55 1596 268 1666 Hannibalis,
296 1607 422 1654 ceterum
450 1596 564 1670 publice
586 1594 753 1668 Saguntinis
781 1596 891 1654 amicus
913 1609 1001 1672 atque
1022 1602 1140 1676 hospes.

57 1701 197 1758 Tradito
213 1702 314 1776 palam
336 1703 394 1758 telo
410 1699 577 1758 custodibus
592 1700 729 1770 hostium,
750 1714 948 1776 transgressus
964 1706 1141 1762 munimenta
1155 1711 1171 1763 7

62 1805 100 1860 ad
132 1817 298 1880 praetorem
325 1804 517 1879 Saguntinum
548 1804 672 1878 (etipse
696 1804 739 1860 ita
759 1804 889 1878 iubebat)
920 1817 964 1864 est
991 1810 1140 1870 deductus.

63 1908 133 1980 Quo
161 1929 257 1984 quum
288 1909 435 1983 extemplo
462 1926 619 1966 concursus
645 1909 738 1964 omnis
759 1911 874 1984 generis
895 1911 1043 1970 bominum
1066 1918 1170 1972 esset8

63 2011 175 2086 fectus,
202 2023 349 2072 summota
370 2025 467 2070 cetera
494 2013 684 2082 multitudine,
707 2025 824 2071 senatus
847 2015 957 2072 Alorco
980 2017 1065 2074 datus
1087 2031 1141 2089 est,

64 2119 149 2175 ciuus
174 2120 245 2175 talis
265 2118 360 2176 oratio
382 2116 445 2174 init.
491 2116 543 2186 „si
564 2118 636 2174 ciris
657 2128 754 2175 vester
774 2119 861 2189 Alco,
883 2121 957 2178 sicut
979 2123 1015 2178 ad
1037 2141 1138 2197 pacem
1195 2120 1237 2188 13

66 2225 230 2296 petendam
247 2225 286 2280 ad
301 2223 498 2280 Hannibalem
521 2223 608 2288 veuit,
630 2222 672 2279 ita
694 2225 775 2298 pacis
798 2225 981 2282 condiciones
1004 2229 1041 2283 ab
1057 2229 1139 2284 Han-

66 2328 169 2386 nibale
193 2329 230 2384 ad
251 2347 306 2385 vos
328 2328 486 2396 retulisset,
507 2327 755 2402 supervacaneum
783 2330 839 2387 hoc
864 2329 934 2386 mihi
955 2330 1056 2388 suisset
1077 2333 1140 2403 iter,

70 2451 128 2506 quo
157 2453 214 2490 nec
242 2444 344 2490 orator
368 2433 542 2490 Hannibalis
566 2451 619 2488 nec
646 2433 800 2508 transfuga
826 2435 865 2490 ad
899 2453 952 2492 vos
977 2437 1055 2505 veni;
1089 2439 1171 2495 sed2

70 2557 162 2611 quum
186 2540 235 2595 ille
269 2549 322 2594 ant
350 2549 449 2594 vestra
475 2548 527 2594 aut
553 2557 607 2594 sua
637 2538 723 2611 culpa
753 2540 891 2596 manserit
920 2541 998 2616 apud
1026 2543 1138 2598 hostem

72 2646 147 2715 (sua,
171 2646 196 2700 si
218 2656 326 2702 metum
348 2642 510 2710 simulavit,
540 2656 653 2711 vestra,
682 2643 707 2698 si
726 2644 885 2717 periculum
915 2657 958 2702 est
987 2649 1066 2722 apud
1087 2665 1140 2704 vos

71 2765 142 2806 vera
168 2747 384 2822 referentibus),
406 2765 472 2822 ego,
494 2767 531 2803 ne
553 2748 743 2821 ignoraretis,
768 2769 831 2808 esse
854 2751 966 2825 aliquas
989 2761 1018 2808 et
1038 2753 1140 2809 salutis

75 2864 102 2909 et
123 2856 205 2930 pacis
224 2854 312 2911 vobis
341 2853 544 2921 condiciones,
570 2871 625 2927 pro
657 2862 771 2910 vetusto
792 2855 933 2929 hospitio,
961 2857 1040 2930 quod
1072 2858 1140 2913 mibi

75 2961 224 3016 vobiscum
258 2972 317 3029 est,
346 2959 384 3014 ad
413 2977 466 3014 vos
493 2958 569 3017 veni.
623 2958 731 3014 Vestra
763 2971 858 3016 autem
889 2979 978 3017 causa
1011 2981 1057 3018 me
1087 2966 1172 3020 aecii

75 3065 159 3122 ullius
181 3064 300 3120 alterius
320 3065 415 3138 loqui,
448 3081 513 3136 quaa
533 3064 639 3136 loquor
669 3065 747 3136 apud
767 3082 836 3132 vos,
867 3066 913 3121 vel
944 3083 979 3120 eo
999 3065 1070 3120 fides
1094 3066 1139 3131 sit,

77 3171 152 3240 quod
173 3187 279 3242 neque,
300 3171 368 3226 dnm
391 3169 494 3226 vestris
515 3169 625 3226 viribus
647 3169 800 3239 restitistis,
822 3187 926 3242 neque,
947 3169 1016 3225 dum
1032 3169 1141 3226 auxilia

77 3275 111 3330 ab
125 3274 268 3333 Romanis
289 3272 438 3348 sperastis,
458 3274 539 3348 pacis
560 3291 688 3346 unquam
712 3273 789 3348 apud
811 3293 865 3331 vos
887 3276 1060 3332 mentionem
1076 3275 1165 3333 ieci·

78 3379 237 3454 Postquam
269 3397 323 3436 nec
352 3379 389 3436 ab
422 3379 563 3436 Romanis
595 3379 679 3454 vobis
702 3379 761 3434 ulla
785 3389 829 3434 est
860 3399 926 3454 spes
954 3399 1006 3436 nec
1041 3385 1172 3438 vestra4

78 3502 128 3542 vos
149 3486 207 3542 iam
231 3494 283 3542 aut
305 3502 388 3540 arma
410 3493 460 3539 aut
487 3483 593 3538 moenia
624 3483 695 3539 satis
720 3483 893 3553 defendunt,
922 3503 1024 3558 pacem
1046 3483 1138 3542 affero

80 3589 190 3648 advos
220 3590 316 3664 magis
346 3589 551 3646 necessariam.
566 3607 653 3661 quam
684 3607 807 3662 aequam.
867 3587 955 3646 Cuius
977 3588 1019 3644 ita
1041 3589 1173 3662 aliquas

80 3713 141 3768 spes
162 3706 221 3762 est,
243 3695 269 3751 si
290 3713 371 3765 eam,
392 3695 635 3768 quemadmodum
658 3707 689 3750 ut
711 3695 805 3751 victor
825 3694 882 3751 fert
904 3694 1068 3762 Hannibal,
1098 3695 1139 3750 sic

81 3818 127 3856 vos
154 3815 186 3858 nt
213 3800 284 3856 victi
305 3800 442 3868 audietis,
479 3808 508 3854 et
529 3817 587 3854 non
616 3799 655 3868 id,
685 3799 763 3872 quod
789 3799 944 3867 amittitur,
966 3799 994 3854 in
1023 3774 1138 3870 damno,

53 3929 55 3932 ·
81 3922 162 3978 quum
186 3907 285 3962 omnia
306 3905 426 3962 victoris
447 3904 513 3972 sint,
535 3903 600 3972 sed,
628 3903 764 3976 quicquid
785 3891 969 3977 relinquitur,
1001 3923 1055 3978 pro
1077 3923 1139 3958 mu-

81 4028 144 4066 nere
164 4009 291 4066 babituri
323 4010 400 4066 estis.
458 4010 568 4068 Urbem
600 4009 698 4078 vobis,
732 4027 819 4082 quam
850 4027 886 4064 ex
917 4028 1025 4084 magna
1057 4010 1172 4083 parteli
