2700 4426
442 193 521 243 Liber
538 193 625 246 XXV.
662 191 769 256 (A.0h.
780 184 853 258 212.)
1076 199 1134 255 255

106 393 191 445 suos,
215 376 388 450 infirmaque
409 393 534 450 corpora
555 385 632 433 tecta
656 388 683 432 et
714 377 823 433 umbrae
847 388 1065 447 recreaveraut;
1095 381 1179 437 multi

93 491 211 536 'tamen
234 500 272 538 ex
292 482 427 539 Romano
452 481 580 538 exercitu
603 483 704 538 eadem
728 492 809 557 peste
831 483 977 556 absumpti
1001 493 1076 556 suut.

197 585 301 642 Deleto
324 587 453 643 terresui
474 586 586 643 Punico
608 587 751 657 exercitu,
779 587 882 656 Siculi,
911 587 960 661 qui
987 588 1176 662 Hippocratis
1229 588 1271 658 27

111 689 217 746 milites
246 689 376 760 fuerant,
405 691 531 748 ”haud
563 709 671 765 magua
700 692 823 766 oppida,
851 704 976 749 ceterum
1005 702 1034 748 et
1059 691 1115 748 situ
1149 704 1177 748 et

113 796 296 853 munimentis
321 806 400 864 tuta3
431 797 489 853 tria
517 795 606 852 millia
634 796 756 852 alterum
786 799 823 854 ab
852 797 1020 872 Syracusis,
1053 797 1175 854 alterum

110 903 276 976 quindecim
299 903 395 971 abest,
427 920 462 958 eo
485 911 513 958 et
535 911 713 959 commeatus
735 921 751 958 e
773 903 937 959 civitatibus
959 903 1018 958 suis
1040 921 1176 977 compor-

112 1008 216 1065 tabant
237 1018 266 1064 et
286 1007 396 1065 auxilia
424 1009 619 1064 accensebant
670 1009 785 1064 Interea
807 1007 955 1062 Bomilcar
981 1008 1085 1064 iterum
1110 1008 1206 1064 euml
1232 1018 1234 1023 ’

112 1113 205 1169 classe
231 1111 379 1188 profectus
402 1111 625 1186 Carthaginem,
654 1091 858 1186 ita‘exposita
882 1110 1000 1168 fortuna
1021 1112 1175 1179 sociorum,

111 1227 145 1272 ut
165 1236 246 1291 spem
267 1217 385 1286 faceret,
408 1236 466 1272 non
488 1217 558 1292 ipsis
581 1216 667 1272 modo
696 1215 852 1272 salutarem
876 1235 960 1291 opem
983 1216 1053 1273 ferri
1081 1235 1176 1294 posse,

111 1323 164 1378 sed
185 1324 336 1379 Romanos
359 1341 475 1396 quoque
496 1324 526 1379 in
548 1331 635 1396 capta
657 1321 783 1395 quodam
806 1321 893 1376 modo
914 1322 986 1378 urbe
1008 1322 1087 1396 capi,
1110 1324 1206 1396 per-3
1246 1342 1250 1355 ¹

110 1427 200 1501 pulit,
234 1437 266 1483 ut
290 1427 438 1485 onerarias
460 1445 550 1484 naves
573 1445 661 1500 quam
689 1426 828 1500 plurimas
858 1427 936 1482 omni
967 1428 1053 1502 copia
1079 1448 1174 1485 rerum

109 1541 232 1587 onustas
263 1549 360 1588 secum
390 1533 536 1589 mitterent
564 1530 744 1604 classemque
770 1548 852 1586 suam
885 1542 1034 1606 augerent.
1083 1533 1206 1607 Igiturl

109 1645 227 1692 centum
248 1635 367 1709 triginta
387 1638 511 1693 navibus
535 1636 639 1709 longis,
661 1635 849 1710 septingentis
872 1636 1011 1692 onerariis
1028 1636 1176 1711 profectus

110 1758 131 1795 a
154 1737 332 1814 Carthagine
353 1741 425 1798 satis
453 1760 608 1816 prosperos
630 1753 733 1797 ventos
764 1742 801 1797 ad
824 1741 1022 1797 traiiciendum
1051 1741 1080 1796 in
1103 1741 1177 1800 Sici·

109 1845 181 1901 liam
203 1845 319 1914 habuit;
341 1847 392 1902 sed
414 1847 500 1904 iidem
525 1847 602 1902 venti
631 1865 770 1920 superare
799 1865 863 1902 eum
885 1847 1056 1920 Pachynum
1078 1847 1177 1921 prohi-

56 1934 64 1944 ’
111 1951 229 2009 habant.
271 1951 445 2008 Bomilcaris
466 1952 607 2008 adventus
630 1951 710 2007 fama
731 1951 841 2026 primo,
873 1951 938 2007 dein
969 1963 1074 2025 praeter
1094 1954 1205 2025 spemb

112 2081 196 2119 mora
217 2079 305 2136 quum
328 2058 465 2132 gaudium
495 2068 523 2113 et
544 2066 650 2114 metum
680 2057 710 2112 in
739 2056 830 2112 vicem
853 2055 993 2113 Romanis
1015 2056 1175 2130 Syracusa-

111 2167 214 2241 nisque
236 2164 414 2240 praebuisset,
436 2163 582 2238 Epicydes
604 2172 749 2231 metuens,
779 2181 830 2232 ue,
858 2161 882 2217 si
903 2171 1057 2235 pergerent
1078 2162 1206 2233 iidem,6

113 2271 163 2345 qui
191 2281 251 2327 tum
279 2268 431 2335 tenebant,
453 2268 491 2323 ab
523 2278 589 2323 ortu
610 2267 679 2323 solis
712 2268 784 2323 flare
807 2285 859 2340 per
880 2267 941 2321 dies
970 2267 1066 2341 plures
1088 2267 1175 2337 venti,

112 2375 213 2432 classis
235 2373 347 2431 Punica
369 2371 501 2427 Africam
520 2381 677 2446 repeteret,
707 2371 815 2428 tradita
836 2371 1007 2428 Achradina
1029 2376 1204 2428 mercena-7

113 2481 220 2538 riorum
244 2476 363 2532 militum
387 2476 517 2546 ducibus,
542 2478 580 2533 ad
602 2477 796 2534 Bomilcarem
822 2477 949 2551 navigat.
994 2475 1124 2534 Classem
1146 2479 1206 2536 ina

112 2584 238 2642 statione
258 2600 345 2638 versa
375 2581 405 2637 in
425 2581 557 2638 Africam
585 2583 738 2638 habentem
777 2591 865 2654 atque
896 2582 1044 2637 timentem
1071 2582 1176 2639 navale

113 2688 261 2762 proelium,
292 2704 350 2741 non
376 2695 437 2741 tam
466 2686 544 2759 quod
575 2685 670 2760 impar
696 2686 806 2742 viribus
836 2697 887 2741 aut
914 2704 1035 2742 numero
1057 2688 1174 2743 navium

113 2802 190 2848 esset
212 2793 332 2866 (quippe
354 2791 440 2847 etiam
456 2791 553 2864 plures
574 2790 723 2862 habebat),
746 2809 833 2863 quam
849 2791 928 2865 quod
949 2791 1027 2847 venti
1049 2792 1176 2865 aptiores

113 2899 255 2955 Romana
282 2916 369 2970 quam
392 2914 451 2952 suae
473 2896 559 2952 classi
581 2896 699 2962 flarent,
727 2895 853 2969 perpulit
885 2905 999 2963 tamen,
1029 2905 1060 2951 ut
1081 2894 1174 2953 fortu-

113 3020 182 3059 nam
210 3002 323 3059 navalis
350 3000 514 3058 certaminis
536 3000 662 3074 experiri
689 3000 785 3056 vellet.
832 3001 871 3056 Et
900 3001 1064 3070 Marcellus,
1087 3002 1206 3075 quum9

115 3118 143 3165 et
164 3106 292 3165 Siculum
317 3106 473 3162 exercitum
502 3124 539 3160 ex
568 3114 629 3160 tota
655 3104 750 3160 insula
777 3106 883 3162 conciri
914 3106 1024 3162 videret
1053 3116 1081 3163 et
1110 3126 1174 3164 cum

114 3211 224 3286 ingenti
247 3220 411 3268 commeatu
434 3210 555 3266 classem
579 3209 719 3267 Punicam
743 3211 910 3282 adventare,
932 3231 969 3268 ne
990 3211 1075 3269 simul
1098 3226 1176 3270 terra

115 3317 246 3390 marique
278 3316 404 3374 inclusus
432 3316 504 3371 urbe
525 3315 650 3372 hostium
681 3327 847 3391 urgeretur,
880 3307 1046 3392 quanquam
1081 3318 1176 3392 impar

115 3438 235 3477 numero
256 3421 373 3477 navium
404 3429 475 3489 erat,
507 3423 661 3494 prohibere
694 3423 774 3478 aditu
797 3422 1007 3497 Syracusarum
1030 3423 1175 3479 Bomilca-

115 3543 175 3581 rem
212 3525 368 3583 constituit.
435 3526 509 3582 Duae
545 3525 652 3583 classes
687 3526 798 3584 infestae
833 3528 910 3584 circa
945 3527 1175 3601 promuntorium
1192 3528 1228 3583 10

114 3630 286 3705 Pachynum
314 3632 444 3702 stabant,
473 3629 527 3689 ubi
550 3632 645 3707 prima
679 3632 872 3704 tranquillitas
904 3631 992 3686 maris
1023 3631 1052 3686 in
1087 3631 1176 3687 altum

114 3736 273 3805 erexisset,
303 3753 495 3798 concursura.
538 3738 653 3811 Itaque,
683 3738 802 3794 cadente
833 3735 890 3790 iam
924 3736 1019 3804 Euro,
1049 3737 1098 3809 qui
1124 3737 1225 3811 perll

115 3840 177 3897 dies
199 3841 310 3914 aliquot
330 3841 472 3911 saevierat,
493 3841 574 3916 prior
595 3841 743 3898 Bomilcar
764 3839 869 3909 movit;
891 3841 972 3896 cuius
993 3841 1177 3915 primoclas·

115 3946 155 4002 sis
173 3955 272 4021 petere
287 3946 377 4003 altum
397 3944 463 4004 risa
477 3955 529 4017 est,
553 3965 610 4020 quo
632 3945 746 4004 facilius
760 3954 912 4020 superaret
932 3947 1176 4021 promuntorium
