2704 4552
285 221 325 278 76
553 215 632 266 Liber
648 216 738 272 XXII.
775 216 824 279 (A.
837 230 863 268 u.
877 231 899 270 e.
914 216 988 280 537.)

210 400 379 462 sexaudito
401 408 453 458 aut
474 399 669 475 aperientibus
691 400 812 458 classem
834 399 1056 474 promuntoriis,
1078 417 1171 474 quum
1195 407 1306 476 repente
1335 389 1336 423 ³

242 524 330 580 eques
353 505 427 562 alius
449 523 537 580 super
557 504 646 562 alium
669 507 706 564 ab
728 505 915 562 Hasdrubale
930 504 1035 562 missus
1057 523 1153 580 vagos
1176 505 1305 562 inlitora
1335 495 1336 530 ¹

242 611 413 685 quietosque
436 609 467 666 in
491 609 621 668 tentoriis
654 611 728 680 suis,
762 609 833 667 nihil
864 609 958 666 minus
990 627 1079 684 quam
1111 611 1228 667 hostem
1260 617 1304 665 aut

241 715 374 792 proelium
399 733 434 772 eo
456 715 502 771 die
517 723 728 790 exspectantes,
750 714 942 772 conscendere
963 733 1054 771 naves
1073 733 1202 790 propere
1221 723 1304 787 atque

243 839 325 878 anna
346 838 451 895 capere
472 819 565 877 iubet:
587 820 709 878 classem
727 817 892 878 Romanam
914 819 971 876 iam
994 820 1074 877 haud
1096 819 1200 895 procul
1223 827 1301 895 portu
1334 792 1335 853 l

210 929 317 986 9esse.
365 925 438 982 Haec
460 926 571 999 equites
595 925 706 982 dimissi
727 924 835 999 passim
857 925 1053 998 imperabant3
1078 943 1150 982 mox
1173 924 1302 995 Hasdru·

243 1029 292 1086 bal
313 1029 375 1105 ipse
397 1048 462 1088 cum
487 1031 565 1088 omni
587 1029 715 1088 exercitu
744 1029 862 1099 aderat,
891 1029 1033 1103 varioque
1061 1029 1162 1086 omnia
1185 1027 1300 1085 tumultu

241 1144 387 1212 strepunt,
420 1135 568 1192 ruentibus
599 1135 629 1192 in
661 1152 751 1192 navos
791 1133 877 1190 simul
910 1133 1067 1208 remigibus
1101 1133 1299 1207 militibusque.

241 1238 411 1314 fugientium
446 1241 539 1316 magis
563 1248 681 1297 eterra
712 1258 798 1313 quam
828 1239 858 1295 in
886 1257 1013 1314 pugnam
1047 1239 1176 1296 euntium
1208 1238 1296 1296 modo.

195 1350 228 1404 to
242 1345 371 1402 Vixdum
394 1363 495 1402 omues
516 1346 751 1416 conscenderant,
775 1363 862 1419 quum
886 1345 935 1401 alii
956 1346 1091 1403 resolutis
1121 1345 1180 1402 oris
1203 1345 1233 1402 in
1252 1363 1297 1401 an·

242 1469 326 1507 coras
350 1452 518 1520 evehuntur,
543 1451 601 1520 alii,
622 1470 659 1508 ne
681 1452 750 1526 quid
771 1459 876 1520 teneat,
899 1450 1048 1508 ancoralia
1062 1449 1214 1519 .ineidnnt;
1234 1470 1297 1525 rap·

241 1555 350 1629 timque
372 1555 470 1612 omnia
487 1573 521 1612 ac
535 1574 719 1632 proepropere
740 1557 862 1632 agendo,
885 1555 1005 1612 militum
1022 1563 1168 1630 apparatu
1189 1556 1295 1612 nautica

242 1659 401 1718 ministeria
415 1661 619 1735 impediuntur,
640 1661 834 1738 trepidatione
854 1669 1009 1718 nautarum
1034 1678 1139 1736 capere
1162 1670 1190 1717 et
1204 1671 1295 1735 aptare

193 1769 225 1823 ll
242 1783 325 1822 arma
347 1765 428 1822 miles
451 1766 629 1840 prohibetur.
676 1767 795 1827 Etiam
824 1769 975 1826 Romarm
1004 1783 1062 1822 nou
1085 1767 1292 1841 appropinqua-

242 1871 293 1928 bat
315 1871 412 1940 modo,
433 1872 484 1928 sed
506 1871 652 1930 direxerat
673 1873 760 1929 etiam
782 1872 811 1929 in
826 1891 954 1948 pugnam
978 1888 1078 1932 naves.
1120 1871 1226 1946 Itaque
1244 1889 1291 1926 non

243 1978 280 2034 ab
312 1978 396 2034 hoste
427 1986 454 2033 ct
486 1978 588 2052 proelio
615 1978 709 2052 magis
738 1978 823 2036 Poeni
846 1996 934 2052 quam
961 1983 1075 2032 suomet
1095 1977 1151 2050 ipsi
1181 1977 1290 2033 tumultu

242 2081 359 2151 turbati,
380 2091 492 2139 tentata
512 2083 608 2139 verius
630 2101 728 2157 pugna
750 2100 837 2158 quam
859 2082 941 2152 inita,
964 2082 993 2137 in
1014 2080 1114 2156 fugam
1138 2091 1291 2138 averterint

192 2187 373 2258 tentassem,
398 2196 427 2244 et
449 2205 536 2261 quum
553 2187 667 2244 adversi
690 2187 783 2244 amnis
807 2205 840 2244 os
860 2186 922 2244 lato
944 2186 1052 2261 agmini
1065 2161 1105 2242 'et
1125 2197 1185 2242 tam
1208 2186 1291 2244 multis

241 2292 327 2350 simul
358 2291 538 2349 venientibus
567 2292 645 2349 haud
674 2310 745 2349 saue
766 2292 901 2350 intrabile
929 2301 1021 2362 esset,
1053 2291 1082 2348 in
1103 2291 1172 2350 litus
1196 2289 1291 2367 passim

241 2415 331 2454 naves
346 2405 585 2472 egerunt-atque
607 2395 656 2454 alii
670 2397 764 2467 vadis,
786 2397 835 2454 alii
850 2397 927 2455 sicco
948 2397 1032 2455 litora
1054 2397 1177 2473 excepti,
1198 2396 1290 2472 partin

240 2502 355 2572 armati,
378 2501 484 2576 partim
505 2502 638 2572 inermes,
660 2503 698 2558 ad
719 2502 889 2559 instructam
910 2521 963 2578 per
983 2502 1050 2560 litus
1073 2503 1166 2559 aciem
1186 2517 1290 2559 suumn

241 2605 408 2684 perfugere3
441 2607 505 2663 duae
529 2617 626 2665 tamen
653 2608 748 2682 primo
782 2625 923 2666 concursu
956 2616 1049 2682 captae
1077 2617 1162 2664 erant
1187 2606 1291 2665 Punica

146 2715 193 2784 20
240 2730 340 2782 naves,
363 2721 500 2786 quattuor
521 2730 694 2788 suppressa.
738 2712 874 2782 Romani,
896 2731 1063 2787 quanquam
1078 2721 1158 2770 terra
1178 2712 1289 2770 hostium

242 2826 304 2874 erat
326 2827 528 2892 armatamque
550 2818 641 2875 aciem
672 2826 734 2874 toto
758 2826 928 2893 praetentam
951 2815 1009 2894 [in]
1033 2817 1118 2896 litore
1140 2819 1290 2880 cernebant

211 2923 320 2988 2haud
355 2931 523 2982 cunctanter
553 2923 674 2980 insecuti
715 2923 858 2997 trepidam
898 2924 1022 2980 hostium
1057 2923 1179 2981 classem
1214 2937 1290 2980 naves

242 3047 356 3098 omues,
389 3039 453 3102 quas
486 3047 545 3085 non
576 3037 627 3086 aut
657 3026 858 3102 perfregerant
889 3047 993 3103 proras
1024 3029 1101 3086 litori
1132 3029 1223 3086 illisas
1250 3035 1290 3083 aut

242 3131 356 3190 carinas
377 3133 502 3189 fixerant
523 3132 621 3202 vadis,
647 3130 784 3206 religatas
806 3133 952 3209 puppibus
972 3134 1003 3190 in
1025 3134 1115 3190 altum
1138 3143 1290 3197 exuaxerm

243 3239 280 3296 ad
301 3237 428 3312 quinque
449 3244 478 3291 et
498 3235 601 3310 viginti
622 3255 712 3294 naves
735 3257 751 3294 e
773 3237 967 3312 quadraginta
990 3256 1100 3313 cepere.

212 3344 228 3398 3
325 3344 430 3416 Neque
451 3341 480 3398 id
503 3339 725 3415 pulcherrimum
749 3343 810 3400 eius
833 3342 962 3399 victoria
983 3341 1052 3411 fuit,
1073 3344 1125 3400 sed
1147 3343 1225 3418 quod
1244 3359 1289 3396 una

210 3447 300 3504 dlevi
321 3465 421 3522 pugna
442 3456 504 3504 toto
526 3446 587 3503 eius
610 3465 668 3503 orae
690 3448 764 3505 mari
787 3447 871 3522 potiti
899 3455 989 3507 erant.
1035 3449 1140 3522 Itaque
1162 3449 1200 3506 ad
1221 3447 1288 3506 Onn-

243 3570 305 3608 sam
339 3551 431 3608 classe
459 3552 596 3626 profecti;
629 3553 759 3610 escensio
791 3553 828 3609 ab
861 3553 984 3611 navibus
1012 3553 1041 3610 in
1074 3562 1183 3612 terram
1217 3552 1288 3610 lacu.

243 3655 339 3728 Quum
362 3656 462 3713 urbem
484 3657 514 3713 vi
536 3658 678 3732 cepissent
692 3666 865 3733 captamque
883 3657 1077 3732 diripuissent,
1098 3657 1287 3734 Carthaginem

212 3759 309 3816 binde
329 3769 447 3835 petunt,
477 3771 565 3836 atque
587 3781 701 3820 omnem
724 3781 825 3838 agrum
854 3762 932 3820 circa
960 3762 1129 3839 depopulati
1157 3771 1288 3838 postremo

211 3868 321 3924 dtecta
343 3885 459 3941 quoqne
480 3866 609 3924 iniuncta
631 3887 714 3925 muro
735 3867 886 3942 portisque
906 3869 1103 3925 incenderunt.
1151 3867 1224 3924 Inda
1242 3866 1287 3922 ism

242 3972 342 4046 praeda
363 3971 461 4044 gravis
483 3971 521 4027 ad
544 3970 755 4045 Longunticam
776 3971 908 4045 pervenit
929 3970 1040 4036 classis,
1061 3970 1177 4028 ubivis
1199 3968 1287 4044 magna
