<?xml version="1.0" encoding="UTF-8"?>
<!DOCTYPE html PUBLIC "-//W3C//DTD XHTML 1.0 Transitional//EN"
    "http://www.w3.org/TR/xhtml1/DTD/xhtml1-transitional.dtd">
<html xmlns="http://www.w3.org/1999/xhtml" xml:lang="en" lang="en">
 <head>
  <title>
</title>
<meta http-equiv="Content-Type" content="text/html;charset=utf-8" />
  <meta name='ocr-system' content='tesseract 3.04.00' />
  <meta name='ocr-capabilities' content='ocr_page ocr_carea ocr_par ocr_line ocrx_word'/>
</head>
<body>
  <div class='ocr_page' id='page_1' title='image "./titiliviihistor01ussigoog/titiliviihistor01ussigoog_0374.png"; bbox 0 0 2700 4426; ppageno 0'>
   <div class='ocr_carea' id='block_1_1' title="bbox 393 132 1101 219">
    <p class='ocr_par' dir='ltr' id='par_1_1' title="bbox 393 132 1101 219">
     <span class='ocr_line' id='line_1_1' title="bbox 393 132 1101 219; baseline 0.017 -13"><span class='ocrx_word' id='word_1_1' title='bbox 393 158 472 206; x_wconf 71' lang='lat' dir='ltr'>urta</span> <span class='ocrx_word' id='word_1_2' title='bbox 489 157 590 206; x_wconf 84' lang='lat' dir='ltr'>xxvr.</span> <span class='ocrx_word' id='word_1_3' title='bbox 627 157 674 219; x_wconf 83' lang='lat' dir='ltr'>(A.</span> <span class='ocrx_word' id='word_1_4' title='bbox 688 154 736 205; x_wconf 83' lang='lat' dir='ltr'>on.</span> <span class='ocrx_word' id='word_1_5' title='bbox 753 159 839 219; x_wconf 63' lang='lat' dir='ltr'>mos.</span> <span class='ocrx_word' id='word_1_6' title='bbox 1058 132 1101 218; x_wconf 51' lang='lat' dir='ltr'>aa¹</span> 
     </span>
    </p>
   </div>
   <div class='ocr_carea' id='block_1_2' title="bbox 75 315 1237 1676">
    <p class='ocr_par' dir='ltr' id='par_1_2' title="bbox 75 315 1192 608">
     <span class='ocr_line' id='line_1_2' title="bbox 75 315 1141 399; baseline 0 -1"><span class='ocrx_word' id='word_1_7' title='bbox 75 341 189 398; x_wconf 89' lang='lat' dir='ltr'>excidio</span> <span class='ocrx_word' id='word_1_8' title='bbox 219 340 412 399; x_wconf 77' lang='lat' dir='ltr'>celeberrimis</span> <span class='ocrx_word' id='word_1_9' title='bbox 441 341 510 397; x_wconf 87' lang='lat' dir='ltr'>viris</span> <span class='ocrx_word' id='word_1_10' title='bbox 542 343 635 397; x_wconf 86' lang='lat' dir='ltr'>victos</span> <span class='ocrx_word' id='word_1_11' title='bbox 664 315 755 397; x_wconf 64' lang='lat' dir='ltr'>bello,</span> <span class='ocrx_word' id='word_1_12' title='bbox 769 351 952 398; x_wconf 82' lang='lat' dir='ltr'>accusatores</span> <span class='ocrx_word' id='word_1_13' title='bbox 982 340 1012 396; x_wconf 92' lang='lat' dir='ltr'>in</span> <span class='ocrx_word' id='word_1_14' title='bbox 1041 342 1141 398; x_wconf 91' lang='lat' dir='ltr'>urbem</span> 
     </span>
     <span class='ocr_line' id='line_1_3' title="bbox 75 445 1192 520; baseline 0 -18"><span class='ocrx_word' id='word_1_15' title='bbox 75 446 254 503; x_wconf 72' lang='lat' dir='ltr'>adducentis.</span> <span class='ocrx_word' id='word_1_16' title='bbox 302 446 350 502; x_wconf 91' lang='lat' dir='ltr'>De</span> <span class='ocrx_word' id='word_1_17' title='bbox 378 447 549 520; x_wconf 83' lang='lat' dir='ltr'>republica</span> <span class='ocrx_word' id='word_1_18' title='bbox 577 455 674 502; x_wconf 89' lang='lat' dir='ltr'>tamen</span> <span class='ocrx_word' id='word_1_19' title='bbox 704 445 827 520; x_wconf 91' lang='lat' dir='ltr'>primurn</span> <span class='ocrx_word' id='word_1_20' title='bbox 859 455 893 502; x_wconf 81' lang='lat' dir='ltr'>ac</span> <span class='ocrx_word' id='word_1_21' title='bbox 924 446 960 501; x_wconf 93' lang='lat' dir='ltr'>de</span> <span class='ocrx_word' id='word_1_22' title='bbox 986 445 1142 519; x_wconf 88' lang='lat' dir='ltr'>provinciis</span> <span class='ocrx_word' id='word_1_23' title='bbox 1159 451 1192 502; x_wconf 75' lang='lat' dir='ltr'>ll</span> 
     </span>
     <span class='ocr_line' id='line_1_4' title="bbox 75 550 684 608; baseline -0.003 0"><span class='ocrx_word' id='word_1_24' title='bbox 75 553 163 608; x_wconf 88' lang='lat' dir='ltr'>ambo</span> <span class='ocrx_word' id='word_1_25' title='bbox 185 551 317 608; x_wconf 88' lang='lat' dir='ltr'>consules</span> <span class='ocrx_word' id='word_1_26' title='bbox 338 551 376 608; x_wconf 85' lang='lat' dir='ltr'>ad</span> <span class='ocrx_word' id='word_1_27' title='bbox 398 564 530 608; x_wconf 90' lang='lat' dir='ltr'>senatum</span> <span class='ocrx_word' id='word_1_28' title='bbox 551 550 684 606; x_wconf 87' lang='lat' dir='ltr'>retulere.</span> 
     </span>
    </p>

    <p class='ocr_par' dir='ltr' id='par_1_3' title="bbox 75 649 1237 1676">
     <span class='ocr_line' id='line_1_5' title="bbox 160 649 1237 731; baseline -0.001 -19"><span class='ocrx_word' id='word_1_29' title='bbox 160 657 206 714; x_wconf 91' lang='lat' dir='ltr'>Ibi</span> <span class='ocrx_word' id='word_1_30' title='bbox 228 657 380 726; x_wconf 72' lang='lat' dir='ltr'>Laevinus,</span> <span class='ocrx_word' id='word_1_31' title='bbox 420 675 477 731; x_wconf 92' lang='lat' dir='ltr'>quo</span> <span class='ocrx_word' id='word_1_32' title='bbox 511 664 588 711; x_wconf 90' lang='lat' dir='ltr'>statu</span> <span class='ocrx_word' id='word_1_33' title='bbox 621 655 796 711; x_wconf 87' lang='lat' dir='ltr'>Macedonia</span> <span class='ocrx_word' id='word_1_34' title='bbox 828 667 857 711; x_wconf 90' lang='lat' dir='ltr'>et</span> <span class='ocrx_word' id='word_1_35' title='bbox 880 655 1010 722; x_wconf 83' lang='lat' dir='ltr'>Graecia,</span> <span class='ocrx_word' id='word_1_36' title='bbox 1039 655 1143 725; x_wconf 87' lang='lat' dir='ltr'>AEtoli‚</span> <span class='ocrx_word' id='word_1_37' title='bbox 1188 649 1237 722; x_wconf 78' lang='lat'>28</span> 
     </span>
     <span class='ocr_line' id='line_1_6' title="bbox 75 757 1144 835; baseline -0.004 -17"><span class='ocrx_word' id='word_1_38' title='bbox 75 765 247 818; x_wconf 82' lang='lat' dir='ltr'>Acarnanes</span> <span class='ocrx_word' id='word_1_39' title='bbox 269 762 414 835; x_wconf 90' lang='lat' dir='ltr'>Locrique</span> <span class='ocrx_word' id='word_1_40' title='bbox 435 770 539 830; x_wconf 89' lang='lat' dir='ltr'>essent,</span> <span class='ocrx_word' id='word_1_41' title='bbox 561 778 692 834; x_wconf 90' lang='lat' dir='ltr'>quasque</span> <span class='ocrx_word' id='word_1_42' title='bbox 718 761 758 816; x_wconf 91' lang='lat' dir='ltr'>ibi</span> <span class='ocrx_word' id='word_1_43' title='bbox 787 779 833 817; x_wconf 89' lang='lat' dir='ltr'>res</span> <span class='ocrx_word' id='word_1_44' title='bbox 855 757 918 834; x_wconf 78' lang='lat' dir='ltr'>ipse</span> <span class='ocrx_word' id='word_1_45' title='bbox 939 761 1044 834; x_wconf 84' lang='lat' dir='ltr'>egisset</span> <span class='ocrx_word' id='word_1_46' title='bbox 1065 770 1144 816; x_wconf 88' lang='lat' dir='ltr'>terra</span> 
     </span>
     <span class='ocr_line' id='line_1_7' title="bbox 76 865 1173 940; baseline 0 -18"><span class='ocrx_word' id='word_1_47' title='bbox 76 866 224 940; x_wconf 83' lang='lat' dir='ltr'>marique,</span> <span class='ocrx_word' id='word_1_48' title='bbox 251 866 402 940; x_wconf 86' lang='lat' dir='ltr'>exposuit:</span> <span class='ocrx_word' id='word_1_49' title='bbox 431 865 608 939; x_wconf 82' lang='lat' dir='ltr'>Philippum,</span> <span class='ocrx_word' id='word_1_50' title='bbox 634 865 804 923; x_wconf 82' lang='lat' dir='ltr'>inferentem</span> <span class='ocrx_word' id='word_1_51' title='bbox 832 866 938 922; x_wconf 91' lang='lat' dir='ltr'>bellum</span> <span class='ocrx_word' id='word_1_52' title='bbox 961 865 1086 934; x_wconf 88' lang='lat' dir='ltr'>AEtolis,</span> <span class='ocrx_word' id='word_1_53' title='bbox 1114 865 1173 922; x_wconf 71' lang='lat' dir='ltr'>inl</span> 
     </span>
     <span class='ocr_line' id='line_1_8' title="bbox 76 969 1143 1046; baseline -0.001 -20"><span class='ocrx_word' id='word_1_54' title='bbox 76 971 279 1028; x_wconf 86' lang='lat' dir='ltr'>Macedoniam</span> <span class='ocrx_word' id='word_1_55' title='bbox 301 981 378 1028; x_wconf 89' lang='lat' dir='ltr'>retro</span> <span class='ocrx_word' id='word_1_56' title='bbox 409 973 446 1028; x_wconf 90' lang='lat' dir='ltr'>ab</span> <span class='ocrx_word' id='word_1_57' title='bbox 472 989 503 1026; x_wconf 93' lang='lat' dir='ltr'>se</span> <span class='ocrx_word' id='word_1_58' title='bbox 527 970 707 1044; x_wconf 89' lang='lat' dir='ltr'>compulsum</span> <span class='ocrx_word' id='word_1_59' title='bbox 738 971 776 1027; x_wconf 85' lang='lat' dir='ltr'>ud</span> <span class='ocrx_word' id='word_1_60' title='bbox 797 971 898 1027; x_wconf 86' lang='lat' dir='ltr'>intima</span> <span class='ocrx_word' id='word_1_61' title='bbox 919 971 1032 1046; x_wconf 90' lang='lat' dir='ltr'>penitus</span> <span class='ocrx_word' id='word_1_62' title='bbox 1061 969 1143 1043; x_wconf 85' lang='lat' dir='ltr'>regui</span> 
     </span>
     <span class='ocr_line' id='line_1_9' title="bbox 77 1075 1145 1158; baseline -0.001 -27"><span class='ocrx_word' id='word_1_63' title='bbox 77 1076 186 1144; x_wconf 85' lang='lat' dir='ltr'>abisse,</span> <span class='ocrx_word' id='word_1_64' title='bbox 216 1076 417 1158; x_wconf 82' lang='lat' dir='ltr'>legionemque</span> <span class='ocrx_word' id='word_1_65' title='bbox 440 1076 506 1132; x_wconf 90' lang='lat' dir='ltr'>inde</span> <span class='ocrx_word' id='word_1_66' title='bbox 528 1075 630 1131; x_wconf 91' lang='lat' dir='ltr'>deduci</span> <span class='ocrx_word' id='word_1_67' title='bbox 652 1093 754 1150; x_wconf 89' lang='lat' dir='ltr'>posse;</span> <span class='ocrx_word' id='word_1_68' title='bbox 784 1076 903 1133; x_wconf 86' lang='lat' dir='ltr'>classem</span> <span class='ocrx_word' id='word_1_69' title='bbox 927 1077 997 1132; x_wconf 89' lang='lat' dir='ltr'>satis</span> <span class='ocrx_word' id='word_1_70' title='bbox 1022 1094 1085 1132; x_wconf 89' lang='lat' dir='ltr'>esse</span> <span class='ocrx_word' id='word_1_71' title='bbox 1107 1076 1145 1131; x_wconf 90' lang='lat' dir='ltr'>ad</span> 
     </span>
     <span class='ocr_line' id='line_1_10' title="bbox 77 1179 1174 1256; baseline 0 -20"><span class='ocrx_word' id='word_1_72' title='bbox 77 1181 234 1237; x_wconf 88' lang='lat' dir='ltr'>arcendum</span> <span class='ocrx_word' id='word_1_73' title='bbox 260 1181 348 1238; x_wconf 88' lang='lat' dir='ltr'>ltalia</span> <span class='ocrx_word' id='word_1_74' title='bbox 379 1199 486 1256; x_wconf 86' lang='lat' dir='ltr'>regem.</span> <span class='ocrx_word' id='word_1_75' title='bbox 543 1181 615 1236; x_wconf 84' lang='lat' dir='ltr'>Haec</span> <span class='ocrx_word' id='word_1_76' title='bbox 642 1181 679 1236; x_wconf 92' lang='lat' dir='ltr'>de</span> <span class='ocrx_word' id='word_1_77' title='bbox 708 1200 739 1236; x_wconf 89' lang='lat' dir='ltr'>se</span> <span class='ocrx_word' id='word_1_78' title='bbox 769 1181 862 1254; x_wconf 89' lang='lat' dir='ltr'>deque</span> <span class='ocrx_word' id='word_1_79' title='bbox 889 1181 1054 1256; x_wconf 89' lang='lat' dir='ltr'>provincia,</span> <span class='ocrx_word' id='word_1_80' title='bbox 1099 1179 1174 1236; x_wconf 85' lang='lat' dir='ltr'>cui3</span> 
     </span>
     <span class='ocr_line' id='line_1_11' title="bbox 76 1285 1145 1365; baseline -0.002 -23"><span class='ocrx_word' id='word_1_81' title='bbox 76 1285 265 1365; x_wconf 68' lang='lat' dir='ltr'>praefuerat,</span> <span class='ocrx_word' id='word_1_82' title='bbox 284 1286 399 1354; x_wconf 86' lang='lat' dir='ltr'>consul;</span> <span class='ocrx_word' id='word_1_83' title='bbox 442 1295 502 1341; x_wconf 93' lang='lat' dir='ltr'>tum</span> <span class='ocrx_word' id='word_1_84' title='bbox 524 1285 561 1340; x_wconf 91' lang='lat' dir='ltr'>de</span> <span class='ocrx_word' id='word_1_85' title='bbox 583 1285 739 1359; x_wconf 89' lang='lat' dir='ltr'>provinciis</span> <span class='ocrx_word' id='word_1_86' title='bbox 761 1286 920 1342; x_wconf 89' lang='lat' dir='ltr'>communis</span> <span class='ocrx_word' id='word_1_87' title='bbox 951 1286 1054 1342; x_wconf 85' lang='lat' dir='ltr'>relatio</span> <span class='ocrx_word' id='word_1_88' title='bbox 1082 1285 1145 1342; x_wconf 84' lang='lat' dir='ltr'>fuit.</span> 
     </span>
     <span class='ocr_line' id='line_1_12' title="bbox 76 1375 1144 1465; baseline 0.001 -19"><span class='ocrx_word' id='word_1_89' title='bbox 76 1390 242 1448; x_wconf 87' lang='lat' dir='ltr'>Decrevere</span> <span class='ocrx_word' id='word_1_90' title='bbox 269 1402 381 1464; x_wconf 89' lang='lat' dir='ltr'>patres,</span> <span class='ocrx_word' id='word_1_91' title='bbox 419 1400 450 1446; x_wconf 93' lang='lat' dir='ltr'>ut</span> <span class='ocrx_word' id='word_1_92' title='bbox 480 1390 563 1446; x_wconf 86' lang='lat' dir='ltr'>alteri</span> <span class='ocrx_word' id='word_1_93' title='bbox 595 1391 744 1446; x_wconf 92' lang='lat' dir='ltr'>consulum</span> <span class='ocrx_word' id='word_1_94' title='bbox 772 1391 859 1447; x_wconf 86' lang='lat' dir='ltr'>ltalia</span> <span class='ocrx_word' id='word_1_95' title='bbox 886 1375 1051 1465; x_wconf 86' lang='lat' dir='ltr'>bellumque</span> <span class='ocrx_word' id='word_1_96' title='bbox 1080 1410 1144 1447; x_wconf 90' lang='lat' dir='ltr'>cum</span> 
     </span>
     <span class='ocr_line' id='line_1_13' title="bbox 76 1495 1145 1570; baseline 0 -19"><span class='ocrx_word' id='word_1_97' title='bbox 76 1495 243 1553; x_wconf 84' lang='lat' dir='ltr'>Hannibale</span> <span class='ocrx_word' id='word_1_98' title='bbox 271 1496 423 1570; x_wconf 88' lang='lat' dir='ltr'>provincia</span> <span class='ocrx_word' id='word_1_99' title='bbox 453 1506 543 1565; x_wconf 88' lang='lat' dir='ltr'>esset,</span> <span class='ocrx_word' id='word_1_100' title='bbox 584 1495 657 1551; x_wconf 89' lang='lat' dir='ltr'>alter</span> <span class='ocrx_word' id='word_1_101' title='bbox 685 1495 823 1565; x_wconf 82' lang='lat' dir='ltr'>classem,</span> <span class='ocrx_word' id='word_1_102' title='bbox 867 1496 914 1552; x_wconf 92' lang='lat' dir='ltr'>cui</span> <span class='ocrx_word' id='word_1_103' title='bbox 940 1498 975 1553; x_wconf 90' lang='lat' dir='ltr'>T.</span> <span class='ocrx_word' id='word_1_104' title='bbox 1004 1495 1145 1554; x_wconf 84' lang='lat' dir='ltr'>Otacilius</span> 
     </span>
     <span class='ocr_line' id='line_1_14' title="bbox 76 1599 1146 1676; baseline -0.001 -19"><span class='ocrx_word' id='word_1_105' title='bbox 76 1601 252 1676; x_wconf 83' lang='lat' dir='ltr'>praefuisset,</span> <span class='ocrx_word' id='word_1_106' title='bbox 298 1601 486 1674; x_wconf 86' lang='lat' dir='ltr'>Siciliamque</span> <span class='ocrx_word' id='word_1_107' title='bbox 519 1599 699 1674; x_wconf 88' lang='lat' dir='ltr'>provinciam</span> <span class='ocrx_word' id='word_1_108' title='bbox 733 1619 797 1657; x_wconf 92' lang='lat' dir='ltr'>cum</span> <span class='ocrx_word' id='word_1_109' title='bbox 828 1601 862 1657; x_wconf 93' lang='lat' dir='ltr'>L.</span> <span class='ocrx_word' id='word_1_110' title='bbox 894 1600 993 1658; x_wconf 88' lang='lat' dir='ltr'>Cincio</span> <span class='ocrx_word' id='word_1_111' title='bbox 1021 1611 1146 1676; x_wconf 82' lang='lat' dir='ltr'>praetore</span> 
     </span>
    </p>
   </div>
   <div class='ocr_carea' id='block_1_3' title="bbox 77 1686 1235 1790">
    <p class='ocr_par' dir='ltr' id='par_1_4' title="bbox 77 1686 1235 1790">
     <span class='ocr_line' id='line_1_15' title="bbox 77 1686 1235 1790; baseline -0.003 -26"><span class='ocrx_word' id='word_1_112' title='bbox 77 1709 228 1790; x_wconf 86' lang='lat' dir='ltr'>obtineret.</span> <span class='ocrx_word' id='word_1_113' title='bbox 272 1707 427 1765; x_wconf 84' lang='lat' dir='ltr'>Exercitus</span> <span class='ocrx_word' id='word_1_114' title='bbox 450 1706 490 1762; x_wconf 91' lang='lat' dir='ltr'>eis</span> <span class='ocrx_word' id='word_1_115' title='bbox 513 1706 570 1760; x_wconf 92' lang='lat' dir='ltr'>duo</span> <span class='ocrx_word' id='word_1_116' title='bbox 595 1705 711 1775; x_wconf 85' lang='lat' dir='ltr'>decreti,</span> <span class='ocrx_word' id='word_1_117' title='bbox 733 1706 783 1778; x_wconf 91' lang='lat' dir='ltr'>qui</span> <span class='ocrx_word' id='word_1_118' title='bbox 803 1706 833 1762; x_wconf 91' lang='lat' dir='ltr'>in</span> <span class='ocrx_word' id='word_1_119' title='bbox 845 1686 973 1762; x_wconf 42' lang='lat' dir='ltr'>³Etruria</span> <span class='ocrx_word' id='word_1_120' title='bbox 988 1704 1175 1778; x_wconf 77' lang='lat' dir='ltr'>Galliaquet</span> <span class='ocrx_word' id='word_1_121' title='bbox 1232 1764 1235 1771; x_wconf 67' lang='grc'>,</span> 
     </span>
    </p>
   </div>
   <div class='ocr_carea' id='block_1_4' title="bbox 76 1809 1196 3985">
    <p class='ocr_par' dir='ltr' id='par_1_5' title="bbox 76 1809 1196 3985">
     <span class='ocr_line' id='line_1_16' title="bbox 77 1809 1145 1886; baseline -0.003 -18"><span class='ocrx_word' id='word_1_122' title='bbox 77 1822 190 1880; x_wconf 88' lang='lat' dir='ltr'>essent;</span> <span class='ocrx_word' id='word_1_123' title='bbox 231 1831 271 1869; x_wconf 82' lang='lat' dir='ltr'>eae</span> <span class='ocrx_word' id='word_1_124' title='bbox 305 1822 441 1886; x_wconf 89' lang='lat' dir='ltr'>quattuor</span> <span class='ocrx_word' id='word_1_125' title='bbox 463 1820 545 1866; x_wconf 90' lang='lat' dir='ltr'>erant</span> <span class='ocrx_word' id='word_1_126' title='bbox 574 1809 717 1884; x_wconf 81' lang='lat' dir='ltr'>legiones3</span> <span class='ocrx_word' id='word_1_127' title='bbox 760 1810 877 1866; x_wconf 87' lang='lat' dir='ltr'>urbanae</span> <span class='ocrx_word' id='word_1_128' title='bbox 903 1811 967 1867; x_wconf 85' lang='lat' dir='ltr'>duae</span> <span class='ocrx_word' id='word_1_129' title='bbox 988 1810 1145 1885; x_wconf 90' lang='lat' dir='ltr'>superioris</span> 
     </span>
     <span class='ocr_line' id='line_1_17' title="bbox 77 1913 1145 1989; baseline -0.005 -15"><span class='ocrx_word' id='word_1_130' title='bbox 77 1917 147 1974; x_wconf 93' lang='lat' dir='ltr'>anni</span> <span class='ocrx_word' id='word_1_131' title='bbox 166 1917 197 1974; x_wconf 92' lang='lat' dir='ltr'>in</span> <span class='ocrx_word' id='word_1_132' title='bbox 218 1916 375 1985; x_wconf 87' lang='lat' dir='ltr'>Etruriam,</span> <span class='ocrx_word' id='word_1_133' title='bbox 409 1916 482 1987; x_wconf 82' lang='lat' dir='ltr'>duae,</span> <span class='ocrx_word' id='word_1_134' title='bbox 505 1915 609 1989; x_wconf 91' lang='lat' dir='ltr'>quibus</span> <span class='ocrx_word' id='word_1_135' title='bbox 635 1914 780 1988; x_wconf 87' lang='lat' dir='ltr'>Sulpicius</span> <span class='ocrx_word' id='word_1_136' title='bbox 802 1915 901 1970; x_wconf 90' lang='lat' dir='ltr'>consul</span> <span class='ocrx_word' id='word_1_137' title='bbox 923 1913 1094 1989; x_wconf 71' lang='lat' dir='ltr'>praefuisset,</span> <span class='ocrx_word' id='word_1_138' title='bbox 1115 1913 1145 1969; x_wconf 95' lang='lat' dir='ltr'>in</span> 
     </span>
     <span class='ocr_line' id='line_1_18' title="bbox 77 2019 1176 2094; baseline -0.002 -14"><span class='ocrx_word' id='word_1_139' title='bbox 77 2021 209 2080; x_wconf 87' lang='lat' dir='ltr'>Galliam</span> <span class='ocrx_word' id='word_1_140' title='bbox 237 2021 426 2077; x_wconf 85' lang='lat' dir='ltr'>mitterentur.</span> <span class='ocrx_word' id='word_1_141' title='bbox 483 2021 589 2079; x_wconf 71' lang='lat' dir='ltr'>Gallias</span> <span class='ocrx_word' id='word_1_142' title='bbox 619 2031 647 2076; x_wconf 94' lang='lat' dir='ltr'>et</span> <span class='ocrx_word' id='word_1_143' title='bbox 672 2019 833 2094; x_wconf 86' lang='lat' dir='ltr'>legionibus</span> <span class='ocrx_word' id='word_1_144' title='bbox 865 2031 1016 2093; x_wconf 76' lang='lat' dir='ltr'>praesset,</span> <span class='ocrx_word' id='word_1_145' title='bbox 1059 2026 1176 2092; x_wconf 87' lang='lat' dir='ltr'>qnem5</span> 
     </span>
     <span class='ocr_line' id='line_1_19' title="bbox 76 2122 1177 2199; baseline 0.004 -18"><span class='ocrx_word' id='word_1_146' title='bbox 76 2126 194 2195; x_wconf 90' lang='lat' dir='ltr'>consul,</span> <span class='ocrx_word' id='word_1_147' title='bbox 222 2125 303 2182; x_wconf 90' lang='lat' dir='ltr'>cuius</span> <span class='ocrx_word' id='word_1_148' title='bbox 324 2125 412 2182; x_wconf 86' lang='lat' dir='ltr'>Italia</span> <span class='ocrx_word' id='word_1_149' title='bbox 430 2125 582 2199; x_wconf 86' lang='lat' dir='ltr'>provincia</span> <span class='ocrx_word' id='word_1_150' title='bbox 603 2135 693 2195; x_wconf 88' lang='lat' dir='ltr'>esset,</span> <span class='ocrx_word' id='word_1_151' title='bbox 722 2122 911 2198; x_wconf 86' lang='lat' dir='ltr'>praefecisset;</span> <span class='ocrx_word' id='word_1_152' title='bbox 944 2125 973 2181; x_wconf 92' lang='lat' dir='ltr'>in</span> <span class='ocrx_word' id='word_1_153' title='bbox 995 2125 1177 2185; x_wconf 79' lang='lat' dir='ltr'>Etruriamd</span> 
     </span>
     <span class='ocr_line' id='line_1_20' title="bbox 77 2229 1145 2306; baseline -0.002 -18"><span class='ocrx_word' id='word_1_154' title='bbox 77 2229 111 2288; x_wconf 89' lang='lat' dir='ltr'>C.</span> <span class='ocrx_word' id='word_1_155' title='bbox 141 2230 317 2306; x_wconf 86' lang='lat' dir='ltr'>Calpurnius</span> <span class='ocrx_word' id='word_1_156' title='bbox 345 2241 412 2305; x_wconf 90' lang='lat' dir='ltr'>post</span> <span class='ocrx_word' id='word_1_157' title='bbox 449 2241 604 2303; x_wconf 85' lang='lat' dir='ltr'>praeturam</span> <span class='ocrx_word' id='word_1_158' title='bbox 640 2239 800 2305; x_wconf 85' lang='lat' dir='ltr'>prorogato</span> <span class='ocrx_word' id='word_1_159' title='bbox 830 2229 861 2285; x_wconf 91' lang='lat' dir='ltr'>in</span> <span class='ocrx_word' id='word_1_160' title='bbox 892 2248 997 2286; x_wconf 90' lang='lat' dir='ltr'>annum</span> <span class='ocrx_word' id='word_1_161' title='bbox 1023 2230 1145 2304; x_wconf 88' lang='lat' dir='ltr'>imperio</span> 
     </span>
     <span class='ocr_line' id='line_1_21' title="bbox 76 2332 1147 2410; baseline -0.003 -17"><span class='ocrx_word' id='word_1_162' title='bbox 76 2337 191 2393; x_wconf 88' lang='lat' dir='ltr'>missus.</span> <span class='ocrx_word' id='word_1_163' title='bbox 240 2337 280 2393; x_wconf 85' lang='lat' dir='ltr'>Et</span> <span class='ocrx_word' id='word_1_164' title='bbox 302 2332 337 2406; x_wconf 79' lang='lat' dir='ltr'>Q.</span> <span class='ocrx_word' id='word_1_165' title='bbox 360 2334 465 2392; x_wconf 82' lang='lat' dir='ltr'>Fulvio</span> <span class='ocrx_word' id='word_1_166' title='bbox 481 2332 586 2410; x_wconf 84' lang='lat' dir='ltr'>Capua</span> <span class='ocrx_word' id='word_1_167' title='bbox 606 2334 756 2410; x_wconf 88' lang='lat' dir='ltr'>provincia</span> <span class='ocrx_word' id='word_1_168' title='bbox 768 2335 885 2391; x_wconf 88' lang='lat' dir='ltr'>decreta</span> <span class='ocrx_word' id='word_1_169' title='bbox 897 2346 1147 2409; x_wconf 86' lang='lat' dir='ltr'>prorogatumque</span> 
     </span>
     <span class='ocr_line' id='line_1_22' title="bbox 76 2439 1175 2514; baseline 0.002 -17"><span class='ocrx_word' id='word_1_170' title='bbox 76 2441 107 2497; x_wconf 91' lang='lat' dir='ltr'>in</span> <span class='ocrx_word' id='word_1_171' title='bbox 141 2459 248 2496; x_wconf 88' lang='lat' dir='ltr'>anuum</span> <span class='ocrx_word' id='word_1_172' title='bbox 278 2440 446 2514; x_wconf 90' lang='lat' dir='ltr'>imperium;</span> <span class='ocrx_word' id='word_1_173' title='bbox 499 2441 641 2497; x_wconf 87' lang='lat' dir='ltr'>exercitus</span> <span class='ocrx_word' id='word_1_174' title='bbox 674 2439 778 2496; x_wconf 90' lang='lat' dir='ltr'>civium</span> <span class='ocrx_word' id='word_1_175' title='bbox 813 2441 1016 2513; x_wconf 91' lang='lat' dir='ltr'>sociorumque</span> <span class='ocrx_word' id='word_1_176' title='bbox 1056 2440 1175 2499; x_wconf 69' lang='lat' dir='ltr'>minui?</span> 
     </span>
     <span class='ocr_line' id='line_1_23' title="bbox 76 2544 1146 2626; baseline -0.004 -22"><span class='ocrx_word' id='word_1_177' title='bbox 76 2549 187 2617; x_wconf 89' lang='lat' dir='ltr'>iussus,</span> <span class='ocrx_word' id='word_1_178' title='bbox 223 2557 264 2626; x_wconf 85' lang='lat' dir='ltr'>ut</span> <span class='ocrx_word' id='word_1_179' title='bbox 285 2565 321 2602; x_wconf 86' lang='lat' dir='ltr'>ex</span> <span class='ocrx_word' id='word_1_180' title='bbox 349 2546 461 2603; x_wconf 88' lang='lat' dir='ltr'>duabus</span> <span class='ocrx_word' id='word_1_181' title='bbox 490 2545 650 2618; x_wconf 88' lang='lat' dir='ltr'>legionibus</span> <span class='ocrx_word' id='word_1_182' title='bbox 685 2564 743 2600; x_wconf 91' lang='lat' dir='ltr'>una</span> <span class='ocrx_word' id='word_1_183' title='bbox 771 2544 861 2618; x_wconf 86' lang='lat' dir='ltr'>legio,</span> <span class='ocrx_word' id='word_1_184' title='bbox 898 2545 1025 2618; x_wconf 90' lang='lat' dir='ltr'>quinque</span> <span class='ocrx_word' id='word_1_185' title='bbox 1056 2545 1146 2600; x_wconf 88' lang='lat' dir='ltr'>millia</span> 
     </span>
     <span class='ocr_line' id='line_1_24' title="bbox 77 2649 1146 2727; baseline -0.003 -18"><span class='ocrx_word' id='word_1_186' title='bbox 77 2652 207 2727; x_wconf 91' lang='lat' dir='ltr'>peditum</span> <span class='ocrx_word' id='word_1_187' title='bbox 222 2662 250 2706; x_wconf 90' lang='lat' dir='ltr'>et</span> <span class='ocrx_word' id='word_1_188' title='bbox 264 2650 383 2707; x_wconf 89' lang='lat' dir='ltr'>trecenti</span> <span class='ocrx_word' id='word_1_189' title='bbox 398 2651 509 2722; x_wconf 89' lang='lat' dir='ltr'>equites</span> <span class='ocrx_word' id='word_1_190' title='bbox 525 2660 628 2719; x_wconf 84' lang='lat' dir='ltr'>essent,</span> <span class='ocrx_word' id='word_1_191' title='bbox 650 2649 785 2719; x_wconf 89' lang='lat' dir='ltr'>dimissis,</span> <span class='ocrx_word' id='word_1_192' title='bbox 800 2651 849 2723; x_wconf 92' lang='lat' dir='ltr'>qui</span> <span class='ocrx_word' id='word_1_193' title='bbox 863 2649 988 2724; x_wconf 90' lang='lat' dir='ltr'>plurima</span> <span class='ocrx_word' id='word_1_194' title='bbox 1002 2649 1146 2723; x_wconf 90' lang='lat' dir='ltr'>stipendia</span> 
     </span>
     <span class='ocr_line' id='line_1_25' title="bbox 76 2753 1176 2830; baseline -0.001 -16"><span class='ocrx_word' id='word_1_195' title='bbox 76 2758 226 2826; x_wconf 88' lang='lat' dir='ltr'>haberent,</span> <span class='ocrx_word' id='word_1_196' title='bbox 248 2767 277 2812; x_wconf 91' lang='lat' dir='ltr'>et</span> <span class='ocrx_word' id='word_1_197' title='bbox 290 2755 435 2811; x_wconf 91' lang='lat' dir='ltr'>sociorum</span> <span class='ocrx_word' id='word_1_198' title='bbox 453 2768 564 2830; x_wconf 88' lang='lat' dir='ltr'>septem</span> <span class='ocrx_word' id='word_1_199' title='bbox 586 2755 676 2811; x_wconf 88' lang='lat' dir='ltr'>millia</span> <span class='ocrx_word' id='word_1_200' title='bbox 696 2755 824 2830; x_wconf 90' lang='lat' dir='ltr'>peditum</span> <span class='ocrx_word' id='word_1_201' title='bbox 852 2765 881 2810; x_wconf 90' lang='lat' dir='ltr'>et</span> <span class='ocrx_word' id='word_1_202' title='bbox 894 2753 1013 2810; x_wconf 85' lang='lat' dir='ltr'>trecenti</span> <span class='ocrx_word' id='word_1_203' title='bbox 1035 2754 1176 2827; x_wconf 89' lang='lat' dir='ltr'>equites8</span> 
     </span>
     <span class='ocr_line' id='line_1_26' title="bbox 77 2857 1145 2937; baseline -0.006 -18"><span class='ocrx_word' id='word_1_204' title='bbox 77 2863 315 2936; x_wconf 89' lang='lat' dir='ltr'>relinquerentur,</span> <span class='ocrx_word' id='word_1_205' title='bbox 337 2860 439 2915; x_wconf 89' lang='lat' dir='ltr'>eedem</span> <span class='ocrx_word' id='word_1_206' title='bbox 460 2861 574 2916; x_wconf 89' lang='lat' dir='ltr'>ratione</span> <span class='ocrx_word' id='word_1_207' title='bbox 595 2857 801 2932; x_wconf 90' lang='lat' dir='ltr'>stipendiorum</span> <span class='ocrx_word' id='word_1_208' title='bbox 823 2858 924 2937; x_wconf 79' lang='lat' dir='ltr'>habita</span> <span class='ocrx_word' id='word_1_209' title='bbox 949 2858 979 2913; x_wconf 90' lang='lat' dir='ltr'>in</span> <span class='ocrx_word' id='word_1_210' title='bbox 1001 2858 1145 2914; x_wconf 89' lang='lat' dir='ltr'>veteribus</span> 
     </span>
     <span class='ocr_line' id='line_1_27' title="bbox 78 2962 1175 3035; baseline -0.001 -11"><span class='ocrx_word' id='word_1_211' title='bbox 78 2967 215 3024; x_wconf 87' lang='lat' dir='ltr'>militibus</span> <span class='ocrx_word' id='word_1_212' title='bbox 237 2965 421 3021; x_wconf 89' lang='lat' dir='ltr'>dimittendis.</span> <span class='ocrx_word' id='word_1_213' title='bbox 471 2963 523 3021; x_wconf 93' lang='lat' dir='ltr'>Cn.</span> <span class='ocrx_word' id='word_1_214' title='bbox 552 2963 657 3020; x_wconf 82' lang='lat' dir='ltr'>Fulvio</span> <span class='ocrx_word' id='word_1_215' title='bbox 685 2962 797 3020; x_wconf 89' lang='lat' dir='ltr'>consuli</span> <span class='ocrx_word' id='word_1_216' title='bbox 819 2962 976 3035; x_wconf 89' lang='lat' dir='ltr'>superioris</span> <span class='ocrx_word' id='word_1_217' title='bbox 1003 2963 1071 3019; x_wconf 91' lang='lat' dir='ltr'>anni</span> <span class='ocrx_word' id='word_1_218' title='bbox 1092 2969 1175 3023; x_wconf 74' lang='lat' dir='ltr'>necti</span> 
     </span>
     <span class='ocr_line' id='line_1_28' title="bbox 78 3066 1145 3147; baseline -0.007 -17"><span class='ocrx_word' id='word_1_219' title='bbox 78 3074 115 3130; x_wconf 91' lang='lat' dir='ltr'>de</span> <span class='ocrx_word' id='word_1_220' title='bbox 135 3071 286 3147; x_wconf 88' lang='lat' dir='ltr'>provincia</span> <span class='ocrx_word' id='word_1_221' title='bbox 301 3069 411 3144; x_wconf 87' lang='lat' dir='ltr'>Apulia</span> <span class='ocrx_word' id='word_1_222' title='bbox 432 3087 485 3125; x_wconf 89' lang='lat' dir='ltr'>nec</span> <span class='ocrx_word' id='word_1_223' title='bbox 507 3070 542 3125; x_wconf 94' lang='lat' dir='ltr'>de</span> <span class='ocrx_word' id='word_1_224' title='bbox 563 3069 700 3136; x_wconf 87' lang='lat' dir='ltr'>exercitu,</span> <span class='ocrx_word' id='word_1_225' title='bbox 723 3086 806 3141; x_wconf 90' lang='lat' dir='ltr'>quem</span> <span class='ocrx_word' id='word_1_226' title='bbox 822 3067 974 3136; x_wconf 87' lang='lat' dir='ltr'>habuerat,</span> <span class='ocrx_word' id='word_1_227' title='bbox 990 3066 1145 3140; x_wconf 86' lang='lat' dir='ltr'>quicquam</span> 
     </span>
     <span class='ocr_line' id='line_1_29' title="bbox 78 3171 1144 3247; baseline -0.002 -15"><span class='ocrx_word' id='word_1_228' title='bbox 78 3184 237 3245; x_wconf 82' lang='lat' dir='ltr'>mutatum3</span> <span class='ocrx_word' id='word_1_229' title='bbox 267 3185 378 3231; x_wconf 88' lang='lat' dir='ltr'>tantum</span> <span class='ocrx_word' id='word_1_230' title='bbox 407 3175 438 3233; x_wconf 88' lang='lat' dir='ltr'>in</span> <span class='ocrx_word' id='word_1_231' title='bbox 469 3193 575 3230; x_wconf 89' lang='lat' dir='ltr'>annum</span> <span class='ocrx_word' id='word_1_232' title='bbox 608 3181 797 3247; x_wconf 82' lang='lat' dir='ltr'>prorogatum</span> <span class='ocrx_word' id='word_1_233' title='bbox 824 3171 977 3247; x_wconf 89' lang='lat' dir='ltr'>imperium</span> <span class='ocrx_word' id='word_1_234' title='bbox 1005 3182 1056 3228; x_wconf 87' lang='lat' dir='ltr'>est.</span> <span class='ocrx_word' id='word_1_235' title='bbox 1108 3173 1144 3232; x_wconf 88' lang='lat' dir='ltr'>P.</span> 
     </span>
     <span class='ocr_line' id='line_1_30' title="bbox 78 3276 1145 3357; baseline -0.007 -17"><span class='ocrx_word' id='word_1_236' title='bbox 78 3281 223 3357; x_wconf 85' lang='lat' dir='ltr'>Sulpicius</span> <span class='ocrx_word' id='word_1_237' title='bbox 249 3280 361 3353; x_wconf 88' lang='lat' dir='ltr'>collega</span> <span class='ocrx_word' id='word_1_238' title='bbox 383 3280 443 3336; x_wconf 88' lang='lat' dir='ltr'>eius</span> <span class='ocrx_word' id='word_1_239' title='bbox 465 3298 579 3336; x_wconf 89' lang='lat' dir='ltr'>omnem</span> <span class='ocrx_word' id='word_1_240' title='bbox 602 3277 758 3334; x_wconf 88' lang='lat' dir='ltr'>exercitum</span> <span class='ocrx_word' id='word_1_241' title='bbox 780 3289 886 3352; x_wconf 82' lang='lat' dir='ltr'>proeter</span> <span class='ocrx_word' id='word_1_242' title='bbox 909 3277 1004 3334; x_wconf 89' lang='lat' dir='ltr'>socios</span> <span class='ocrx_word' id='word_1_243' title='bbox 1025 3276 1145 3333; x_wconf 87' lang='lat' dir='ltr'>navales</span> 
     </span>
     <span class='ocr_line' id='line_1_31' title="bbox 77 3379 1195 3451; baseline -0.001 -8"><span class='ocrx_word' id='word_1_244' title='bbox 77 3388 172 3444; x_wconf 88' lang='lat' dir='ltr'>iussus</span> <span class='ocrx_word' id='word_1_245' title='bbox 193 3385 337 3442; x_wconf 89' lang='lat' dir='ltr'>dimittere</span> <span class='ocrx_word' id='word_1_246' title='bbox 357 3396 409 3441; x_wconf 88' lang='lat' dir='ltr'>est.</span> <span class='ocrx_word' id='word_1_247' title='bbox 451 3385 526 3440; x_wconf 90' lang='lat' dir='ltr'>Item</span> <span class='ocrx_word' id='word_1_248' title='bbox 549 3403 586 3440; x_wconf 89' lang='lat' dir='ltr'>ex</span> <span class='ocrx_word' id='word_1_249' title='bbox 608 3383 707 3441; x_wconf 90' lang='lat' dir='ltr'>Sicilia</span> <span class='ocrx_word' id='word_1_250' title='bbox 728 3383 880 3451; x_wconf 87' lang='lat' dir='ltr'>exercitus,</span> <span class='ocrx_word' id='word_1_251' title='bbox 902 3382 946 3439; x_wconf 87' lang='lat' dir='ltr'>cui</span> <span class='ocrx_word' id='word_1_252' title='bbox 968 3383 1010 3439; x_wconf 88' lang='lat' dir='ltr'>M.</span> <span class='ocrx_word' id='word_1_253' title='bbox 1035 3379 1195 3441; x_wconf 51' lang='lat' dir='ltr'>Corne-*10</span> 
     </span>
     <span class='ocr_line' id='line_1_32' title="bbox 78 3486 1144 3566; baseline -0.005 -19"><span class='ocrx_word' id='word_1_254' title='bbox 78 3492 134 3547; x_wconf 91' lang='lat' dir='ltr'>lius</span> <span class='ocrx_word' id='word_1_255' title='bbox 159 3500 304 3566; x_wconf 86' lang='lat' dir='ltr'>praeesset,</span> <span class='ocrx_word' id='word_1_256' title='bbox 329 3490 378 3547; x_wconf 91' lang='lat' dir='ltr'>ubi</span> <span class='ocrx_word' id='word_1_257' title='bbox 399 3489 500 3546; x_wconf 86' lang='lat' dir='ltr'>consul</span> <span class='ocrx_word' id='word_1_258' title='bbox 520 3489 550 3544; x_wconf 90' lang='lat' dir='ltr'>in</span> <span class='ocrx_word' id='word_1_259' title='bbox 571 3488 751 3563; x_wconf 89' lang='lat' dir='ltr'>provinciam</span> <span class='ocrx_word' id='word_1_260' title='bbox 766 3486 1027 3556; x_wconf 62' lang='lat' dir='ltr'>venissetdimitti</span> <span class='ocrx_word' id='word_1_261' title='bbox 1040 3487 1144 3543; x_wconf 80' lang='lat' dir='ltr'>iussus.</span> 
     </span>
     <span class='ocr_line' id='line_1_33' title="bbox 78 3588 1192 3670; baseline 0.001 -18"><span class='ocrx_word' id='word_1_262' title='bbox 78 3597 113 3653; x_wconf 88' lang='lat' dir='ltr'>L.</span> <span class='ocrx_word' id='word_1_263' title='bbox 139 3594 240 3653; x_wconf 90' lang='lat' dir='ltr'>Cincio</span> <span class='ocrx_word' id='word_1_264' title='bbox 264 3595 382 3670; x_wconf 85' lang='lat' dir='ltr'>praetori</span> <span class='ocrx_word' id='word_1_265' title='bbox 412 3595 450 3649; x_wconf 88' lang='lat' dir='ltr'>ad</span> <span class='ocrx_word' id='word_1_266' title='bbox 482 3594 668 3651; x_wconf 85' lang='lat' dir='ltr'>obtinendam</span> <span class='ocrx_word' id='word_1_267' title='bbox 697 3592 824 3651; x_wconf 89' lang='lat' dir='ltr'>Siciliam</span> <span class='ocrx_word' id='word_1_268' title='bbox 847 3588 1014 3648; x_wconf 87' lang='lat' dir='ltr'>Cannenses</span> <span class='ocrx_word' id='word_1_269' title='bbox 1040 3592 1144 3648; x_wconf 88' lang='lat' dir='ltr'>milites</span> <span class='ocrx_word' id='word_1_270' title='bbox 1160 3599 1192 3652; x_wconf 90' lang='lat' dir='ltr'>ll</span> 
     </span>
     <span class='ocr_line' id='line_1_34' title="bbox 79 3695 1195 3774; baseline 0 -17"><span class='ocrx_word' id='word_1_271' title='bbox 79 3702 149 3771; x_wconf 90' lang='lat' dir='ltr'>dati,</span> <span class='ocrx_word' id='word_1_272' title='bbox 171 3702 293 3758; x_wconf 89' lang='lat' dir='ltr'>duarum</span> <span class='ocrx_word' id='word_1_273' title='bbox 315 3701 407 3757; x_wconf 84' lang='lat' dir='ltr'>instar</span> <span class='ocrx_word' id='word_1_274' title='bbox 427 3699 583 3774; x_wconf 90' lang='lat' dir='ltr'>legionum.</span> <span class='ocrx_word' id='word_1_275' title='bbox 626 3698 762 3756; x_wconf 89' lang='lat' dir='ltr'>Totidem</span> <span class='ocrx_word' id='word_1_276' title='bbox 783 3696 912 3769; x_wconf 88' lang='lat' dir='ltr'>legiones</span> <span class='ocrx_word' id='word_1_277' title='bbox 933 3695 964 3752; x_wconf 92' lang='lat' dir='ltr'>in</span> <span class='ocrx_word' id='word_1_278' title='bbox 979 3695 1143 3754; x_wconf 85' lang='lat' dir='ltr'>Sardiniam</span> <span class='ocrx_word' id='word_1_279' title='bbox 1161 3701 1195 3756; x_wconf 81' lang='lat'>12</span> 
     </span>
     <span class='ocr_line' id='line_1_35' title="bbox 78 3798 1144 3878; baseline -0.007 -16"><span class='ocrx_word' id='word_1_280' title='bbox 78 3807 114 3863; x_wconf 91' lang='lat' dir='ltr'>P.</span> <span class='ocrx_word' id='word_1_281' title='bbox 139 3807 250 3862; x_wconf 91' lang='lat' dir='ltr'>Manlio</span> <span class='ocrx_word' id='word_1_282' title='bbox 271 3805 397 3861; x_wconf 85' lang='lat' dir='ltr'>Vulsoni</span> <span class='ocrx_word' id='word_1_283' title='bbox 425 3803 543 3878; x_wconf 81' lang='lat' dir='ltr'>praetori</span> <span class='ocrx_word' id='word_1_284' title='bbox 572 3804 708 3872; x_wconf 84' lang='lat' dir='ltr'>decretae,</span> <span class='ocrx_word' id='word_1_285' title='bbox 742 3802 846 3875; x_wconf 90' lang='lat' dir='ltr'>quibus</span> <span class='ocrx_word' id='word_1_286' title='bbox 878 3801 913 3858; x_wconf 90' lang='lat' dir='ltr'>L.</span> <span class='ocrx_word' id='word_1_287' title='bbox 938 3798 1089 3856; x_wconf 86' lang='lat' dir='ltr'>Cornelius</span> <span class='ocrx_word' id='word_1_288' title='bbox 1114 3800 1144 3856; x_wconf 92' lang='lat' dir='ltr'>in</span> 
     </span>
     <span class='ocr_line' id='line_1_36' title="bbox 78 3905 1196 3985; baseline -0.005 -17"><span class='ocrx_word' id='word_1_289' title='bbox 78 3912 180 3968; x_wconf 87' lang='lat' dir='ltr'>eadem</span> <span class='ocrx_word' id='word_1_290' title='bbox 207 3910 358 3985; x_wconf 88' lang='lat' dir='ltr'>provincia</span> <span class='ocrx_word' id='word_1_291' title='bbox 387 3909 484 3984; x_wconf 91' lang='lat' dir='ltr'>priore</span> <span class='ocrx_word' id='word_1_292' title='bbox 513 3926 589 3964; x_wconf 86' lang='lat' dir='ltr'>anno</span> <span class='ocrx_word' id='word_1_293' title='bbox 617 3907 812 3982; x_wconf 51' lang='lat' dir='ltr'>praefuerat«</span> <span class='ocrx_word' id='word_1_294' title='bbox 846 3907 984 3966; x_wconf 86' lang='lat' dir='ltr'>Urbanas</span> <span class='ocrx_word' id='word_1_295' title='bbox 1016 3905 1144 3980; x_wconf 85' lang='lat' dir='ltr'>legiones</span> <span class='ocrx_word' id='word_1_296' title='bbox 1160 3912 1196 3968; x_wconf 84' lang='lat'>13</span> 
     </span>
    </p>
   </div>
   <div class='ocr_carea' id='block_1_5' title="bbox 102 4015 927 4078">
    <p class='ocr_par' dir='ltr' id='par_1_6' title="bbox 102 4015 927 4078">
     <span class='ocr_line' id='line_1_37' title="bbox 102 4015 927 4078; baseline -0.011 -16"><span class='ocrx_word' id='word_1_297' title='bbox 102 4025 170 4063; x_wconf 69' lang='lat' dir='ltr'>,Livius</span> <span class='ocrx_word' id='word_1_298' title='bbox 188 4036 210 4061; x_wconf 75' lang='lat' dir='ltr'>rx</span> <span class='ocrx_word' id='word_1_299' title='bbox 223 4035 261 4061; x_wconf 84' lang='lat' dir='ltr'>rec.</span> <span class='ocrx_word' id='word_1_300' title='bbox 277 4023 373 4069; x_wconf 76' lang='lat' dir='ltr'>ttatvtgtt.</span> <span class='ocrx_word' id='word_1_301' title='bbox 403 4022 433 4058; x_wconf 77' lang='lat' dir='ltr'>tv,</span> <span class='ocrx_word' id='word_1_302' title='bbox 681 4015 684 4020; x_wconf 79' lang='grc'><strong>’</strong></span> <span class='ocrx_word' id='word_1_303' title='bbox 913 4037 927 4078; x_wconf 83' lang='lat'><strong>3</strong></span> 
     </span>
    </p>
   </div>
   <div class='ocr_carea' id='block_1_6' title="bbox 0 0 1357 4426">
    <p class='ocr_par' dir='ltr' id='par_1_7' title="bbox 0 0 1357 4426">
     <span class='ocr_line' id='line_1_38' title="bbox 0 0 1357 4426; baseline 0 0"><span class='ocrx_word' id='word_1_304' title='bbox 0 0 1357 4426; x_wconf 95' lang='lat' dir='ltr'> </span> 
     </span>
    </p>
   </div>
  </div>
 </body>
</html>
