2812 4556
745 243 789 292 xx

87 497 90 504 ,
237 427 354 502 (Vollo;
385 429 450 488 Em.
478 429 547 487 259.
570 429 600 484 P
617 447 674 502 quo
703 447 817 490 non...
853 428 1006 504 impetraui
1029 430 1066 486 ab
1089 426 1272 504 Romaniset)
1298 425 1301 507 i

236 531 324 587 quam
346 531 474 586 unquam
496 511 612 572 fuimns.
656 510 728 570 Cum
752 509 823 586 (My.
846 511 911 571 ma.
933 512 1003 584 iod.)
1025 513 1082 580 IX,
1112 512 1303 568 3obstrinxi·

237 614 299 652 mus
324 627 361 636 -
384 606 414 652 ut
436 605 565 652 sacratas
594 635 644 656 ...
673 613 851 651 armaremns
878 595 952 668 (Mp.
968 595 1033 655 Em.
1048 593 1120 671 266)
1140 591 1144 667 Ι
1164 597 1182 654 4
1199 613 1305 651 cruen-

236 688 313 734 tares
326 675 400 752 (Mp.
413 679 481 751 ibo.)
499 683 514 734 6
528 687 691 752 torpescent
702 679 712 743 t
714 677 793 734 codd.
807 678 882 751 quid.
894 678 975 751 reor.)
992 681 1009 734 8
1022 689 1111 750 atque
1122 675 1307 753 (ooddreco.)

240 761 426 834 rothomum
449 761 499 817 inii
512 761 618 817 Rubra.
642 761 671 816 P
686 760 858 820 hostrimini.
881 761 973 834 Draic.
996 760 1121 816 hostium
1145 759 1311 817 defendere-

238 843 382 912 volebam,
403 843 480 900 hosti
502 843 618 900 minime
640 842 773 919 parcens)
796 844 836 913 X,
860 843 1046 918 2pollicitus,
1068 843 1150 900 brevi
1171 843 1306 916 (Weiss.)

237 925 470 1000 5magistratum
505 929 522 983 9
545 924 723 983 vociferante
746 925 859 1003 (Gron.)
887 931 922 983 10
946 946 1010 983 eum
1034 946 1070 983 ne
1092 937 1142 982 aut
1165 927 1305 1000 negando

235 1007 325 1084 (Doto.
365 1019 391 1065 et
428 1010 488 1082 My.
522 1029 536 1066 e
574 1009 614 1064 P:
653 1009 967 1084 eumnamutnegando)
1001 1007 1006 1082 Ι
1045 1029 1132 1083 quam
1173 1009 1303 1083 primum

235 1090 348 1164 (Gron.)
371 1093 429 1161 XI,
462 1098 472 1148 t
500 1092 573 1149 redit
595 1093 686 1163 (codd.
703 1093 784 1165 roco.)
804 1095 808 1170 Ι
827 1093 971 1161 recitavit;
994 1092 1111 1166 divique
1131 1092 1160 1148 in
1183 1111 1218 1147 eo
1234 1092 1304 1164 (Im.

234 1175 351 1230 Becker.
378 1175 407 1230 P
423 1175 556 1232 recitavit
580 1175 727 1248 dividique
748 1175 777 1231 in
799 1173 846 1251 eo)
874 1179 890 1232 3
914 1176 1004 1247 (Fert.
1029 1175 1164 1247 elucris)
1189 1174 1258 1230 tiis
1283 1179 1301 1232 7

234 1258 427 1329 Brut-tiorum,
457 1277 578 1332 quaeque
605 1256 712 1334 (Oreo.)
749 1261 766 1314 9
790 1259 917 1316 saucium
951 1258 1072 1314 alterum
1095 1268 1157 1315 toto
1189 1259 1303 1322 (omisso

234 1359 327 1397 errore
350 1342 437 1398 altero
462 1339 595 1418 alteram)
636 1346 669 1398 to
692 1340 823 1415 fugatum
847 1361 897 1398 om.
919 1359 975 1414 que
998 1342 1089 1412 (codd.
1107 1343 1194 1415 pauci
1214 1342 1302 1413 roco.)

233 1424 313 1494 XII,
343 1428 360 1479 t
387 1433 418 1479 ut
447 1424 628 1481 metientibus
651 1424 798 1480 dimidium
822 1443 908 1499 snper
929 1425 981 1480 tris
1004 1422 1193 1499 (519.er
1211 1426 1245 1480 1.·
1270 1432 1303 1480 ut

234 1505 495 1563 meutmetientibus
516 1527 603 1583 super
625 1507 725 1582 patris.
757 1507 861 1562 Manna
885 1508 906 1562 2
928 1507 1078 1564 dimidium
1099 1507 1226 1571 adetum·
1260 1526 1301 1583 pa

233 1607 266 1644 eu
286 1607 374 1663 supra
396 1598 485 1646 ortum
507 1600 562 1658 eat,
586 1590 661 1664 quod
680 1589 779 1646 Lr'oiue
800 1592 827 1646 ia
848 1592 896 1661 iia,
930 1609 991 1664 quoe
1011 1609 1151 1646 numerurm
1179 1591 1302 1664 aliquem

233 1672 372 1741 euredum,
389 1691 492 1746 ponere
513 1673 604 1747 solet.)
617 1670 643 1730 ’4
661 1671 797 1729 frumenti
820 1673 947 1747 pecuuiae
970 1669 1055 1748 (My.)
1079 1675 1096 1729 9
1113 1671 1301 1749 (paeniteatne

234 1753 333 1814 Atrei.
355 1756 384 1811 P
402 1755 537 1830 paeniteat
558 1775 612 1826 me,
635 1755 726 1812 Druk.
749 1756 922 1830 paeniteatne
944 1755 1001 1828 me)
1028 1760 1063 1812 10
1080 1753 1297 1831 (Respondeam

233 1839 279 1893 vm
299 1856 391 1894 uerum
415 1848 469 1908 eet,
491 1857 517 1898 u.
539 1839 604 1896 Em.
630 1839 700 1898 261.
722 1839 751 1894 P
758 1842 825 1896 ml
846 1838 1027 1914 respondead
1044 1839 1150 1912 inquit.
1199 1837 1301 1895 Subest

232 1921 408 1995 respondem
423 1922 602 1994 redfortosae
616 1922 696 1977 uliud
709 1923 798 1978 stmul.
815 1923 912 1995 Inquit
927 1923 1070 1996 aliquanto
1080 1931 1147 1996 poet
1161 1922 1295 1982 orationis

232 2005 339 2059 initium
368 2007 396 2060 in
419 2007 589 2062 conversione
616 2023 635 2060 o
661 2013 756 2061 senatu
785 2005 825 2060 od
851 2005 1030 2061 Himilconem
1052 2006 1173 2079 positum
1206 2005 1299 2076 desen·

234 2086 310 2142 ditur
331 2096 357 2142 et
378 2087 436 2158 III,
459 2088 507 2155 19,
530 2088 569 2142 12
590 2096 616 2143 et
641 2089 675 2143 iio
698 2089 779 2155 loeis,
802 2090 830 2143 in
852 2088 950 2162 quibem
971 2087 1064 2161 inquit
1085 2089 1160 2144 initio
1176 2090 1299 2162 positum

228 2178 295 2243 post
316 2171 450 2235 iteratum
471 2169 526 2226 uid.
541 2171 581 2226 ool
597 2169 653 2231 Cic.
677 2170 740 2226 Fr'm
752 2189 785 2244 p.
803 2171 877 2235 76⁴4,-
900 2171 969 2230 odd.
991 2169 1046 2226 Cic.
1063 2189 1118 2246 pro
1140 2171 1204 2226 Mil.
1221 2170 1297 2242 §98,

239 2251 317 2313 Vera
339 2252 377 2308 II
394 2257 408 2322 5
431 2253 497 2323 127,
519 2251 594 2309 Suet.
616 2253 671 2312 Iul.
693 2252 756 2325 32.)
796 2257 828 2311 14
853 2263 1045 2310 commeatum
1088 2257 1121 2311 t5
1144 2253 1173 2309 in
1198 2251 1297 2310 deiec-

232 2335 339 2392 tionem
362 2333 435 2411 (cod.
457 2355 528 2392 unus
549 2344 575 2391 et
595 2337 666 2392 alter
686 2353 755 2400 rec.,·
789 2335 851 2395 ma.
873 2337 946 2408 256)
979 2335 1074 2407 XIII,
1107 2340 1123 2392 5
1148 2335 1193 2392 his
1225 2341 1240 2392 7
1267 2344 1297 2392 et

231 2419 304 2474 mitte
334 2418 446 2493 argenti
478 2418 593 2475 talenta.
616 2419 797 2492 dictatorque
829 2416 899 2493 (Seu
919 2421 947 2475 in
967 2421 1038 2475 notio
1053 2421 1235 2497 proponitur:
1267 2428 1298 2475 et

157 2539 164 2558 ,
232 2519 290 2575 arg.
313 2500 366 2562 tal.
388 2502 417 2558 D
441 2500 617 2577 Bostarque)
640 2502 728 2569 XIV,
756 2504 789 2558 13
807 2499 962 2576 (Caiatiam
978 2501 1053 2558 Stier
1068 2521 1123 2576 pro
1139 2499 1296 2574 Calatiam)

232 2577 236 2660 Ι
260 2603 369 2658 perque
385 2602 484 2658 agrum
507 2583 578 2656 (Mp.
590 2584 762 2645 12152615.
774 2582 806 2660 2)
830 2586 901 2656 XV,
924 2589 940 2642 t
960 2583 1162 2661 (remanserint
1182 2584 1253 2642 Lov.
1265 2587 1296 2656 5,

230 2666 329 2723 Fabri.
351 2668 381 2723 P
398 2677 605 2723 remanserant.
627 2667 719 2724 Drok.
749 2665 942 2744 remanerent)
980 2673 994 2724 7
1020 2666 1208 2743 (conscientia
1233 2676 1296 2724 ten·

231 2759 298 2806 tate
321 2749 408 2806 Gron.
429 2750 459 2805 P
485 2759 803 2807 consensuatemtatem.
825 2751 919 2811 Drak.
949 2769 1105 2807 consensus
1128 2750 1296 2823 adtentatae)

216 2832 323 2903 XVI,
367 2838 380 2889 l
416 2841 441 2888 et
480 2834 496 2890 2
529 2833 647 2903 iuverit,
685 2852 749 2890 cum
781 2835 915 2894 Hann...
955 2842 1106 2909 spectaret.
1140 2833 1296 2890 Marcellus

230 2913 360 2992 (Interp.)
398 2917 415 2972 3
438 2915 539 2990 recipit
572 2915 686 2989 (errore,
708 2925 738 2972 ut
758 2917 879 2991 videtur)
915 2923 931 2975 4
960 2927 989 2973 et
1020 2919 1077 2972 aine
1098 2919 1175 2972 uncia
1206 2914 1295 2991 (My.)

231 3003 247 3054 5
282 2998 427 3055 cotidiana
457 2998 580 3055 duorum
610 2997 651 3074 (Ρ
674 2999 781 3056 coditia
813 3000 871 3056 iam
895 2998 1030 3071 duorum)
1066 3004 1082 3058 6
1116 2999 1207 3074 portis
1240 2999 1297 3056 iret

230 3079 355 3151 (Weiss,
382 3080 444 3154 My.
478 3081 526 3137 Ea
559 3083 727 3156 portistaret
759 3092 847 3138 ortum
879 3083 970 3158 portis
1002 3083 1065 3139 iret.
1096 3081 1182 3139 Gron.
1203 3082 1295 3156 portis

229 3160 317 3239 foret)
356 3167 371 3220 7
404 3163 445 3237 (in
472 3165 543 3221 urbe
573 3165 667 3227 Weiss.
690 3166 719 3221 P
739 3165 865 3222 iniurise.
886 3165 978 3224 Druk.
1000 3163 1088 3241 intus)
1114 3169 1150 3221 15
1174 3166 1295 3236 (Rome-

229 3264 331 3301 norum
355 3245 484 3316 amissis3
511 3248 562 3305 sed
584 3247 682 3308 Aison.
706 3267 719 3304 e
741 3249 781 3304 P:
808 3250 1005 3320 Romanorum
1029 3246 1180 3304 amisisset.
1201 3247 1295 3305 Drui.

230 3328 401 3403 quingentos
413 3330 577 3386 Romanum
591 3331 733 3404 amisisse)
754 3335 788 3388 tu
801 3342 884 3406 gesta
899 3332 936 3388 sit
957 3330 1112 3404 (Protesi.)
1132 3333 1135 3400 t
1155 3331 1294 3388 vincenti·
1402 3385 1403 3388 ,

231 3412 284 3467 bus
299 3415 358 3468 siae
372 3422 437 3469 noto
452 3413 526 3486 (My.
542 3414 606 3469 Em.
621 3415 683 3470 262
694 3434 719 3473 a.
732 3416 761 3470 2.
783 3415 876 3471 Potest
891 3418 1005 3472 tentori:
1026 3413 1102 3471 vinci
1117 3412 1295 3486 timentibus)

230 3494 334 3564 XVII,
348 3496 587 3554 ‹tindear'neuacr'o
596 3495 762 3572 (coddmeoc.
773 3495 941 3554 Gemirtondo
951 3507 1039 3555 ortum
1051 3497 1159 3554 videtur
1170 3515 1202 3552 ae
1213 3496 1294 3558 uidit.

228 3577 375 3636 Patauium
391 3579 420 3635 in
435 3579 492 3635 fide
506 3581 585 3654 coni.)
609 3580 860 3654 ilegionesqrre**
883 3581 974 3657 accipi
997 3579 1051 3656 (P,·
1062 3579 1127 3638 Em.
1141 3577 1214 3655 262)
1234 3586 1238 3652 Ι
1257 3599 1294 3637 ne
1402 3601 1403 3642 t

230 3660 308 3735 quis.
320 3703 329 3721 .
342 3705 349 3722 .
369 3681 485 3736 quoque
497 3674 627 3721 oreretur
639 3674 733 3720 motus
745 3661 847 3735 (Gron.
858 3664 930 3720 Pne
942 3664 1020 3738 quis.
1033 3707 1041 3724 .
1055 3681 1185 3736 ‚qnoque
1196 3681 1294 3720 orere·

229 3753 355 3803 currunt.
367 3745 461 3803 Drah.
473 3764 510 3802 ne
522 3747 601 3820 quis.
613 3787 619 3802 .
629 3786 636 3802 .
648 3745 780 3820 Capuam
793 3765 909 3820 quoque
930 3746 1070 3818 recurrat)
1086 3748 1103 3802 9
1118 3747 1293 3820 (aggregan-

228 3825 304 3883 tibus
331 3827 408 3884 Oreo.
427 3829 456 3884 P
467 3829 669 3904 adgregantur.
685 3829 777 3888 Drok.
801 3829 1006 3903 adgregareut)
1032 3833 1066 3886 to
1084 3831 1128 3902 (ut
1142 3829 1225 3885 de...
1240 3830 1293 3886 ha-

229 3910 318 3967 buere
337 3910 414 3968 Creo.
432 3911 462 3967 P
477 3912 519 3969 ita
537 3913 587 3970 de.
600 3955 628 3972 ..
653 3913 770 3969 habere.
790 3912 882 3968 Drok.
899 3913 1016 3987 iamque
1032 3913 1082 3974 de.
1095 3953 1124 3973 ..
1152 3912 1292 3986 habuere)

228 3991 348 4064 XVIII,
364 3998 373 4050 l
387 3992 429 4069 (vi
442 4013 502 4051 rem
511 3995 621 4052 Heerw.
636 4013 649 4050 e
660 4000 703 4051 P:
714 4005 746 4051 ut
756 4013 825 4054 rem.
836 3995 928 4055 Drok.
941 3997 1014 4068 rem)
1029 3999 1045 4052 5
1058 3995 1197 4070 oppositis
1209 3994 1292 4066 (Lov.

228 4077 256 4148 4,
279 4078 340 4152 Mp.
362 4076 426 4133 ma.
448 4077 521 4150 263)
545 4079 562 4135 8
586 4087 613 4134 et
634 4080 651 4134 9
676 4078 789 4135 deerat:
811 4078 883 4136 socii
902 4080 1101 4137 Romanorum
1124 4095 1291 4153 propugna-
