2704 4552
284 265 321 318 60
553 259 631 308 Liber
648 259 735 308 XXII.
773 261 822 322 (A.
835 273 861 312 u.
875 275 896 308 cv
911 264 981 312 ⁵3⁷.)

165 422 179 438 ³
206 446 402 524 chmanum
427 443 504 500 circa
526 443 636 501 Arretii
659 443 765 501 moenia
786 461 857 504 esse.
901 443 1036 502 Consulis
1057 445 1164 502 deinde
1187 443 1320 502 consilis

239 558 325 625 atque
356 549 484 607 animum
514 560 543 608 ct
574 551 660 608 situm
694 550 845 625 regiorum
877 551 1039 626 itineraque
1071 562 1101 608 et
1134 551 1242 632 copias
1281 547 1319 608 ad

238 663 416 714 commeatus
436 655 632 732 expediendos
658 662 687 713 et
709 664 820 724 cetera,
847 673 911 729 quse
932 675 1074 732 cognosse
1095 659 1126 715 in
1149 677 1214 716 rem
1240 667 1318 728 eret,

208 765 354 820 3summa
375 761 473 820 omnia
494 779 558 819 cum
581 779 652 818 cura
673 760 844 835 inquirendo
859 765 1082 838 exsequebatur.
1125 765 1225 838 Regio
1251 773 1319 820 erat

238 868 268 924 in
290 868 392 944 primis
413 867 507 924 Italiae
527 865 639 935 fertilis,
661 865 777 923 Etrusci
796 867 901 942 campi,
923 868 973 942 qni
992 869 1124 927 Faesulas
1147 870 1226 928 inter
1252 873 1317 928 Ar-

238 973 400 1048 retiumque
420 972 525 1042 iacent,
547 969 684 1028 frumenti
705 990 740 1030 sc
761 974 875 1047 pecoris
896 981 926 1030 et
948 975 1075 1032 omnium
1098 976 1188 1052 copia
1211 995 1316 1032 rerum

208 1079 383 1154 tepulenti3
424 1077 525 1135 consul
557 1076 642 1134 ferox
676 1079 714 1135 ab
746 1079 897 1136 consulatu
929 1080 1026 1156 priore
1063 1088 1092 1137 st
1124 1099 1186 1138 non
1221 1082 1316 1138 modo
1349 1102 1352 1193 p

237 1185 334 1258 legum
368 1190 419 1240 aut
450 1194 566 1259 patrum
588 1183 763 1253 maiestatis,
793 1185 903 1242 sedne
932 1186 1053 1244 deorum
1082 1186 1203 1260 quidem
1240 1187 1317 1243 satis

190 1294 195 1300 '
240 1297 382 1358 metuens3
407 1289 483 1347 hanc
504 1289 620 1346 insitam
642 1289 757 1364 ingenio
780 1289 841 1347 eius
869 1292 1060 1348 temeritatem
1086 1290 1211 1349 fortuna
1239 1311 1315 1368 pro·
1350 1282 1351 1327 l

209 1398 327 1470 bspcro
362 1393 494 1453 civilibus
526 1395 694 1471 bellicisque
728 1396 815 1452 rebus
853 1413 987 1453 successu
1023 1397 1146 1455 aluerat.
1200 1397 1315 1474 Itaque

239 1505 310 1562 satis
332 1505 508 1579 apparebat,
537 1521 591 1560 nec
619 1503 689 1559 deos
721 1520 774 1558 nec
797 1501 929 1559 homines
949 1503 1145 1560 consulentem
1169 1501 1315 1562 ferociter

240 1609 339 1666 omnia
360 1627 395 1666 ac
415 1625 599 1684 prepropere
621 1616 769 1678 acturum3
801 1607 1058 1683 quoqnepronior
1079 1617 1156 1664 esset
1182 1608 1213 1665 in
1238 1611 1313 1667 vitia

208 1715 301 1781 dmm,
326 1713 438 1788 agitare
459 1733 523 1771 eum
547 1723 634 1788 atque
654 1712 768 1769 irritare
791 1713 900 1768 Poenus
921 1721 1020 1787 parat,
1049 1721 1078 1768 et
1104 1713 1181 1770 laevs
1203 1715 1311 1772 relicto

238 1822 322 1877 hoste
348 1819 479 1878 Faesules
505 1829 621 1895 petens,
654 1819 749 1876 medio
778 1815 903 1874 Etruriae
935 1833 1006 1890 agro
1036 1818 1201 1891 predatum
1237 1841 1311 1896 pro-

237 1925 339 1996 fectus,
361 1933 500 2000 quantam
522 1925 679 1982 maximam
694 1923 860 1980 vestitstem
881 1928 986 1996 potest,
1009 1921 1136 1980 caedibus
1149 1923 1311 1984 incendiis·

209 2031 295 2105 7qne
317 2030 428 2087 consuli
449 2030 551 2105 procul
566 2029 699 2088 ostendit.
744 2025 917 2097 Flaminius,
939 2026 988 2101 qui
1005 2045 1042 2083 ne
1064 2027 1163 2100 quieto
1187 2032 1309 2104 quidem

238 2137 321 2193 hoste
341 2135 405 2211 ipse
427 2135 575 2210 quieturus
597 2143 675 2203 erat,
710 2141 771 2190 tum
794 2152 880 2203 vero,
909 2142 1064 2208 postquem
1087 2151 1135 2188 res
1155 2135 1308 2194 sociorum

239 2249 306 2298 anto
331 2241 430 2298 oculos
453 2259 546 2315 prope
572 2257 641 2296 suos
668 2237 739 2295 ferri
768 2238 874 2314 agique
903 2239 991 2304 vidit,
1020 2255 1104 2294 suum
1126 2239 1157 2295 id
1180 2241 1310 2300 dedecus

238 2355 334 2418 ratus,
365 2365 418 2421 per
445 2344 569 2401 mediam
598 2344 657 2401 iam
682 2343 799 2401 Italiam
821 2343 925 2418 vagari
952 2341 1076 2400 Poenum
1104 2353 1195 2419 atque
1226 2348 1310 2404 obsi·

208 2440 336 2509 8stente'
352 2450 431 2507 nullo
454 2448 492 2505 ed
522 2448 586 2522 ipsa
608 2449 743 2506 Romana
766 2449 874 2506 moenia
894 2449 936 2507 ire
959 2450 1172 2525 oppugnanda,
1203 2455 1308 2510 ceteris

239 2557 373 2614 omnibus
394 2555 424 2612 in
446 2554 565 2612 consilio
581 2553 720 2611 salutarie
742 2555 835 2630 magis
851 2573 938 2630 quam
953 2557 1086 2630 speciosa
1099 2557 1308 2616 suadentibus:

239 2662 380 2736 collegam
410 2661 650 2736 exspectandum,
684 2667 717 2715 ut
749 2659 907 2718 coniunctis
939 2661 1128 2732 exercitibus,
1157 2664 1308 2720 communi

208 2766 336 2823 9animo
358 2766 536 2840 consilioque
565 2785 625 2822 rem
653 2774 799 2840 gererent,
827 2765 940 2824 interim
969 2767 1099 2841 equitatu
1130 2767 1308 2843 auxiliisque

238 2871 345 2927 levium
358 2889 504 2928 armorum
521 2871 558 2928 ab
573 2869 667 2926 effusa
680 2869 829 2945 praedandi
843 2869 960 2927 licentia
973 2872 1085 2928 hostem
1097 2871 1306 2940 cohibendum,

238 2977 329 3034 iratus
352 2995 384 3034 se
399 2995 436 3033 ex
450 2975 571 3032 consilio
590 2974 742 3050 proripuit,
763 2974 935 3050 signumque
960 2977 1045 3033 simul
1059 2977 1169 3034 itineris
1185 2996 1307 3054 pugnas-

189 3082 224 3136 to
239 3101 296 3156 qne
319 3101 407 3156 quum
428 3062 624 3156 proposuisset,
649 3081 762 3148 „Immo
778 3082 888 3138 Arretii
910 3091 977 3138 ante
999 3082 1106 3138 moenia
1127 3083 1305 3142 sedeamus“

237 3187 344 3260 inquit3
369 3187 433 3254 „hic
457 3186 531 3241 enim
559 3185 656 3260 patris
678 3193 707 3242 ct
730 3194 849 3260 penates
873 3197 948 3243 sunt.
999 3186 1151 3244 Hannibal
1180 3190 1306 3246 emissus

237 3311 253 3350 e
276 3291 409 3349 manibus
431 3291 638 3366 perpopuletur
659 3290 774 3348 Italiam
797 3292 999 3365 vastandoque
1021 3301 1048 3348 et
1070 3293 1182 3349 urendo
1205 3295 1307 3352 omnia

237 3399 276 3454 ad
297 3399 433 3455 Romana
454 3396 560 3452 moenia
583 3395 749 3471 perveniat,
782 3413 836 3452 nec
857 3405 924 3453 ante
950 3415 1005 3454 nos
1026 3397 1092 3454 hinc
1114 3399 1305 3468 moverimus,

238 3521 340 3576 qnam,
370 3503 444 3558 sicut
473 3501 541 3558 olim
562 3499 716 3558 Camillum
745 3502 784 3558 ab
804 3499 901 3571 Vciis,
928 3501 961 3559 O.
984 3501 1159 3560 Flaminium
1182 3504 1221 3560 ab
1246 3507 1305 3562 Ar·

187 3604 219 3658 ll
236 3607 309 3664 retic
334 3615 432 3682 patres
464 3606 647 3665 acciverint.“
698 3607 770 3662 Haec
801 3605 887 3662 simul
915 3607 1068 3682 increpans
1102 3621 1193 3680 quum
1222 3608 1304 3666 ocius

237 3711 321 3786 signa
353 3712 476 3770 convelli
507 3713 618 3769 iuberet
650 3718 680 3768 et
708 3711 770 3785 ipse
802 3711 832 3767 in
865 3731 969 3786 equum
1002 3711 1174 3784 insiluisset,
1210 3733 1304 3788 equus

188 3813 354 3892 inrepente
376 3817 484 3876 corruit
498 3816 702 3889 consulemque
717 3817 829 3892 lapsum
852 3836 940 3893 super
961 3826 1049 3892 ceput
1070 3813 1180 3876 effudit.
1225 3820 1302 3877 Ter-

235 3919 298 3976 ritis
320 3921 467 3992 omnibus,
495 3921 545 3994 qni
573 3921 651 3978 circa
672 3931 768 3991 erant,
801 3922 880 3980 velut
906 3923 985 3981 foedo
1013 3923 1109 3981 omine
1129 3921 1302 3998 incipienda

234 4025 286 4093 rei,
310 4025 428 4100 insuper
448 4025 605 4094 nuntiatur,
627 4026 740 4100 signum
763 4025 842 4084 omni
863 4027 892 4084 vi
914 4026 1049 4084 moliente
1070 4025 1210 4102 signifero
1232 4047 1301 4088 con·
