2678 4560
320 269 359 326 94
581 265 658 315 Liber
675 261 789 317 XXVII.
826 263 874 327 (A.
888 277 914 316 ιι.
928 278 952 314 ι.
965 265 1044 328 546.)

278 449 346 508 fecti
368 457 419 507 aut
440 467 505 506 curn
527 448 645 506 consule
667 446 845 522 effugerunt3
868 447 998 521 equiturn
1021 455 1084 504 tres
1107 455 1137 502 et
1159 445 1316 522 qnadrag'nls

279 563 330 612 ant
351 555 380 612 in
402 555 504 630 proelio
528 563 579 610 aut
601 554 631 610 in
652 554 724 628 fuga
745 552 919 623 oeciderunt,
955 551 1162 626 duodeviginti
1185 553 1241 610 vivi
1257 549 1316 607 aad

230 659 499 720 loTumultnatum
526 657 555 714 in
577 656 680 715 castris
701 655 811 728 fuerat,
847 665 880 715 nt
911 657 1080 715 oonsulibus
1111 659 1190 715 irent
1216 657 1317 723 ιιι“ιι·ιιι

279 783 366 840 quum
398 763 544 821 consulem
574 771 602 819 et
630 763 720 820 filium
742 762 861 822 alterius
881 763 1009 820 consulis
1030 763 1152 822 saucios
1176 763 1301 838 exiguaeq

278 869 399 927 infelicis
437 866 628 943 expeditionis
665 867 803 942 reliquias
836 868 873 924 ad
909 877 1007 924 castra
1036 868 1194 924 venientes
1228 881 1315 923 cerno·

230 981 261 1035 ll
279 976 361 1032 Mors
392 971 523 1029 Marcelli
554 989 641 1047 quum
673 972 782 1047 alioqui
812 972 984 1030 miserabilis
1006 971 1075 1043 fnit,
1111 983 1175 1030 tum
1203 973 1271 1046 quod

278 1099 331 1155 pro
364 1086 450 1134 astate
486 1078 594 1148 (maior
621 1077 680 1134 iam
700 1078 775 1133 anim
797 1078 951 1152 sexaginta
973 1078 1058 1134 annis
1081 1075 1162 1153 erat)
1186 1076 1318 1163 nequem¹

279 1183 384 1242 veteris
406 1182 560 1257 prudentia
580 1181 662 1268 ducis
683 1192 744 1238 tam
765 1181 928 1257 improvide
949 1201 980 1239 se
996 1182 1209 1258 collegamque
1227 1180 1318 1277 etprq

278 1300 369 1348 totam
392 1286 618 1360 rempublicam
640 1285 671 1342 in
691 1305 820 1362 praeceps
842 1287 970 1345 dederat.
1307 1284 1315 1359 Ι

230 1397 265 1454 12
369 1391 478 1450 Multos
501 1390 580 1449 circa
600 1409 689 1448 unam
710 1409 770 1448 rem
794 1391 919 1449 ambitus
933 1389 1061 1462 fecerim,
1084 1392 1120 1464 si,
1138 1411 1209 1468 quae
1228 1394 1260 1450 de
1275 1424 1284 1443 c
1317 1403 1318 1414 ¹

230 1505 265 1561 13
278 1497 343 1557 celli
358 1505 451 1554 morte
470 1498 585 1554 variant
600 1505 743 1567 auctores,
767 1498 864 1554 omnia
879 1497 1000 1571 exsequi
1019 1497 1118 1555 veliin.
1158 1501 1205 1559 Ut
1225 1499 1292 1556 omit
1316 1532 1317 1535 =

277 1603 366 1674 alios,
403 1600 509 1660 Caelius
530 1603 672 1679 triplicem
698 1612 788 1678 gestae
805 1602 884 1676 rei†
907 1603 1038 1660 ordinem
1065 1604 1145 1674 edit,
1184 1623 1267 1662 unam
1288 1630 1318 1665 =

279 1707 368 1764 ditum
391 1704 489 1776 fama,
523 1708 644 1764 alteram
672 1708 811 1782 scriptam
833 1706 1001 1764 laudatione
1024 1708 1091 1778 filii,
1127 1711 1181 1784 qni
1205 1712 1244 1767 rei
1267 1736 1317 1779 ge*

278 1811 458 1883 interfuerit,
483 1813 607 1884 tertiam,
630 1831 718 1888 quam
740 1813 803 1888 ipse
824 1831 878 1887 pro
901 1812 1041 1886 inquisita
1063 1832 1100 1871 ac
1123 1815 1185 1872 sibi
1208 1833 1288 1872 con
1317 1823 1318 1874 l

230 1926 264 1979 ll
279 1917 372 1977 affert.
429 1915 564 1974 ceterum
596 1919 639 1974 ita
671 1917 752 1975 fama
783 1917 895 1986 variat,
932 1926 964 1974 ut
998 1925 1099 1975 tamen
1132 1920 1263 1995 plerique
1317 1969 1318 1992 ,

278 2022 447 2100 speculandi
469 2040 558 2080 causa
576 2023 678 2080 castris
696 2039 854 2098 egressum,
877 2039 977 2079 omnes
994 2023 1109 2082 insidiis
1125 2027 1291 2082 circumven
1317 2047 1318 2112 ι

279 2129 404 2186 tradant.

185 2231 230 2300 28
375 2231 526 2288 Hannibal
545 2249 682 2307 magnum
701 2240 841 2290 terrorem
856 2232 989 2290 hostibus
1005 2243 1102 2290 morte
1116 2231 1293 2292 concutient

283 2337 402 2393 vulnere
424 2336 541 2394 alterius
566 2338 701 2395 iniectum
724 2355 787 2394 esse
807 2345 904 2407 ratus,
932 2357 968 2394 ne
990 2338 1036 2394 oui
1058 2338 1179 2396 deesset
1201 2338 1292 2396 occasi

282 2451 379 2498 castra
393 2441 422 2496 in
444 2442 595 2513 tumulum,
616 2443 646 2500 in
669 2461 726 2516 quo
747 2450 906 2517 pugnatum
929 2455 1001 2514 erat,
1023 2444 1177 2519 extemplo
1200 2441 1293 2500 transl
1316 2434 1317 2441 ἵ

249 2546 320 2607 tibi
351 2546 498 2603 inventum
525 2548 657 2605 Marcelli
689 2565 795 2622 corpus
827 2547 939 2622 sepelit.
997 2546 1165 2622 Crispinus,
1198 2560 1227 2606 et
1257 2567 1299 2603 nro

279 2650 397 2726 college
420 2660 449 2707 et
470 2669 522 2709 suo
544 2652 663 2709 vulnere
684 2652 809 2721 territus,
831 2652 946 2708 silentio
966 2652 1150 2725 insequentis
1173 2653 1259 2710 noctis
1282 2678 1286 2699 ι

279 2756 387 2827 fectus,
410 2772 483 2830 quos
505 2757 655 2830 proximos
678 2765 799 2814 nanctus
821 2766 865 2813 est
887 2767 1019 2828 montes,
1041 2757 1072 2812 in
1094 2757 1131 2813 iis
1155 2759 1222 2816 loco
1243 2757 1288 2814 alto

249 2868 342 2922 3tuto
370 2860 496 2934 undique
524 2871 620 2919 castra
646 2863 751 2937 posuit.
800 2862 845 2918 Ibi
875 2861 933 2917 duo
971 2861 1059 2917 duces
1094 2865 1243 2937 sagaciter
1278 2888 1298 2909 ι·Ὶ

249 2973 355 3036 dsunt,
380 2965 453 3022 alter
474 2967 515 3024 cd
534 2966 693 3037 cavendum,
714 2969 786 3022 alter
806 2966 843 3022 ad
861 2964 1041 3023 inferendam
1064 2966 1216 3026 fraudem.
1247 2969 1296 3023 Aa*

279 3070 411 3126 Marcelli
444 3071 529 3128 simul
561 3089 625 3128 cum
662 3089 784 3145 corpore
820 3071 972 3128 Hannibal
1004 3071 1115 3146 potitus
1152 3083 1227 3132 erat.

279 3173 354 3247 signi
377 3191 474 3230 errore
496 3195 533 3232 ne
551 3177 596 3234 cui
616 3177 699 3234 dolus
716 3183 877 3232 necteretur
895 3176 1027 3246 aPoeno,
1046 3184 1184 3235 metuens
1205 3174 1290 3250 Crisp'

272 3277 357 3338 'circa
389 3279 520 3337 civitates
547 3281 697 3355 proximas
732 3280 852 3336 miserat
879 3280 1010 3352 nuntios,
1048 3281 1182 3339 occisum
1213 3281 1283 3346 coll:

280 3403 344 3441 esse
367 3384 517 3458 anulisque
538 3385 598 3442 eius
620 3386 732 3441 hostem
748 3384 887 3459 potitum3
909 3403 946 3440 ne
963 3385 1067 3458 quibus
1081 3386 1191 3445 litteris
1206 3387 1277 3445 crede

250 3490 412 3547 5Marcelli
433 3489 549 3546 nomine
571 3490 748 3563 compositis.
796 3489 891 3546 Panlo
920 3499 987 3547 ante
1014 3489 1062 3548 hic
1082 3493 1207 3550 nuntius
1230 3510 1294 3550 coar

280 3595 430 3669 Salapiam
461 3602 596 3662 venerat,
630 3613 718 3667 quum
749 3594 852 3651 litteras
884 3595 922 3650 ab
952 3594 1121 3653 Hannibale
1153 3597 1253 3654 allata
1277 3620 1291 3646 ¹

279 3698 411 3755 Marcelli
434 3699 549 3755 nomine
571 3699 754 3772 compositas,
776 3717 808 3756 se
829 3707 923 3769 nocte,
945 3699 1099 3773 quodiam
1120 3699 1206 3758 illum
1220 3716 1295 3758 *secu*

280 3811 365 3873 esset,
380 3792 537 3877 ’Salapiam
560 3816 728 3874 venturum
749 3806 844 3860 intenti
854 3804 958 3861 milites
973 3812 1078 3874 essent,
1101 3807 1201 3878 quiin
1219 3796 1313 3881 prasi'=

249 3910 376 3976 (ierant,
411 3907 435 3963 si
464 3925 521 3980 quo
548 3927 637 3982 opera
668 3925 768 3964 eorum
796 3923 871 3981 opus
905 3917 989 3964 esset
1037 3907 1165 3967 sensere
1189 3907 1291 3983 Salapi

279 4008 425 4077 frandem3
459 4020 488 4065 et
509 4012 547 4066 ab
568 4011 613 4067 ira
634 4029 688 4066 non
709 4009 879 4068 defectionis
902 4012 1009 4082 modo,
1033 4012 1085 4068 sed
1107 4013 1200 4071 etiam
1224 4011 1299 4087 equin
