2812 4556
392 255 470 307 Liber
487 255 563 308 m.
598 256 647 321 (Δ.
663 257 799 323 111111.)
1045 267 1085 324 16

16 433 132 504 iuvat,
170 446 277 494 utrum
307 439 381 497 alios
404 448 523 515 repente
543 439 802 518 Carthaginienses
822 461 876 518 per
905 445 1009 521 viginti
1035 466 1127 506 annos

17 553 114 601 terra
153 547 305 617 ediderit,
338 566 376 604 an
403 546 489 626 iidqpn
520 546 591 616 sint,
623 548 672 621 qui
703 548 741 604 ud
769 548 897 624 AEgates
924 563 1129 627 pugnaverunt

15 652 168 724 insulas,
211 663 240 711 at
272 671 346 728 quos
378 655 416 711 ab
444 653 541 728 Eryce
572 653 778 710 duodevicenis
810 654 938 714 denariis
970 658 1128 718 aestimatos

17 759 202 830 emisistiS,
233 768 263 816 et
283 767 379 816 utrum
401 758 552 816 Hannibal
577 759 625 816 hic
652 758 690 817 sit
716 761 837 818 aemulus
858 761 992 834 itinerum
1014 765 1157 824 Hercu-'l

16 863 72 932 lis,
100 873 149 921 nt·
172 867 242 942 ipse
257 865 323 934 fert,
345 882 382 920 an
396 863 546 938 vectigalis
569 863 833 940 stipendiariusque
854 875 883 924 et
906 885 1008 926 servus
1027 869 1128 944 populi

17 970 183 1028 Romani
208 979 333 1047 epatre
362 970 487 1027 relictus.
529 969 623 1042 Quem
653 969 709 1027 nisi
730 969 923 1046 Saguntinum
947 973 1041 1032 scelus
1063 973 1158 1049 agi-8

19 1085 127 1147 taret,
156 1078 323 1153 respiceret
342 1075 484 1152 profecto,
505 1074 531 1131 si
552 1092 609 1132 non
624 1074 749 1149 patriam
771 1075 889 1147 motam,
910 1079 1029 1135 domum
1051 1087 1128 1136 certe

21 1189 232 1257 patremque
254 1191 284 1238 et
306 1181 419 1240 foeders
439 1179 617 1240 Hamilcaris
639 1182 748 1254 scripta
775 1197 878 1250 manu,
901 1182 951 1255 qui
971 1183 1068 1240 iussus
1090 1180 1159 1240 11119

25 1288 174 1345 consule
199 1296 303 1346 nostro
329 1288 494 1363 praesidium
516 1285 637 1344 deduxit
663 1286 700 1343 ab
723 1285 833 1360 Eryce,
865 1287 914 1360 qui
940 1305 1045 1361 gravas
1073 1288 1128 1346 im·

26 1393 167 1464 positas
191 1393 278 1450 violis
301 1392 589 1469 Carthaginiensibus
618 1392 698 1468 leges
724 1390 850 1448 fremens
878 1409 1056 1468 maerensque
1078 1411 1127 1452 ac·

30 1498 135 1571 cepit,
176 1499 229 1572 qui
258 1499 398 1557 decedere
426 1498 539 1569 Sicilia,
571 1499 622 1573 qui
653 1493 828 1574 stipendium
857 1497 968 1574 populo
992 1500 1128 1558 Romam

34 1602 119 1658 dare
159 1611 268 1678 pactus
302 1613 354 1662 est.
408 1605 514 1678 Itaque
541 1621 594 1660 vos
627 1621 699 1678 ego,
731 1603 852 1677 milites,
883 1621 941 1662 non
970 1621 1006 1660 ee
1033 1603 1126 1661 solum
1143 1601 1179 1655 10

36 1709 169 1780 animo,
197 1727 257 1782 quo
280 1711 420 1768 adversus
442 1710 515 1768 elios
537 1709 634 1766 hostes
653 1707 771 1778 soletis,
794 1725 926 1783 pugnare
946 1709 1049 1780 velim,
1076 1709 1128 1768 seu

40 1829 117 1869 curn
143 1814 349 1890 indignatione
371 1817 497 1890 quadam
519 1822 608 1888 utque
636 1813 695 1883 ira,
728 1813 808 1870 velut
829 1813 854 1870 si
880 1829 982 1870 servos
1003 1813 1129 1872 videatis

39 1927 170 1977 vestros
196 1939 281 1978 arma
301 1927 420 1995 repente
441 1928 543 1977 contre
564 1937 618 1978 uos
640 1919 774 1978 ferentes.
819 1919 915 1976 Licuit
941 1919 980 1974 ad
1001 1917 1128 1993 Erycem
1144 1915 1178 1972 11

43 2021 174 2081 clausos
197 2025 301 2082 ultimo
323 2025 465 2102 supplicio
494 2027 706 2112 bumanorum,
737 2023 817 2082 fame
842 2023 1017 2091 interlicero;
1048 2022 1129 2080 licuit

44 2127 209 2184 victricem
243 2128 364 2186 classem
397 2130 428 2186 in
456 2115 589 2200 Africa'm
620 2129 754 2188 traiicere
794 2138 883 2203 atque
911 2129 989 2185 intra
1018 2145 1128 2203 paucos

47 2231 117 2289 dies
142 2232 207 2289 sine
228 2232 289 2290 ullo
311 2234 468 2292 certamine
491 2233 699 2310 Carthaginem
721 2234 830 2304 delere;
860 2233 974 2291 veniam
997 2233 1128 2292 dedimus
1145 2228 1180 2284 12

46 2337 262 2409 precantibus,
295 2339 442 2397 emisimus
470 2359 508 2397 ex
529 2339 696 2408 obsidione,
727 2357 828 2413 pacem
859 2357 924 2396 cum
952 2339 1038 2396 victis
1059 2338 1129 2398 leci·

49 2461 134 2514 mus,
155 2443 254 2501 tutelae
278 2445 383 2504 deinde
404 2455 511 2504 nostrae
528 2444 675 2514 duximus,
705 2463 794 2519 quum
817 2443 922 2502 Africo
945 2443 1022 2501 bello
1044 2461 1130 2521 urge·

50 2558 168 2606 rentur.
217 2551 279 2607 Pro
300 2550 346 2607 his
365 2551 518 2627 impertitis
533 2549 674 2608 furiosum
689 2549 823 2606 iuvenem
839 2559 993 2624 sequentes
1014 2567 1129 2625 oppug·
1147 2543 1181 2598 13

52 2662 160 2712 natum
190 2655 317 2730 patriam
345 2665 476 2714 nostram
505 2655 633 2714 veniunt.
682 2657 782 2729 Atque
811 2655 920 2712 utinam
947 2673 1001 2731 pro
1024 2654 1129 2712 decore

53 2767 173 2817 tantum
197 2761 254 2818 boc
275 2761 360 2818 vobis
387 2770 417 2817 et
437 2780 495 2818 non
516 2780 570 2836 pro
592 2761 685 2818 salute
704 2769 781 2817 esset
802 2759 962 2820 certamen!
998 2760 1069 2818 Non
1093 2761 1130 2818 tle
1147 2754 1181 2810 14

55 2866 245 2938 possessione
268 2865 374 2924 Siciliae
396 2883 431 2924 ac
453 2865 604 2935 Sardiniae,
626 2865 662 2922 do
685 2864 790 2938 quibus
808 2866 955 2939 quondam
978 2866 1130 2941 agebatur,

58 2971 111 3027 aad
135 2989 192 3046 pro
213 2971 302 3028 Italia
322 2970 407 3028 vobis
429 2979 473 3028 est
492 2971 692 3046 pugnandum.
739 2970 805 3028 Nee
826 2981 870 3027 est
891 2969 1025 3027 eliasub
1047 2979 1129 3045 tergo
1146 2965 1182 3020 15

59 3077 215 3148 exercitus,
237 3075 297 3152 qui,
320 3076 376 3134 nisi
390 3093 444 3133 nos
458 3075 609 3146 vincimus,
630 3073 708 3132 busli
728 3075 861 3145 obsistat,
883 3092 937 3132 nec
952 3074 1045 3149 Alpes
1066 3075 1131 3132 alin

60 3190 135 3253 sunt,
159 3199 234 3256 quas
261 3182 331 3240 dnm
358 3189 511 3257 superant,
538 3178 705 3254 comparari
735 3197 815 3236 nova
841 3180 954 3255 possint
980 3181 1131 3256 praesidia3

61 3286 107 3345 hic
140 3295 186 3343 est
219 3287 412 3355 obstandum,
443 3285 563 3354 milites,
596 3284 677 3342 velut
708 3284 733 3340 si
768 3293 837 3342 anta
863 3285 999 3343 Romana
1026 3286 1133 3343 moenia

63 3408 235 3465 pugnemus.
279 3391 488 3466 Unusquisque
509 3407 541 3448 se
568 3407 628 3447 non
649 3407 755 3465 corpus
776 3407 876 3459 suum,
905 3389 958 3448 sed
978 3390 1131 3464 coniugem
1147 3387 1184 3442 16

65 3513 98 3551 ac
117 3495 227 3552 liberos
249 3513 359 3570 parvos
375 3497 464 3552 armis
485 3504 638 3572 protegere
652 3504 748 3570 putet3
770 3513 824 3552 nso
842 3493 1016 3552 domesticas
1038 3492 1132 3550 solum

67 3601 154 3674 agitet
174 3617 275 3671 curas,
306 3602 358 3658 sed
381 3601 537 3659 identidem
559 3602 616 3658 hoo
637 3600 735 3657 auimo
758 3608 889 3675 reputet,
918 3607 1035 3657 nostras
1056 3616 1132 3656 nunc

67 3703 168 3761 intueri
189 3721 294 3760 manus
321 3712 455 3760 senatum
486 3705 684 3781 populumque
706 3707 888 3763 Romanum:
916 3704 1011 3779 qualis
1032 3713 1134 3760 nost-ra
1150 3703 1184 3756 17

68 3808 109 3864 via
134 3807 287 3882 virtusque
312 3807 414 3877 fuerit,
447 3810 536 3867 talem
568 3810 673 3867 deinde
701 3809 848 3871 fortunam
876 3809 954 3867 illius
983 3808 1063 3865 urbis
1098 3825 1134 3864 ac

69 3912 192 3970 nouam
214 3913 328 3989 tmpore
348 3913 439 3972 fores
975 3890 982 3897 “

149 4016 222 4074 Haec
245 4019 324 4095 apud
346 4021 497 4078 Romanos
519 4020 628 4078 consul.
677 4019 827 4078 Hannibal
841 4019 927 4076 rebus
949 4015 1032 4091 prius
1046 4032 1135 4090 quem
1183 4008 1228 4079 42

901 4121 932 4170 ³0
