2678 4560
313 257 391 307 asser
409 258 534 308 xan.
571 259 617 323 (A.
634 258 680 306 cn.
695 259 767 320 coe.)
970 263 1019 316 161

9 443 214 500 misericordia
230 443 347 500 victoris
370 462 450 518 spem
468 443 593 519 positam
614 444 730 500 habere.
777 443 843 498 Mos
857 450 986 498 vetustus
1008 446 1099 500 erati

9 548 167 618 Romanis,
205 568 268 606 curn
296 569 353 624 quo
382 569 435 606 nec
460 549 569 607 foedere
590 569 642 606 nec
663 548 753 622 aquis
775 547 886 624 legibus
907 548 1071 622 iungeretur

9 655 149 724 amicitia,
188 674 248 711 non
276 656 356 730 prius
382 654 504 729 imperio
534 654 563 710 in
593 673 658 710 eum
685 664 823 727 tanquam
856 662 990 728 pacatum
1021 655 1070 722 uti,

9 779 90 833 quarn
123 760 230 817 omnia
256 760 354 816 divina
384 761 568 834 humanaque
594 759 765 830 dedidisset,
802 760 915 817 obsides
952 763 1070 836 accepti,

9 885 86 922 arma
120 866 281 940 adempta,
317 865 452 940 praesidia
485 865 603 922 urbibus
639 866 774 940 imposita
809 865 915 926 forent.
973 866 1100 941 Scipion

9 973 100 1028 multis
132 972 270 1028 invectus
301 971 330 1027 in
359 981 528 1046 praesentem
551 971 738 1028 Mandonium
762 973 967 1046 absentemque
991 974 1069 1030 Indi·

8 1078 89 1134 bilem
122 1078 243 1146 verbis,
276 1076 341 1134 illos
371 1077 486 1151 quidem
513 1078 615 1134 merito
643 1077 752 1152 perisse
777 1077 905 1152 ipsorum
929 1078 1068 1136 maleficio

9 1185 61 1252 ait,
94 1184 232 1242 victuros
263 1201 316 1239 suo
346 1191 433 1257 atque
463 1183 563 1259 populi
592 1183 716 1240 Romani
737 1183 884 1247 beneficio.
935 1182 1099 1241 Ceterum9

12 1289 129 1365 [quippe
154 1310 194 1347 ea
214 1290 339 1364 pignera
360 1289 518 1346 timentium
543 1289 726 1346 rebellionem
749 1285 827 1366 esse)
849 1308 877 1346 ae
898 1289 1003 1346 liberos
1025 1291 1069 1361 iis,

11 1413 88 1452 arma
98 1395 279 1470 relinquere,
302 1396 412 1452 solutos
435 1395 562 1464 anim0s3
587 1413 681 1469 neque
700 1413 731 1452 sc
746 1395 775 1451 in
797 1395 911 1452 obsides
926 1394 1069 1467 innoxios,

12 1502 109 1558 sedin
131 1503 232 1576 ipsos,
265 1501 290 1558 si
319 1499 487 1572 defecerint,
517 1501 697 1572 saeviturum,
728 1520 780 1558 nec
806 1502 841 1558 ab
873 1502 985 1573 inermi,
1018 1503 1070 1560 sed
1085 1503 1120 1556 10

12 1616 120 1663 armato
143 1607 233 1663 hoste
256 1623 356 1679 poenas
378 1610 564 1680 ampetitumm.
616 1607 766 1682 Utrumque
779 1611 925 1683 fortunam
944 1610 1068 1684 expertis

14 1712 179 1784 permittere
203 1729 284 1780 sese,
319 1722 413 1768 utrum
441 1713 580 1788 propitios
607 1733 644 1770 an
673 1714 762 1771 iratos
790 1716 898 1773 habere
920 1717 1069 1772 Romanos

15 1818 134 1878 mallent.
187 1819 235 1875 Ita
259 1817 391 1874 dimissus
414 1819 604 1888 Mandonius,
641 1820 763 1893 pecunia
795 1822 994 1877 tantummodo
1015 1822 1068 1876 im·
1085 1820 1116 1874 ll

15 1934 127 1994 perata,
153 1943 193 1981 ex
215 1942 273 1998 qua
295 1924 467 1998 stipendium
483 1924 564 1980 militi
585 1925 716 1999 praestari
737 1937 845 1999 posset.
894 1927 970 2000 Ipse,
989 1925 1119 1983 Mar-12

16 2027 54 2083 cio
81 2029 111 2084 in
135 2030 304 2086 ulteriorem
325 2029 498 2104 Hispaniam
519 2029 682 2105 praemisso,
715 2048 824 2105 paucos
847 2039 975 2087 moratus
999 2031 1068 2102 dies,

17 2132 77 2189 dum
101 2135 278 2212 imperatam
302 2136 452 2210 pecuniam
476 2136 613 2209 Ilergetes
633 2145 878 2211 pernumerarent,
901 2155 965 2194 cum
983 2157 1070 2213 expe·

17 2237 76 2296 ditis
98 2242 245 2300 Marcium
266 2242 324 2299 iam
350 2241 628 2317 appropinquantem
651 2239 769 2298 Oceano
792 2243 963 2317 assequitur.

91 2347 239 2405 lnchcata
269 2367 316 2405 res
344 2349 401 2405 iam
430 2357 496 2404 ante
518 2348 554 2403 de
575 2347 730 2404 Masinissa
752 2347 816 2404 aliis
838 2357 925 2422 atque
947 2349 1010 2407 aliis
1032 2350 1068 2407 de
1119 2341 1162 2410 35

19 2453 104 2509 causis
133 2454 227 2510 dilata
258 2465 335 2524 erat,
371 2454 449 2528 quod
474 2453 603 2510 Numida
631 2471 694 2509 cum
727 2453 792 2528 ipso
815 2455 911 2529 utique
933 2458 1068 2532 congredi

20 2551 147 2631 Scipione
187 2560 304 2618 volebat
335 2570 422 2634 atquc
450 2560 510 2616 eius
537 2560 639 2616 dextra
669 2560 754 2616 fidem
787 2561 912 2630 sancire;
946 2582 981 2620 ea
1008 2573 1067 2619 tum

20 2657 119 2720 itineris
141 2676 203 2722 tarn
224 2666 304 2741 longi
326 2686 360 2722 ac
375 2675 434 2722 tam
455 2665 531 2722 devii
551 2683 639 2722 causa
664 2665 792 2741 Scipioni
803 2664 866 2725 luit.
914 2663 1099 2725 Masinissa2

21 2779 99 2836 quum
116 2769 252 2829 Gadibus
274 2780 358 2842 esset,
380 2771 492 2842 certior,
514 2771 670 2828 adventare
692 2791 767 2842 eum,
792 2791 811 2828 a
831 2771 943 2828 Marcio
965 2770 1068 2842 factus,

22 2877 170 2949 causando,
211 2876 356 2951 corrumpi
388 2895 478 2950 equos
509 2877 634 2934 inclusos
670 2877 699 2933 in
731 2876 826 2934 insula
862 2876 1068 2950 penuriamque

22 2980 139 3038 omnium
178 3001 272 3040 rerum
304 2991 333 3038 et
363 2982 459 3040 facere
491 2984 592 3041 ceteris
625 2991 654 3040 et
684 2984 763 3059 ipsos
792 2983 912 3051 sentire,
949 2982 986 3038 ad
1012 2983 1067 3039 hoc

23 3083 138 3154 equitem
163 3105 339 3146 marcescere
358 3088 476 3160 desidia,
499 3090 645 3164 Magonem
666 3089 807 3164 perpulit,
831 3098 862 3145 ut
884 3106 915 3144 se
936 3088 1096 3145 traiicere3

23 3183 48 3239 ln
77 3195 266 3251 continentem
301 3194 338 3250 ad
375 3193 593 3269 depopulandos
624 3194 773 3270 proximos
799 3193 949 3268 Hispania
981 3211 1067 3268 agros

24 3303 171 3364 pateretur.
217 3302 429 3374 'Pransgrcssus
457 3313 514 3358 tres
541 3300 684 3376 principes
708 3299 900 3378 Numidarum
921 3298 1097 3374 premittitl

27 3397 59 3451 ad
82 3410 193 3480 tempus
221 3405 374 3480 locumque
403 3406 547 3480 colloquio
569 3405 770 3464 statuendum,
809 3405 893 3461 Duos
914 3423 968 3478 pro
989 3405 1066 3461 obsi·

26 3499 234 3568 dibustretineri
251 3512 288 3567 ab
301 3511 435 3585 Scipione
451 3511 543 3581 iubet3
564 3511 684 3568 remisso
698 3510 793 3580 tertio,
815 3509 873 3584 qui,
896 3527 953 3582 quo
972 3509 1067 3568 iussus

28 3619 90 3680 erat,
110 3616 264 3673 adduceret
278 3615 472 3687 Masinissam,
488 3637 552 3675 cum
568 3617 668 3692 paucis
682 3615 712 3672 in
729 3615 903 3688 colloquium
919 3625 1066 3677 venerunt.

29 3706 141 3788 Ceperat
169 3721 227 3778 iam
257 3730 323 3778 ante
344 3721 501 3780 Numidam
529 3741 565 3780 ex
587 3723 667 3780 fama
688 3740 783 3778 rerum
805 3731 950 3795 gestarum
969 3723 1097 3779 admi-5

30 3819 95 3878 ratio
125 3826 191 3898 viri,
223 3827 465 3901 substitueratque
503 3829 599 3886 animo
631 3827 755 3903 speciem
789 3845 905 3901 quoque
939 3829 1067 3902 corporis

31 3928 144 4001 amplam
173 3953 208 3992 ac
234 3933 430 4008 magnificam
463 3942 588 3994 ceterum
616 3933 710 3990 maior
741 3931 889 4008 presentis
919 3933 1097 3992 veneratiob

34 4032 110 4106 cepit,
141 4050 168 4097 et
198 4050 391 4116 praeterquam
423 4038 501 4114 quod
536 4046 639 4113 suapte
669 4047 774 4096 natura
809 4036 899 4094 multa
931 4037 1066 4094 maiestas

43 4135 112 4197 'livius
125 4163 197 4193 exrcc.
211 4152 307 4199 llsdvigli·
334 4151 364 4189 lV.
840 4147 868 4192 ll
