2674 4542
296 252 355 308 220
558 248 636 297 Liber
653 247 753 298 XXIV.
791 249 838 313 (Δ.
855 263 879 299 n.
894 246 1001 311 etti.)

253 431 350 509 pueris
371 431 515 501 insuetos,
548 432 599 489 sed
627 431 736 488 habere
756 433 869 489 hostem
900 431 1029 506 pedestri
1049 432 1191 488 fidentem
1212 431 1254 487 lla
1318 419 1328 474 'l

254 537 300 596 cui
319 537 343 594 si
365 537 474 611 aequari
495 538 602 593 robore
621 535 727 592 virium
750 535 828 606 velit,
850 546 879 593 et
900 535 954 594 sibi
975 536 1090 610 pedites
1108 553 1279 611 comparan
1319 545 1328 578 -l

223 651 324 705 lesse.
367 643 407 700 Et
437 641 475 698 ad
503 639 532 697 id
555 640 736 698 multitudiue
762 641 910 698 huminum
939 659 1062 716 regnum
1087 641 1246 712 abundare,
1265 666 1281 689 :2
1326 650 1328 684 t

160 749 163 756 '
255 747 387 806 armandi
408 746 589 820 ornandique
610 754 638 801 et
659 745 820 802 instruendi
835 763 885 803 eos
907 755 998 803 artem
1021 745 1176 820 ignorare.
1208 745 1299 821 ΟιιιιήκῚ
1323 755 1328 790 t

224 854 334 916 Svelut
357 852 434 910 forte
461 859 639 926 congregata
659 851 753 922 turba,
783 859 870 908 vasta
891 871 926 910 ac
948 851 1110 909 temeraria
1134 869 1209 912 esse,
1326 862 1328 897 l

255 968 335 1015 turos
356 977 388 1015 se
407 957 437 1014 in
452 955 619 1032 prasentia,
642 956 720 1030 quod
736 957 837 1028 vellet,
859 956 947 1032 legati
970 957 1172 1031 respondent,
1202 957 1251 1012 fide
1271 984 1289 1005 a
1323 969 1328 1004 ι

254 1071 347 1137 cepta,
369 1072 401 1120 ut
419 1061 577 1119 remitteret
598 1061 744 1135 extemplo
766 1079 842 1131 eum,
864 1061 889 1118 si
910 1062 1104 1137 imperatores
1116 1063 1286 1120 suinoncm
1327 1059 1328 1110 l

222 1163 427 1243 9probasseut
454 1165 574 1224 factum.
627 1166 664 1239 Q,
693 1165 823 1226 Statorio
846 1185 951 1224 nomen
981 1165 1046 1238 fuit,
1073 1169 1130 1242 qui
1160 1168 1199 1224 ad
1226 1187 1287 1235 ran
1326 1181 1328 1215 t

254 1271 401 1329 remansit.
463 1269 537 1329 Cum
567 1272 680 1328 duobus
712 1271 853 1330 Romanis
884 1289 939 1328 rex
965 1270 1114 1329 Numidas
1150 1269 1258 1346 l'egatus
1280 1271 1301 1327 in
1325 1289 1328 1320 ι

254 1377 428 1452 Hispaniam
470 1376 549 1433 misit
587 1377 626 1432 ad
662 1376 859 1451 accipiendam
898 1376 983 1433 fidem
1024 1378 1062 1434 ab
1093 1375 1286 1452 imperatorib
1327 1391 1328 1426 ι

206 1478 241 1531 ¹0
254 1482 404 1541 Romanis.
447 1482 553 1539 lisdem
583 1481 741 1552 mandavit,
771 1493 802 1539 ut
830 1483 964 1557 protinus¹
986 1479 1149 1552 Numidas,
1180 1481 1229 1556 qui
1247 1499 1280 1536 m·
1327 1481 1328 1488 ’

255 1586 389 1663 praesidia
418 1583 699 1661 Carthaginiensium
730 1588 887 1644 auxiliares
919 1597 1022 1658 esseut,
1051 1587 1090 1644 ad
1122 1586 1328 1644 transiliunt

206 1687 238 1741 ll
256 1691 427 1767 pellicerent.
471 1693 511 1750 Et
532 1692 678 1750 Statorius
700 1711 737 1748 ex
758 1693 849 1750 multa
869 1693 1018 1750 iuventute
1039 1693 1102 1768 regi
1126 1694 1240 1769 pedites
1253 1709 1287 1747 ce
1326 1707 1328 1742 ι

256 1796 379 1872 scripsit,
402 1797 609 1872 ordinatosque
630 1798 763 1873 proxime
784 1817 895 1856 morem
917 1800 1083 1857 Romanum
1105 1796 1293 1855 instruendo
1325 1815 1328 1850 ι

206 1897 240 1952 12
255 1902 433 1960 decurrendo
465 1903 550 1978 signa
575 1903 658 1977 sequi
690 1915 719 1960 et
745 1923 863 1961 servare
890 1904 1005 1961 ordines
1034 1904 1153 1974 docuit,
1189 1912 1218 1960 et
1242 1920 1280 1976 op

255 2008 376 2082 aliisque
397 2008 479 2064 iustis
503 2008 675 2065 militaribus
698 2009 741 2066 ita
762 2008 925 2078 assuefecit,
947 2019 978 2067 ut
999 2010 1082 2066 brevi
1096 2028 1154 2066 rex
1165 2004 1293 2079 noneqni
1327 2023 1328 2060 ι

235 2114 348 2189 magis
372 2113 473 2170 fideret
496 2132 583 2188 quam
605 2113 704 2189 pediti,
727 2114 897 2188 collatisque
912 2133 995 2190 aequo
1017 2132 1123 2188 campo
1141 2111 1300 2188 signisiusto

207 2214 241 2268 13
255 2218 357 2292 proelio
380 2217 648 2294 Carthaginiensem
670 2221 783 2276 hostem
795 2228 953 2295 superaret.
985 2219 1130 2278 Romanis
1154 2213 1299 2294 quoqnein

255 2321 400 2397 Hispania
426 2323 587 2398 legatorum
614 2325 691 2400 regis
717 2325 857 2382 adventus
890 2323 995 2400 magno
1025 2323 1226 2382 emolumento
1252 2319 1298 2379 fuit:

255 2447 381 2502 namque
413 2430 451 2486 ad
482 2429 591 2487 famam
625 2449 724 2487 eorum
757 2405 942 2488 transitiones
976 2431 1085 2487 crebrae
1118 2401 1159 2487 ah
1188 2424 1298 2487 Numidis

257 2544 357 2610 coeptae
380 2535 451 2591 fieri.

339 2640 387 2696 Ita
408 2657 472 2696 curu
496 2639 631 2715 Syphace
653 2640 792 2698 Romanis
815 2649 907 2716 caepta
928 2639 1056 2697 amicitia
1078 2651 1131 2698 est.
1171 2636 1252 2712 Quod
1264 2629 1297 2688 ubi

258 2743 513 2818 Carthaginienses
536 2755 718 2819 acceperunt,
741 2745 886 2820 extemplo
903 2745 940 2801 ad
956 2743 1064 2802 Galam
1079 2744 1109 2801 iu
1124 2757 1213 2821 parte
1227 2742 1296 2798 altera

258 2849 404 2908 Numidiae
425 2849 553 2926 (Maesuli
569 2869 604 2906 ea
625 2868 696 2924 gens
712 2849 845 2925 vocatur)
867 2861 1035 2926 regnantem
1054 2852 1173 2926 legatos
1196 2849 1295 2906 mittunt.

159 2941 205 3009 49
259 2955 365 3013 Filium
394 2955 473 3014 Gala
500 2956 683 3038 Masinissam
711 2956 840 3013 habebat
865 2955 1058 3030 septendecim
1084 2973 1180 3012 annos
1212 2961 1296 3010 natnu.

257 3071 382 3117 ceterum
407 3061 538 3118 iuvenem
562 3081 597 3118 ea
618 3060 724 3127 indole,
748 3068 780 3117 ut
802 3060 860 3116 iam
877 3071 937 3116 tum
953 3069 1119 3135 appareret,
1141 3061 1235 3117 maius
1252 3071 1297 3126 reg·

227 3159 324 3222 laum
347 3167 576 3240 opulentiusque,
606 3184 692 3240 quam
716 3166 795 3238 quod
817 3167 983 3241 accepisset,
1005 3163 1160 3225 facturum.
1209 3157 1296 3236 Legati·

257 3271 393 3346 quoniam
415 3261 541 3347 ¹Syphax
562 3289 594 3328 se
614 3269 756 3329 Romanis
783 3269 932 3339 iunxisset,
959 3277 991 3325 ut
1011 3270 1160 3343 potentior·
1182 3269 1296 3327 societate

122 3375 134 3406 ¹
224 3369 355 3433 3eorum
378 3376 517 3434 adversus
539 3394 622 3451 reges
646 3375 829 3450 populosque
849 3373 959 3431 Africae
973 3383 1058 3443 esset,
1081 3375 1197 3443 docent,
1219 3370 1295 3430 melus

257 3480 320 3537 fore
343 3480 427 3539 Galoe
451 3500 568 3557 quoque
590 3477 876 3554 Carthaginiensibus
897 3478 976 3552 iungi
998 3479 1238 3553 quamprimum,
1257 3491 1292 3530 an·

257 3597 372 3660 tequam
397 3586 520 3662 Syphax
540 3586 570 3642 in
591 3583 764 3659 Hispaniam
788 3591 838 3639 aut
862 3582 989 3641 Romani
1014 3583 1045 3639 in
1066 3581 1203 3640 Africam
1225 3593 1297 3640 uarr-

257 3699 339 3760 eant;
369 3691 494 3766 opprimi
521 3689 685 3766 Syphacem
718 3687 857 3744 nihildum
877 3697 988 3762 praeter
1001 3707 1120 3746 vnomen
1146 3707 1185 3745 ex
1212 3686 1297 3746 fudere

181 3829 185 3836 ·
223 3797 390 3854 4Romauo
412 3796 565 3854 habentem
590 3813 686 3871 posse.
730 3793 842 3860 ‘Facile
865 3812 1034 3869 persuasum
1058 3793 1154 3865 Gala,
1185 3795 1242 3875 filio
1264 3789 1296 3844 dt·

54 3861 172 4050 MM
255 3909 393 3977 poscente
414 3902 443 3958 id
459 3902 576 3971 bellum,
598 3909 630 3957 ut
641 3895 766 3955 mitteret
777 3898 948 3968 exercitum3
972 3898 1021 3971 qui
1032 3897 1299 3975 Carthaginiensi!

255 4005 417 4078 legionibus
446 4005 615 4062 coniunctus
638 4019 744 4076 magno
771 4000 874 4077 proelio
897 4002 1060 4078 Syphacem
1083 4004 1200 4065 devicit.
1250 3999 1297 4060 Tri·
