2674 4542
298 221 357 278 248
569 219 648 270 Iaibar
664 219 753 272 XXV.
790 218 838 282 (Δ.
851 233 878 271 u.
891 233 914 270 c.
930 218 1005 281 542.)

256 403 294 460 ad
325 402 473 460 libidinem
507 401 628 460 rnilitum
663 401 740 460 forte
771 401 1000 478 procurrentium
1036 400 1291 480 consistentiunq
1323 421 1326 456 r

256 527 314 582 quo
336 508 401 566 loco
429 508 559 582 ipsorum
587 507 699 564 tulisset
720 508 848 578 animus,
878 507 982 564 deiude
1013 526 1067 582 per
1102 505 1290 562 libidinem
1325 529 1326 562 r

225 615 361 672 bmetum
399 613 589 670 deserentium
619 613 725 671 locum.
778 612 879 670 Prima
907 612 984 686 legio
1014 620 1044 669 et
1071 610 1197 668 sinistra
1221 609 1260 666 ala
1278 609 1286 659 ἰ
1325 635 1326 669 t

224 720 349 794 7prirno
373 718 519 776 instructae
548 725 577 774 et
597 717 626 774 in
648 717 855 792 longitudinem
881 725 1016 792 porrecta
1047 717 1141 776 acies.
1192 714 1285 772 Clam
1325 741 1326 774 r

253 825 330 881 tibus
352 823 484 894 tribunis,
506 821 578 880 nibil
597 821 738 880 introrsus
759 823 874 881 roboris
902 841 937 878 ac
962 822 1065 878 virium
1092 839 1164 878 esse
1186 831 1225 890 et,
1249 839 1285 894 qr:
1323 863 1326 866 „

254 947 367 1003 cunque
380 928 520 1002 impetum
536 927 672 984 fecissent
685 928 794 996 hostes,
816 936 1015 1002 per-rupturos,
1037 927 1125 997 nihil,
1150 927 1226 1000 quod
1244 926 1285 981 sat

254 1044 317 1090 tare
343 1043 427 1103 esset,
456 1051 515 1090 non
537 1032 624 1088 modo
655 1033 692 1089 ad
723 1033 868 1100 animum,
900 1033 952 1088 sed
974 1053 1010 1090 ne
1032 1035 1069 1090 ad
1098 1051 1191 1090 aures
1212 1032 1288 1106 quide
1323 1059 1326 1092 r

223 1136 434 1197 8adrnittebat.
487 1139 527 1198 Et
556 1137 706 1194 Hannibal
743 1139 970 1213 haudquaquam
1004 1139 1110 1196 similis
1142 1139 1205 1196 dux
1232 1156 1284 1210 neq
1325 1163 1326 1196 t

252 1246 338 1304 simili
360 1242 487 1302 exercitu
509 1260 604 1316 neque
625 1241 667 1297 ita
682 1244 820 1300 instructo
841 1243 951 1300 aderat.
997 1244 1077 1318 Ergo
1104 1263 1146 1302 ne
1171 1245 1288 1300 clamor
1325 1271 1326 1303 t

252 1352 367 1426 quidem
401 1358 489 1423 atque
518 1347 657 1422 impetum
694 1347 819 1422 primum
857 1366 955 1405 eorum
989 1350 1121 1407 Romani
1156 1350 1269 1406 sustinu-
1287 1374 1295 1393 ··=
1323 1374 1326 1408 t

222 1451 323 1512 9an
345 1429 466 1510 siultitia
487 1464 516 1510 et
537 1453 699 1510 temeritate
721 1450 860 1508 Centenio
882 1471 945 1526 par,
967 1454 1066 1510 animo
1088 1455 1294 1528 haudquaqna

252 1558 481 1633 comparandus,
513 1559 563 1616 ubi
592 1578 653 1616 rem
682 1558 849 1615 inclinatam
882 1577 916 1614 ac
939 1559 1122 1634 trepidantes
1146 1577 1218 1616 suos
1236 1558 1283 1612 vid
1325 1585 1326 1619 ,

203 1663 238 1717 10
252 1683 327 1740 equo
350 1671 466 1738 arrepto
488 1682 554 1720 curn
579 1663 708 1720 ducentis
737 1661 828 1720 ferme
855 1663 999 1736 equitibus
1027 1662 1152 1738 effugit3
1184 1673 1270 1720 cetera
1323 1671 1326 1723 i

250 1759 346 1828 fronte
367 1770 460 1844 pulsa,
482 1769 547 1826 inde
561 1788 579 1826 o
594 1777 676 1842 tergo
698 1778 787 1842 atque
802 1767 855 1823 alis
871 1767 1068 1826 circumventa
1083 1747 1169 1826 acies
1184 1788 1218 1825 eo
1232 1786 1284 1840 ruq*
1325 1796 1326 1828 t

251 1884 295 1933 est
324 1893 414 1943 caesa,
448 1882 479 1930 ut
508 1892 545 1930 ex
574 1873 771 1947 duodeviginti
802 1872 927 1929 millibus
954 1873 1104 1930 hominum
1143 1875 1204 1930 duo
1232 1873 1286 1930 milli
1325 1901 1326 1933 t

250 1981 328 2040 haud
350 1980 474 2054 amplius
496 1978 649 2036 evaserint.
699 1976 810 2036 Castris
832 1978 936 2038 hostes
951 1979 1035 2052 potiti
1059 1991 1141 2036 eunt.

154 2073 200 2143 22
333 2086 389 2142 Hm
411 2084 523 2153 clades,
549 2103 637 2159 super
658 2083 745 2140 aliam
767 2082 839 2153 alia,
867 2084 991 2140 Romam
1015 2103 1104 2158 quum
1130 2095 1285 2142 essentn=
1324 2113 1326 2143 t

249 2190 343 2258 tiata,
374 2189 475 2264 ingens
498 2189 613 2262 quidem
637 2198 665 2245 et
685 2188 779 2246 luctus
810 2196 839 2244 et
860 2207 954 2262 pavor
974 2189 1123 2248 civitatem
1150 2190 1240 2266 cepit;
1265 2210 1291 2236 :2t
1325 2217 1326 2250 r

250 2305 357 2363 tamen,
380 2295 448 2368 quia
470 2294 612 2363 consules,
636 2294 684 2351 ubi
708 2309 822 2350 summa
843 2311 938 2350 rerum
962 2303 1047 2362 esset,
1069 2295 1109 2352 ad
1134 2297 1167 2354 id
1190 2295 1252 2351 loco
1269 2318 1292 2339 re

249 2419 388 2474 prospere
414 2419 475 2456 rem
498 2411 645 2474 gererent,
676 2399 770 2456 minus
802 2397 847 2454 his
879 2398 1009 2456 cladibus
1043 2403 1297 2458 commovebantur.
1321 2437 1326 2461 ,

218 2497 378 2579 2Legatos
400 2505 438 2561 ad
462 2506 594 2562 consoles
616 2505 732 2562 mittunt
758 2502 793 2574 C.
814 2503 986 2571 Laetorium,
1018 2503 1060 2561 M.
1085 2507 1246 2586 Metilium,
1263 2501 1299 2575 qui
1325 2533 1326 2566 r

250 2610 425 2677 nuntiarent,
454 2617 485 2664 ut
513 2608 650 2682 reliquias
682 2609 805 2668 duorum
836 2607 1012 2664 exercituum
1043 2627 1109 2666 oum
1146 2630 1217 2670 eura
1237 2608 1297 2667 colli·
1325 2639 1326 2672 ,

218 2709 350 2788 3gerent
378 2714 538 2786 darentque
570 2731 706 2787 operam,
737 2731 773 2768 ne
801 2731 853 2786 par
882 2722 989 2768 metum
1018 2731 1053 2769 ac
1082 2715 1297 2791 desperationem
1325 2765 1326 2776 ,

248 2819 326 2876 boeti
349 2836 381 2875 se
402 2819 547 2888 dederent,
568 2819 599 2874 id
621 2818 699 2892 quod
723 2827 791 2892 post
812 2817 993 2874 Cannensem
1017 2818 1176 2878 accidisset
1197 2821 1296 2884 cladem,
1325 2869 1326 2878 ,

218 2920 278 2978 iet
309 2933 342 2978 ut
374 2913 535 2980 desertores
567 2923 603 2979 de
637 2923 764 2980 exercitu
797 2922 933 2980 volonum
967 2924 1183 2996 conquirerent
1234 2925 1294 2982 Iden
1324 2962 1325 2967 κ

248 3028 357 3102 negotii
385 3029 422 3088 P.
448 3027 583 3085 Cornelio
617 3028 733 3097 datum,
769 3027 814 3083 cui
847 3037 875 3083 et
901 3027 1022 3084 dilectus
1055 3031 1214 3088 mandatus
1238 3039 1294 3090 eret:

247 3135 330 3207 isque
354 3153 408 3208 per
433 3133 500 3190 fora
521 3117 770 3206 conciliabulaque
792 3132 896 3201 edixit,
925 3142 958 3188 ut
979 3134 1156 3206 conquisitio
1179 3136 1293 3193 volonum

247 3239 330 3296 fieret
353 3240 511 3312 repertique
540 3238 577 3294 ad
603 3237 687 3312 signa
709 3237 924 3304 reducerentur.
968 3239 1039 3294 Haec
1062 3241 1165 3298 omnia
1187 3238 1293 3300 intentis·

192 3364 200 3378 ·
248 3343 322 3400 sima
343 3361 414 3399 cura
436 3351 510 3398 acta

218 3443 235 3496 5
332 3450 411 3522 App.
434 3445 573 3504 Claudius
597 3448 711 3516 co'nsul,
733 3447 773 3504 D.
796 3447 882 3504 Iunio
907 3448 944 3504 ad
967 3448 1072 3506 ostium
1095 3450 1245 3514 Vulturni,
1265 3446 1294 3503 lt

249 3552 370 3610 Aurelio
394 3551 482 3610 Cotta
505 3551 634 3608 Puteolis
657 3553 829 3626 praeposito,
860 3551 920 3625 qui,
947 3561 978 3608 ut
1007 3571 1131 3628 quaeque
1160 3572 1246 3612 naves
1267 3565 1292 3604 ex

248 3657 367 3713 Etruria
393 3676 427 3714 ac
449 3656 586 3714 Sardinia
607 3657 804 3724 accessissent,
827 3656 973 3731 extemplo
994 3658 1023 3714 in
1048 3668 1146 3714 castra
1171 3660 1293 3716 mitterent

218 3755 438 3831 trumentum,
464 3761 528 3835 ipse
550 3763 587 3818 ad
610 3761 741 3836 Capuam
769 3778 918 3835 regressus
947 3761 984 3833 Q.
1010 3761 1146 3818 Fulvium
1173 3763 1291 3834 collegam

248 3866 359 3922 invenit
390 3865 518 3924 Casilino
555 3868 652 3924 omnia
691 3867 890 3940 deportantem
930 3866 1150 3940 molientemque
1193 3869 1229 3925 ad
1255 3881 1292 3936 op·

196 3967 436 4045 ,7pugnendem
469 3969 611 4044 Capuam.
660 3972 736 4028 Tum
766 3972 853 4028 ambo
884 3971 1130 4028 circumsederunt
1150 3973 1247 4030 urbem
1272 3973 1291 4020 el
