2812 4556
624 289 677 332 vtt

103 474 224 543 dicimo,
246 473 299 528 sed
311 472 555 546 circumspectare
577 470 685 540 omnia,
707 470 783 544 qaod
802 469 913 526 solliciti
925 477 974 538 eat,
998 487 1084 544 neque
1104 487 1185 527 uocu-

103 559 218 613 sutiuus
233 556 371 612 adiectivo
385 555 532 611 adiunctus
545 553 632 610 uilrsm
647 553 728 610 tabet
740 571 774 608 ea
795 552 877 611 uerbo
898 555 1104 612 accusationem.
1140 552 1186 609 De

105 657 133 700 c.
156 639 210 707 34,
233 641 253 695 4
276 641 378 694 reett'us
399 640 568 711 iuterpunoto
590 636 646 692 vid.
667 634 730 691 Em.
753 632 834 710 217.)
864 637 881 692 9
906 634 1078 710 (interrupto
1102 633 1184 692 Hiar.

85 719 203 780 ,ouda
228 731 344 796 erupta,
368 720 406 775 M
423 739 440 776 e
462 730 548 794 rapto
571 737 652 775 mosa
668 720 759 774 littera
782 726 847 774 unte
868 735 884 774 e
906 727 1014 792 etpost
1035 717 1073 773 id.
1089 716 1183 776 Drok.

105 801 279 880 perrupto.)
304 803 444 872 XXXV,
467 800 594 877 effla.
618 819 679 857 oum
703 800 828 857 Oreoemo
848 800 929 863 surii.
953 800 1184 875 praecipitesque)

107 890 128 944 9
156 887 254 963 (Fort.
275 886 357 942 scrib.
381 893 521 942 ostentat.
535 929 563 944 ..
592 901 728 957 campos:
748 883 855 940 moenia
879 901 930 940 eos
953 893 1013 939 tum
1040 891 1099 951 oet,
1121 883 1195 944 colt-
1220 937 1223 942 .

107 969 177 1026 Em.
202 970 265 1024 441
288 969 328 1024 ad
348 966 529 1036 XXXVIII,
550 968 600 1035 22,
616 963 659 1040 4.)
706 968 742 1022 12
767 965 867 1022 afflicti
889 963 995 1040 (inat.
1010 965 1075 1021 Em.
1090 961 1184 1042 218)t

109 1053 144 1109 in
169 1051 307 1109 homines
329 1050 493 1107 occiderent
523 1051 598 1122 (My.
621 1049 684 1108 Em.
707 1049 779 1121 217)
814 1048 974 1116 XXXVI,
1011 1052 1026 1103 7
1050 1056 1114 1104 erat
1137 1047 1186 1104 ria

107 1135 227 1192 lubrica
261 1153 275 1190 e
306 1135 375 1190 coni.
406 1132 525 1207 Sauppt'e'
556 1133 629 1204 (My.
653 1131 719 1190 Ean.
745 1132 805 1187 218
826 1132 865 1204 a.)
896 1129 900 1203 Ι
931 1130 1032 1206 (pedes
1066 1129 1186 1186 fallente

107 1217 206 1276 Draa.
233 1215 322 1275 codd.
344 1215 418 1290 pede
439 1235 470 1271 se
492 1214 622 1287 fallente)
657 1216 675 1272 8
697 1214 841 1270 interdum
869 1214 955 1270 etiam
978 1214 1100 1285 [tamen]
1121 1212 1185 1269 infi-

109 1317 192 1356 mam
220 1295 351 1373 (Weiss.)
371 1299 376 1370 Ι
396 1297 581 1373 [connitendo
613 1296 678 1354 Tun.
707 1296 808 1352 Faber.
842 1296 940 1364 coda,
970 1295 1062 1352 Ducit.
1095 1295 1185 1352 couti-

110 1380 223 1457 nendo)
259 1381 435 1450 XXXVII,
474 1385 490 1437 5
526 1379 630 1455 (valles
674 1379 847 1454 apricosque
894 1379 990 1436 Weiss.
1029 1377 1065 1433 M
1095 1373 1185 1434 valIes

113 1465 232 1539 apricos
266 1464 408 1538 quosdam
442 1463 544 1541 colles,
577 1461 602 1518 Ο
630 1462 721 1518 valles
743 1462 858 1536 apricos
888 1479 956 1536 qum
979 1459 1077 1529 colles,
1099 1463 1187 1516 erasis
1275 1463 1280 1476 '

112 1549 214 1604 litteris
236 1549 320 1620 quusi
339 1547 426 1614 tribus
440 1555 502 1602 aute
525 1563 603 1618 qum.
622 1544 716 1601 Droie.
740 1544 882 1600 valles'et
895 1541 1011 1618 apricos
1033 1543 1185 1616 quosdam.

111 1629 197 1686 Fert.
227 1631 287 1702 fuit
321 1628 413 1685 valles
443 1628 616 1702 apricosque
652 1628 710 1684 iam
749 1626 861 1700 colles.)
889 1631 894 1700 )
922 1627 1058 1699 rivosque
1093 1644 1186 1701 prope

112 1713 193 1786 (My.
215 1712 280 1767 Em.
303 1709 374 1786 218)
406 1714 423 1767 6
448 1721 476 1766 et
495 1712 554 1766 iam
576 1710 648 1766 locis
670 1707 777 1785 (Creo.)
800 1709 991 1779 XXXVIII,
1016 1711 1032 1765 3
1058 1709 1186 1765 maxime

112 1805 220 1852 auctor
245 1804 376 1850 moveret
390 1791 507 1868 (Drok.)
535 1797 551 1848 5
567 1793 691 1849 Taurini
712 1791 818 1850 Galliae
840 1811 984 1867 proxuma
1000 1810 1013 1847 s
1027 1794 1095 1853 corti,
1111 1791 1184 1864 (My.

112 1878 182 1933 Em.
197 1877 266 1933 219.
289 1878 329 1932 M
345 1874 574 1949 taurinisnegalli
596 1894 750 1948 proxuma,
775 1874 800 1931 0
818 1875 938 1931 taurinis
959 1874 1029 1948 galli
1050 1874 1186 1947 proxima

112 1963 188 2016 inter
217 1959 339 2016 taurinis
372 1968 398 2014 et
428 1958 498 2032 galli
532 1959 629 2014 litteris
661 1961 758 2016 erosis.
798 1957 948 2030 Confirmat
977 1956 1187 2012 emendationem

114 2042 267 2118 Appianas
282 2041 404 2100 Hannib.
430 2047 463 2097 5:
487 2038 677 2120 προσέβαλε
704 2037 879 2118 Ταυρασίᾳ
902 2033 998 2098 πόλει
1024 2033 1185 2120 Κελτικῇ)

116 2128 136 2183 6
165 2123 204 2201 (ei
218 2125 289 2198 iugo
306 2123 392 2180 Gron.
410 2123 497 2180 Oodd.
514 2133 540 2179 et
553 2123 646 2179 Drok.
668 2133 697 2179 et
717 2122 798 2198 iugo)
833 2127 848 2180 7
869 2141 922 2197 per
942 2122 1076 2180 Salassos
1101 2141 1186 2177 mon·

115 2218 205 2264 tanos
227 2226 242 2263 e
262 2210 331 2263 coni.
356 2206 450 2280 Lt'psii
470 2207 543 2278 (Mq.
558 2207 623 2266 Ena.
647 2207 708 2262 220
731 2225 764 2262 ec
786 2207 825 2261 M
831 2225 865 2261 m.
879 2207 913 2260 1:
935 2205 1079 2279 persaltos
1101 2223 1185 2260 mon-

118 2291 218 2362 tanos)
238 2287 243 2367 Ι
262 2289 434 2346 deduxerint
466 2287 543 2364 (edd.
567 2298 648 2354 oett.,·
670 2289 734 2348 Ea.
758 2287 830 2364 220)
869 2291 886 2344 9
910 2287 1032 2364 (Seduni
1060 2287 1188 2361 Veragri

121 2371 211 2430 Groa.
235 2371 322 2428 Oodd.
352 2373 482 2428 seduno
505 2371 622 2428 velauri.
677 2371 770 2428 Drak.
794 2368 927 2444 Veragri.
971 2369 1051 2426 Fert.
1075 2369 1185 2428 Seduni

117 2455 324 2534 Veragriquer,
359 2456 413 2510 nisi
443 2455 542 2510 Livius
579 2473 661 2510 unam
690 2455 826 2528 populum
860 2472 874 2508 e
905 2453 1011 2509 duobus
1043 2453 1188 2525 conflatum

114 2537 254 2614 putavit.)
283 2535 288 2615 )
315 2537 412 2594 norint
444 2536 606 2612 (Cantaba,
635 2537 707 2594 Lov.
732 2538 759 2595 1.
780 2536 914 2592 Fortasse
934 2537 1034 2592 Liuius
1063 2537 1186 2609 sempsit:

117 2639 229 2677 nomen
250 2619 347 2676 ferunt
368 2619 512 2691 inditum.)
540 2619 696 2689 XXXIX,
731 2624 747 2674 4
775 2617 915 2694 (volentes
940 2617 1026 2675 Grau.
1050 2616 1137 2677 Codd.
1162 2627 1188 2674 et

116 2703 214 2759 Drak.
238 2700 375 2777 volentis)
415 2706 432 2758 5
455 2703 496 2774 (et
517 2702 658 2758 iunxisset
680 2701 778 2760 Alsoh.
804 2700 893 2763 Codd.
915 2701 1069 2768 iunxissem
1091 2700 1185 2760 Drok.

116 2784 331 2861 iunxissetque)
366 2787 383 2842 6
406 2795 576 2859 praesentem
599 2803 630 2840 se
652 2795 801 2840 secuturos
823 2803 886 2841 esse
901 2787 988 2840 'ratus
1017 2783 1132 2858 (Mm21
1148 2783 1188 2853 0,

118 2871 176 2924 nisi
196 2869 272 2941 quod
292 2886 355 2924 esse
382 2886 431 2922 noa
458 2885 551 2922 errore
573 2865 730 2942 omisimus.)
766 2869 783 2923 8
809 2866 900 2942 (Fert.
923 2867 1001 2924 Nam
1024 2875 1053 2922 et
1074 2866 1187 2922 Hanni-

118 2950 197 3008 balis
219 2949 309 3026 apud)
332 2951 400 3020 XL,
428 2954 525 3006 5oum
547 2949 593 3006 his
618 2954 632 3004 7
660 2950 783 3018 amissis,
805 2950 875 3022 quia
897 2949 994 3022 plures
1017 2948 1182 3020 [paene]...

118 3033 281 3106 supersint,
318 3032 382 3107 plus
416 3030 512 3105 (ἂναὶ.
545 3031 633 3091 Codd.
665 3032 715 3106 qui
744 3032 854 3106 plures)
898 3033 915 3087 9
939 3029 1065 3104 effigies,
1097 3030 1187 3086 immo

120 3117 235 3172 umbrae
250 3113 373 3191 ilnterp.
394 3117 569 3186 mutavimus)
597 3119 736 3188 iuquam
758 3133 803 3184 ne,
826 3131 879 3169 vos
902 3131 965 3170 oum
989 3112 1188 3187 pugnaveritis

121 3199 197 3270 (My.
228 3197 312 3270 Oodd.
349 3217 402 3254 neo
441 3216 579 3271 umquam
613 3215 667 3252 vos
704 3217 768 3254 cum
810 3196 1014 3271 pugnaveritis.
1085 3194 1187 3252 Trans·

114 3283 211 3356 posito
235 3297 320 3354 quam
346 3289 413 3354 post
442 3299 478 3336 ne
505 3299 569 3337 cum
592 3289 686 3335 uotum
714 3289 755 3336 est
777 3281 895 3336 alterum
926 3297 990 3336 cum
1016 3287 1083 3352 post
1110 3277 1187 3354 vos.)

119 3364 208 3432 XLI,
234 3369 250 3418 4
272 3373 414 3438 poteram,
438 3372 525 3436 etque
546 3380 695 3437 regressus
721 3363 758 3418 ad
780 3371 957 3430 merserat,
980 3370 1090 3434 quanta
1112 3362 1187 3424 (cod.

118 3445 181 3519 say.
206 3455 232 3504 et
252 3447 323 3501 alter
343 3463 397 3501 reo.
419 3445 494 3501 Boni
524 3457 656 3520 poteram
679 3463 773 3518 neque
801 3465 823 3502 r.
838 3463 915 3504 am.
948 3454 1010 3501 erat
1031 3442 1152 3519 quanta)
1181 3439 1184 3521 )

119 3532 138 3585 9
161 3529 212 3602 qui
242 3527 383 3584 decedens
406 3527 505 3586 Sicilia
534 3527 707 3602 stipendium
734 3525 810 3602 (edd.
833 3537 895 3583 vett.
921 3526 1009 3586 codd.
1034 3525 1065 3595 0,
1098 3525 1188 3595 Cant,

117 3619 181 3670 cett.
207 3611 256 3685 qui
279 3610 420 3666 decedens
444 3610 543 3668 Sicilia
576 3610 617 3682 [0
629 3610 770 3682 Siciliam]
794 3610 842 3684 qui
865 3609 1047 3684 stipendium,
1083 3609 1122 3664 M
1140 3609 1188 3681 qui

118 3693 263 3752 decedens
279 3693 406 3750 Siciliam
423 3693 606 3767 stipendium.
656 3693 750 3749 Error
770 3703 848 3750 ortua
868 3693 976 3748 uidetur
998 3711 1031 3747 ea
1050 3694 1188 3764 yemiuotc

120 3778 215 3834 littera
229 3795 242 3832 s
257 3779 286 3832 e'n
301 3775 422 3848 Sicilia.)
441 3776 542 3844 XLII,
559 3778 575 3832 3
590 3776 708 3850 legeret.
724 3785 756 3832 ut
770 3776 907 3848 cuiusque
923 3775 971 3847 (L.
993 3774 1083 3830 Vallo.
1101 3772 1188 3829 Codri.

118 3858 230 3934 legeret
257 3867 286 3915 et
314 3857 477 3934 cuiusque.)
518 3859 643 3930 XLIII,
693 3864 701 3915 1
737 3856 837 3934 (quum
861 3857 903 3913 sio
928 3856 1014 3913 Grau.
1045 3855 1132 3912 Codd.
1163 3865 1189 3911 et

118 3941 215 4001 Drulo.
239 3941 308 3998 dum
330 3941 383 4014 sic)
413 3946 430 3998 4
453 3941 625 3998 habentibus
649 3939 764 4016 (Grec.)
785 3941 789 4014 )
809 3939 908 3997 Padus
930 3941 987 3994 siue
1010 3940 1087 3994 aneia
1110 3938 1186 4010 (edd.

119 4026 199 4098 cett.)
237 4028 253 4080 7
279 4023 373 4099 agite,
406 4042 471 4080 oum
497 4023 551 4080 diis
574 4022 688 4099 (Koch.)
717 4024 838 4093 XLIV,
875 4025 892 4078 2
917 4040 981 4079 oum
1006 4023 1043 4078 ob
1062 4021 1188 4095 patriam

119 4107 247 4180 (Weiss,
263 4108 323 4180 Mp.
339 4105 425 4163 Oodd.
438 4125 504 4164 cum
518 4105 656 4183 patriam)
680 4109 697 4164 6
714 4124 778 4163 cum
795 4104 975 4180 Saguntinis!
1002 4105 1054 4176 [ad
1065 4104 1133 4161 Hib.
1146 4111 1190 4158 est
