2700 4426
426 199 506 251 Liber
523 201 623 252 XXIV.
661 201 709 265 (A.
724 201 771 251 ch.
786 201 860 263 215.)
1048 219 1049 223 ’
1073 207 1130 263 177

107 405 213 464 pugnae
235 387 272 444 ad
295 385 413 444 Cannas
435 385 550 454 fuisset3
580 385 630 442 vix
653 385 802 442 credibilia
824 386 899 443 enim
923 385 1036 461 legatos
1057 387 1171 444 Hanni·

107 493 326 560 balisnarrere3
347 491 432 562 velle,
455 490 524 565 quid
538 490 600 547 veri
621 471 668 560 sit,
689 490 772 560 scire,
795 497 827 544 ut
848 508 884 546 ex
907 509 951 561 eo,
974 499 1068 548 utram
1090 510 1170 567 spem

106 607 262 673 sequatur,
291 595 441 653 consilium
472 596 578 671 capiat.
627 593 768 664 Romani,
802 613 890 668 quum
913 595 988 652 serio
1012 596 1203 671 legationes6

107 702 209 759 audire
231 702 381 776 coepisset,
413 701 558 758 redituros
587 718 618 755 se
649 699 686 756 ad
714 719 778 756 curn
802 700 928 757 dicentes
951 719 1028 771 esse,
1062 702 1172 758 monito

108 809 203 882 magis
218 826 252 864 eo
270 825 357 881 quam
372 814 487 880 rogato,
509 823 545 861 ne
559 804 643 861 fidem
662 812 770 860 temere
786 813 919 877 mutaret,
941 806 1170 881 proficiscuntur.

107 912 307 987 Hieronymus
328 912 440 985 legatos
463 908 669 984 Carthaginem
695 910 773 966 misit
795 911 832 967 ad
854 910 954 968 foedus
972 903 1201 974 exsocietatel

108 1037 174 1074 cum
197 1015 365 1078 Hannibale
386 1014 560 1073 faciendum.
609 1015 702 1072 Paeto
726 1016 870 1086 convenit,
892 1024 932 1084 ut,
955 1036 1042 1092 quum
1062 1019 1171 1076 Roma·

107 1139 164 1178 nos
191 1120 290 1179 Sicilia
312 1120 491 1195 expulissent
517 1120 558 1192 (id
588 1128 684 1176 autern
707 1121 788 1178 brevi
810 1120 888 1192 fore,
918 1122 943 1179 si
972 1141 1061 1181 naves
1083 1132 1172 1197 atque

107 1225 266 1281 exercitum
290 1225 454 1296 misissent),
477 1225 599 1281 Himera
622 1226 724 1296 aronis,
747 1226 797 1299 qui
818 1226 908 1282 ferme
924 1226 1026 1283 dividit
1045 1229 1171 1297 insubsm,

106 1329 175 1385 finis
195 1330 277 1405 regni
299 1329 475 1404 Syracusani
497 1347 532 1385 ac
548 1330 651 1387 Punici
672 1330 786 1405 imperii
808 1339 892 1390 esset.
936 1331 1035 1388 Aliam
1059 1331 1202 1403 deinde,8

107 1434 226 1492 inflatus
249 1434 491 1492 assentationibus
514 1453 624 1505 eorum,
649 1436 699 1510 qui
723 1455 787 1492 eum
808 1455 866 1492 non
889 1436 1027 1493 Hieronis
1049 1445 1170 1506 tentum,

106 1543 161 1599 scd
191 1541 297 1616 Pyrrhi
325 1541 411 1598 etiam
440 1540 533 1613 regis,
575 1541 697 1596 materni
734 1540 798 1612 avi,
830 1541 968 1598 iubebant
999 1542 1171 1612 meminisse,

107 1648 284 1723 legationem
300 1646 391 1716 misit,
414 1663 473 1719 qua
494 1663 607 1718 aequum
630 1647 775 1714 censebat,
801 1645 900 1704 Sicilia
922 1647 976 1704 sibi
999 1648 1077 1704 omui
1099 1648 1171 1719 cedi,

107 1750 204 1808 Italiae
224 1749 374 1824 imperium
389 1751 538 1826 proprium
562 1750 651 1826 quaeri
667 1749 901 1825 Carthaginiensi
921 1753 1041 1827 populo.
1084 1754 1202 1812 Hancll

107 1856 257 1914 levitatem
286 1873 321 1912 ac
348 1856 533 1913 iactationem
566 1855 654 1911 enimi
686 1874 780 1929 neque
811 1856 991 1914 mirabantur
1017 1858 1047 1914 in
1068 1859 1173 1916 iuvene

72 1979 75 1982 ’
107 1961 222 2020 furioso
258 1979 352 2035 neque
393 1961 568 2035 arguebant,
629 1960 787 2017 dummodo
825 1969 989 2018 averterent
1030 1982 1095 2019 eum
1134 1964 1172 2021 ab

109 2066 261 2126 Romanis.

194 2171 253 2231 Sed
276 2169 374 2228 omnia
401 2170 487 2243 ineo
514 2169 673 2244 praecipitia
705 2171 742 2226 ad
768 2170 886 2227 exitium
918 2170 1043 2229 fuerunt.
1092 2174 1170 2231 Nam
1247 2171 1269 2238 ἵ

109 2295 215 2352 quum,
242 2276 398 2352 praemissis
419 2275 600 2350 Hippocrate
624 2285 712 2350 atque
736 2276 866 2351 Epicyde
893 2294 958 2332 cum
989 2277 1063 2334 binis
1085 2278 1173 2335 milli·

109 2382 165 2438 bus
187 2391 366 2439 armatorum
389 2381 426 2450 ad
448 2380 601 2438 tentandas
624 2382 724 2449 urbes,
754 2399 818 2455 quae
838 2382 979 2456 praesidiis
1000 2384 1173 2441 tenebantur

110 2486 269 2556 Romanis,
306 2496 334 2542 et
365 2486 427 2560 ipse
457 2485 487 2542 iu
517 2485 676 2541 Leontinos
710 2498 774 2541 cum
808 2497 903 2543 cetero
930 2487 1008 2544 omni
1044 2489 1202 2545 exercitu2

111 2591 208 2663 (erant
236 2599 332 2646 autem
360 2590 398 2646 ed
426 2588 588 2664 quindecim
616 2588 706 2646 millia
727 2590 856 2664 peditum
880 2591 1078 2666 equitumque)
1100 2613 1170 2668 pro·

111 2694 204 2753 fectus
226 2704 304 2767 erat,
325 2695 432 2752 liberas
454 2696 530 2752 aedes
550 2694 693 2751 coniurati
715 2696 756 2768 (et
778 2713 878 2751 omnes
899 2693 975 2752 forte
999 2698 1203 2772 militabant)3

61 2772 75 2853 .—
111 2801 294 2858 imminentes
309 2801 364 2857 viae
378 2809 517 2874 augustae,
540 2819 599 2873 qua
615 2799 788 2856 descendere
810 2800 847 2856 ad
867 2799 962 2857 forum
978 2821 1030 2858 rex
1051 2803 1173 2874 solebat,

111 2914 307 2980 sumpserunt.
361 2903 407 2961 Ibi
437 2922 524 2978 quum
553 2905 684 2962 instructi
710 2905 872 2979 armatique
903 2905 989 2962 ceteri
1022 2907 1205 2966 transituml

112 3018 315 3085 exspectantes
338 3019 462 3080 starent,
493 3009 543 3065 uui
567 3029 604 3066 ex
626 3011 666 3067 eis
686 3011 855 3083 (Dinomeni
876 3009 931 3066 fuit
951 3012 1083 3084 nomen),
1106 3013 1175 3087 quia

111 3123 211 3172 custos
233 3115 363 3188 corporis
387 3123 465 3185 erat,
498 3124 596 3189 partes
618 3115 694 3171 ‹latae
715 3122 795 3185 sunt,
830 3124 874 3185 ut,
904 3135 992 3191 quum
1015 3119 1175 3193 appropin-

90 3232 93 3237 '
111 3227 218 3296 queret
238 3219 333 3275 ianuae
353 3200 423 3289 rex,
445 3239 498 3294 per
518 3236 636 3276 causam
658 3220 787 3294 aliquam
809 3221 839 3276 in
861 3221 1000 3296 augustiis
1022 3222 1176 3281 sustineret

110 3327 151 3384 ab
173 3333 257 3400 tergo
280 3342 393 3398 agmen.
442 3324 502 3392 Ita,
525 3332 557 3379 ut
578 3334 762 3395 convenerat,
786 3325 895 3383 factum
918 3335 970 3383 est.
1019 3328 1205 3403 Tanquam5

108 3432 230 3488 laxaret
243 3429 349 3486 elatum
372 3428 476 3502 pedem
498 3429 536 3485 ab
559 3428 658 3486 stricto
681 3431 776 3500 uodo,
799 3440 927 3488 moratus
950 3432 1063 3489 turbam
1080 3434 1175 3491 Dino·

110 3553 214 3594 menes
236 3543 348 3591 tantum
370 3532 513 3590 intervalli
534 3532 616 3604 fecit,
638 3542 685 3606 ut,
712 3554 800 3610 quum
823 3535 852 3592 in
873 3545 1092 3612 pretereuntem
1115 3540 1177 3596 sine

112 3640 237 3700 armatis
276 3657 373 3714 regem
407 3639 531 3714 impetus
562 3640 660 3710 fieret,
704 3639 909 3698 confoderetur
947 3641 1058 3716 aliquot
1096 3645 1176 3719 prius

112 3743 294 3814 vulneribus,
316 3762 403 3819 quam
421 3744 549 3800 succurri
570 3753 678 3820 posset.
721 3744 857 3803 Clamore
873 3755 901 3802 et
922 3748 1046 3804 tumultu
1068 3750 1207 3820 audit0,6

114 3850 147 3906 iu
165 3849 359 3906 Dinomenem
385 3848 443 3905 iam
475 3849 552 3905 haud
582 3850 668 3907 dubie
697 3853 860 3909 obstantem
891 3851 949 3907 tela
978 3854 1177 3925 coniiciuntur,

116 3953 279 4027 interque
302 3962 415 4024 tamen,
441 3953 554 4012 duobus
581 3956 706 4031 acceptis
729 3939 911 4024 vulnerihhs,
944 3959 1045 4015 evasit.
1093 3939 1207 4035 Fuga'l

147 4064 402 4112 airammum-ign.
431 4064 463 4102 ut.
718 4060 721 4064 “
953 4065 988 4111 l‘l
