2700 4426
410 159 488 208 aruer
505 157 633 208 xxvm.
671 160 716 224 (n.
731 157 776 210 ou.
791 159 861 220 ποτ.)
1064 161 1120 217 125

108 345 233 400 Romam
269 344 357 399 misso
395 352 423 400 et
442 344 600 400 Hannone
634 344 758 401 hostium
796 344 971 418 imperatore
1006 304 1163 418 ceterisque

109 448 252 505 nobilibus
276 449 406 524 captivis,
426 450 489 525 ipse
511 451 707 506 Tarraconem
730 450 876 508 concessit.

192 555 302 611 Eodem
336 574 411 612 anno
444 555 544 614 classis
570 559 703 614 Romana
736 574 799 613 eum
827 556 869 612 M.
899 553 1018 612 Valerio
1045 553 1193 614 Laevin05

109 661 281 734 proconsule
310 681 346 717 ex
368 662 467 746 Sicilia
492 663 521 718 in
544 662 675 720 Ahicam
700 663 869 719 transmissa
890 662 919 717 in
940 660 1071 720 Uticensi
1092 659 1163 716 Car·

108 766 338 841 thaginiensique
360 787 431 842 agro
452 768 511 825 late
532 769 732 844 populationes
755 769 832 827 fecit.
883 768 1028 826 Extremis
1060 765 1163 822 finibus

109 870 398 946 Carthaginiensium,
416 876 493 933 eirca
510 875 574 950 ipsa
586 875 691 931 moenia
701 876 795 934 Uticae
805 873 908 950 preedae
920 882 991 930 actae
1002 882 1076 929 sunt.
1106 873 1163 930 Re·
1177 877 1194 931 6

108 979 270 1053 petentibus
283 979 409 1038 Siciliam
421 980 521 1071 classis
532 981 643 1038 Punica
655 978 849 1056 (septuaginta
860 988 942 1037 erant
954 980 1048 1054 longae
1059 975 1163 1056 naves)

111 1085 243 1144 occurrit.
292 1086 401 1143 Decem
423 1096 452 1143 et
472 1096 581 1162 septem
605 1106 694 1143 naves
716 1106 752 1144 ex
773 1086 808 1142 iis
824 1096 915 1162 captae
930 1095 1005 1155 sunt,
1027 1093 1164 1158 quattuor

108 1190 138 1245 in
161 1191 220 1246 alto
243 1208 358 1260 mersae3
381 1199 476 1249 cetera
497 1191 563 1248 fusa
585 1210 625 1248 ac·
640 1191 742 1267 fugata
763 1192 872 1250 classis.
920 1192 1013 1247 Terra
1034 1190 1192 1263 marique7

109 1296 202 1353 victor
230 1298 380 1353 Romanus
408 1317 472 1355 cum
504 1318 610 1374 magna
635 1299 726 1355 omnis
751 1298 863 1373 generis
884 1298 983 1373 praeda
1004 1298 1161 1372 Lilybaeum

108 1402 221 1476 repetit.
270 1403 348 1459 Tuto
382 1404 449 1460 inde
485 1406 573 1475 mari,
609 1406 698 1481 pulsis
731 1404 854 1462 hostium
891 1403 1030 1474 navibus,
1065 1403 1163 1477 magni
1215 1429 1218 1437 r

109 1518 286 1565 commeatus
307 1508 441 1568 frumenti
463 1512 587 1568 Romam
607 1511 744 1568 subvecti.
814 1545 819 1553 -
847 1521 849 1536 '

192 1615 338 1690 Principio
361 1617 467 1674 aestatis
489 1617 564 1685 eius,
596 1635 653 1691 qua
672 1618 733 1674 haec
754 1626 819 1672 sunt
839 1625 939 1691 gesta,
961 1616 996 1672 P.
1019 1614 1162 1690 Sulpicius
1216 1609 1248 1702 5ὶ

108 1721 263 1795 proconsul
293 1730 321 1777 et
341 1722 460 1779 Attalus
490 1741 558 1792 rex,
594 1741 681 1797 quum
705 1723 835 1796 AEginae,
869 1723 942 1779 sicut
968 1721 1160 1777 antedictum

110 1835 163 1897 est,
187 1803 395 1898 hibernassent,
417 1828 558 1885 Lemnum
577 1827 643 1883 inde
657 1827 747 1884 classe
762 1828 859 1885 iuncta
871 1827 1023 1905 (Romanae
1038 1827 1162 1901 quinque

109 1942 137 1988 et
172 1932 274 2007 viginti
309 1923 542 2006 quinqueremes,
579 1933 664 2008 regiae
699 1934 824 2007 quinque
853 1943 881 1989 et
908 1930 1038 2006 triginta)
1068 1942 1161 1988 trans-

109 2039 256 2097 miserunt.
305 2040 345 2096 Et
358 2037 519 2113 Philippus,
539 2048 578 2109 ut,
600 2057 651 2095 seu
666 2048 744 2096 terra
756 2058 806 2096 seu
821 2039 895 2096 mari
906 2037 1021 2095 obviam
1038 2037 1191 2094 eundum2

109 2145 185 2202 hosti
205 2144 289 2215 foret,
310 2154 429 2219 paratus
450 2143 488 2200 ad
510 2162 609 2201 omnes
628 2155 747 2201 conatus
766 2155 848 2214 esset,
870 2145 931 2220 ipse
948 2145 1161 2201 Demetriadem

109 2251 147 2306 ad
169 2269 248 2307 mare
270 2251 429 2321 descendit,
465 2250 599 2307 Larisam
621 2251 696 2307 diem
719 2251 756 2307 ad
778 2251 1002 2308 conveniendum
1026 2248 1162 2307 exercitui

109 2355 207 2412 edixit.
253 2358 389 2431 Undique
411 2358 447 2413 ab
469 2357 554 2427 sociis
575 2357 733 2432 legationes
754 2357 969 2414 Demetriadem
995 2357 1032 2412 ad
1053 2353 1192 2414 famam3

109 2461 185 2535 regis
208 2472 409 2522 convenerunt.
456 2463 638 2520 Sustulerant
666 2441 740 2519 enini
767 2464 878 2520 animos
899 2463 994 2520 AEtoli
1016 2482 1102 2538 quum
1125 2462 1193 2519 ab4

109 2569 242 2624 Romana
257 2568 403 2636 societate,
424 2578 484 2623 turn
505 2579 572 2641 post
594 2569 688 2626 Attali
713 2570 876 2638 adventum,
898 2570 1090 2644 finitimosque
1112 2570 1161 2627 de·

109 2672 335 2746 populabantur3
357 2688 409 2727 nec
423 2672 592 2729 Acarnanes
612 2674 704 2730 solum
717 2675 884 2749 Boeotique,
913 2687 940 2732 et
957 2676 1005 2750 qui
1020 2677 1161 2732 Euboeam
1176 2675 1192 2729 5

108 2777 245 2847 incolunt,
267 2778 297 2833 in
319 2796 424 2852 magno
447 2788 523 2835 metu
546 2788 637 2850 erant,
660 2781 710 2835 sed
726 2782 827 2838 Achaei
842 2801 966 2856 quoque,
989 2799 1060 2856 quos
1076 2799 1162 2855 super

107 2876 267 2941 AEtolicurn
300 2883 405 2941 bellum
427 2885 617 2942 Machanidas
639 2886 734 2958 etiam,
758 2888 993 2945 Lacedaemonius
1013 2896 1161 2961 tyrannus,

107 2990 184 3046 haud
223 2989 324 3063 procul
355 2992 532 3065 Argivorum
567 2993 624 3048 fine
652 2992 762 3067 positis
794 2994 894 3050 castris
929 2995 1063 3050 terrebat.
1120 2993 1191 3048 Hie

107 3115 224 3167 omnes,
246 3096 305 3152 suis
328 3097 449 3171 quisque
470 3098 589 3155 urbibus
612 3117 675 3172 quae
696 3099 824 3173 pericula
845 3110 922 3156 terra
942 3100 1073 3174 marique
1093 3119 1160 3175 por·

106 3204 306 3273 tendebantur,
329 3210 520 3258 memorantes
543 3204 652 3260 auxilia
666 3222 763 3279 regem
783 3205 914 3262 orabant.
961 3206 1009 3262 Ne
1025 3225 1061 3262 ex
1071 3207 1190 3278 regno?

108 3309 221 3382 quidem
255 3309 345 3384 ipsius
377 3309 538 3383 tranquillae
567 3310 772 3368 nuntiabantur
804 3330 866 3368 res:
899 3320 927 3367 et
959 3309 1161 3369 Scerdilaedum

107 3413 333 3488 Pleuratumque
362 3423 456 3470 motos
483 3433 565 3485 esse,
598 3425 625 3473 et
653 3419 800 3475 Thracum
823 3417 948 3474 maxime
974 3417 1100 3486 Maedos,
1137 3416 1161 3473 si

108 3518 185 3590 quod
213 3518 400 3594 longinquum
431 3520 535 3577 bellum
566 3541 662 3597 regem
685 3534 868 3598 occupasset,
905 3523 1039 3598 proxima
1060 3524 1160 3579 Mace·

107 3621 200 3678 doniae
221 3623 393 3684 incursuros.
442 3627 538 3683 Boeoti
566 3629 680 3702 quidem
709 3638 737 3684 et
757 3629 906 3685 interiores
922 3627 1042 3686 Graeciae
1061 3628 1191 3703 populi8

107 3728 368 3803 Thermopylarum
410 3732 531 3802 saltum,
564 3733 612 3789 ubi
646 3741 773 3809 angusta
805 3732 903 3789 fauces
936 3743 1067 3790 coartant
1097 3734 1159 3802 iter,

106 3832 187 3890 fossa
208 3833 342 3909 valloque
370 3836 520 3894 intercludi
545 3840 582 3895 ab
604 3838 712 3896 AEtolis
733 3840 919 3911 nuntiabant,
952 3859 988 3895 ne
1009 3839 1159 3896 transitum

106 3940 143 3994 ad
176 3939 319 3996 sociorum
354 3943 438 3999 urbes
470 3944 590 4000 tuendas
625 3945 760 4021 Philippo
793 3948 902 4004 darent.
954 3947 1010 4003 Vel
1043 3956 1190 4021 segnem9
