2678 4560
312 257 349 314 78
571 253 650 304 Liber
667 253 782 306 XXVII.
819 254 864 319 (Δ.
879 269 904 306 ιι.
917 271 941 306 e.
955 257 1030 320 545.)

271 439 378 510 Duxit,
414 437 464 496 ubi
497 438 624 496 maxims
655 438 809 496 tumultum
842 440 1024 514 conglobatae
1059 442 1157 500 belnae
1189 440 1318 500 fadeban

237 556 256 612 9
268 545 385 621 pilaque
406 543 436 602 in
457 561 508 602 aas
531 538 635 603 coniici
645 545 737 604 iussit.
784 544 905 602 Haesere
926 545 1026 603 omnia
1052 546 1124 618 tela,
1140 549 1221 606 hand
1234 547 1311 605 diifi
1326 574 1337 595 n

269 670 307 710 ex
334 651 498 727 propinquo
526 649 556 706 in
584 657 666 707 tanta
693 667 819 726 corpora
846 650 904 708 ictu
934 657 964 706 et
991 659 1055 708 tum
1088 650 1226 709 conferta
1244 653 1326 708 turba

269 756 320 816 aad
341 765 453 814 utnon
475 771 575 813 omnes
596 755 739 814 vulnerati
760 765 837 828 sunt,
865 756 916 826 ita,
937 755 967 812 in
988 773 1118 830 quornm
1143 758 1235 832 tergis
1253 775 1308 813 mn
1336 782 1337 785 ¹

269 869 374 920 stetere
397 861 467 938 pila,
489 871 520 919 ut
542 870 586 919 est
607 879 698 936 genus
720 879 837 937 anceps,
862 861 893 917 in
904 859 1004 935 fugam
1016 862 1097 920 versi
1108 863 1203 920 etiam
1218 863 1248 919 in
1264 890 1296 932 ῳ
1313 890 1332 911 =v

220 973 255 1028 l0
270 976 410 1025 avertere.
457 969 534 1026 Tum
556 967 615 1024 iam
637 985 695 1024 non
717 983 791 1023 nnus
814 965 988 1040 manipulus,
1009 966 1062 1023 sed
1085 987 1145 1042 pro
1168 986 1202 1026 se
1224 968 1334 1043 quisq·-

269 1073 361 1144 milea‚
383 1072 433 1148 qui
448 1074 535 1131 modo
551 1072 668 1148 assequi
680 1091 785 1147 agmen
797 1070 967 1146 fugientium
979 1071 1211 1148 elephantorum
1222 1083 1318 1150 potera

268 1177 329 1254 pila
363 1177 512 1236 coniicers.
563 1180 609 1236 Eo
646 1176 738 1252 magis
773 1194 857 1234 ruere
892 1175 922 1232 in
953 1193 1024 1235 snos
1055 1178 1171 1248 belnae,
1207 1189 1300 1237 tanto
1321 1220 1333 1225 a

269 1285 409 1343 maiorem
431 1292 558 1360 stragem
582 1285 683 1354 edere,
710 1300 797 1356 quam
819 1282 895 1338 inter
915 1279 1014 1340 hostes
1036 1284 1213 1354 ediderant,
1239 1293 1335 1358 quanto

270 1391 365 1449 acrius
403 1408 498 1466 pavor
532 1397 746 1448 consternatam
780 1386 855 1462 agit,
893 1404 980 1461 qnam
1015 1387 1174 1446 insidentis
1215 1391 1336 1466 magistri

136 1476 145 1488 l
221 1504 254 1560 ll
268 1496 389 1571 imperio
411 1496 529 1572 regitur.
572 1495 609 1552 ln
637 1493 836 1569 perturbatam
868 1500 1037 1550 transcursu
1066 1495 1226 1554 beluarum
1255 1498 1334 1554 aciem

269 1602 352 1678 signa
386 1600 513 1659 inferunt
546 1600 672 1658 Romani
708 1597 818 1673 pedites
862 1606 890 1655 et
920 1599 1000 1656 haud
1044 1619 1158 1676 magno
1187 1602 1335 1658 certamine

221 1705 255 1762 12
269 1707 425 1782 dissipatos
456 1705 692 1781 trepidantesque
724 1713 867 1761 avertunt.
914 1706 992 1763 Tum
1024 1705 1055 1763 in
1083 1706 1236 1782 fugientes
1267 1707 1332 1781 eqni·

269 1820 361 1870 tatum
388 1811 515 1869 immittit
546 1809 718 1880 Marcellus,
749 1828 802 1868 nec
829 1818 896 1868 ante
920 1811 985 1866 finis
1007 1811 1152 1886 sequendi
1175 1821 1222 1870 est
1243 1812 1332 1878 faama

220 1923 256 1981 13
270 1936 357 1993 quam
387 1918 417 1975 in
444 1925 540 1975 castra
567 1925 706 1990 paventes
744 1916 885 1992 compulsi
916 1924 992 1973 sunt.
1043 1917 1124 1974 Nam
1161 1936 1254 1993 super
1278 1918 1331 1984 alit,

270 2043 334 2098 quae
358 2031 498 2082 terrorem
520 2021 800 2096 trepidationemque
822 2021 960 2092 facerent,
983 2022 1133 2097 elephanti
1149 2039 1270 2098 quoqne
1286 2023 1331 2077 dno

269 2130 300 2187 in
325 2130 390 2205 ipsa
416 2137 503 2204 porta
524 2135 710 2197 corruerant,
747 2128 899 2202 coactique
921 2135 1003 2184 erant
1023 2128 1132 2184 milites
1156 2147 1211 2203 per
1234 2128 1329 2186 fossant

269 2235 435 2308 vallumque
456 2251 540 2290 ruere
560 2231 591 2288 in
612 2239 719 2293 castra.
765 2233 813 2291 lbi
834 2231 964 2291 maxima
984 2233 1114 2291 hostium
1134 2233 1230 2290 caedes
1252 2233 1328 2300 lacta

221 2348 256 2403 14
270 2355 345 2398 casa
372 2339 412 2396 ad
432 2347 499 2396 octo
522 2338 612 2395 millia
634 2338 802 2409 hominum,
839 2339 966 2412 quinque
987 2338 1147 2413 elephanti.
1197 2339 1265 2420 Nep
1282 2339 1328 2395 Ro·

270 2446 364 2503 manis
394 2443 544 2502 incruenta
573 2441 697 2501 victoria
725 2441 793 2513 fuit3
831 2444 910 2502 mille
937 2441 1030 2500 ferme
1059 2454 1088 2501 et
1110 2443 1286 2519 septingenti
1303 2442 1328 2498 ds

231 2530 237 2543 ¹
270 2552 383 2610 duabus
410 2548 572 2626 legionibus
601 2555 630 2605 et
657 2548 802 2608 sociorum
835 2568 924 2625 snpra
959 2549 1037 2606 mille
1067 2557 1216 2606 necemus
1242 2548 1327 2614 occisa

220 2658 256 2719 15
270 2657 412 2716 vulnerati
423 2653 559 2732 permulti
571 2653 676 2710 civium
689 2654 902 2730 sociorumque.
936 2653 1089 2712 Hannibal
1105 2665 1195 2712 nocte
1209 2654 1326 2730 proximu

271 2772 368 2822 castra
396 2761 500 2830 movit;
536 2759 698 2836 cupientem
733 2760 846 2836 insequi
872 2760 1045 2818 Marcellum
1075 2761 1227 2836 prohibuit
1249 2759 1326 2816 multi·

176 2868 215 2937 15
269 2869 341 2927 tudo
356 2867 530 2926 sauciorum.
563 2863 777 2940 Speculatores,
800 2865 850 2941 qni
864 2873 1111 2941 prosequerentur
1127 2883 1241 2942 agmen,
1262 2861 1325 2920 missi

270 2983 388 3051 postero
411 2973 458 3030 die
477 2971 646 3041 retulerunt,
668 2971 799 3029 Bruttios
817 2970 1015 3028 Hannibalem
1037 2981 1148 3046 petere.

239 3085 257 3140 2
362 3079 469 3136 lisdem
491 3075 583 3134 ferme
604 3075 705 3134 diebus
727 3085 756 3134 et
777 3078 815 3134 ad
842 3077 878 3152 Q.
894 3075 1030 3134 Fulvium
1054 3077 1206 3134 consulem
1227 3073 1323 3150 Hirpini

272 3193 301 3243 st
323 3183 434 3242 Lucani
456 3189 484 3239 et
505 3181 688 3251 Vulcientes,
710 3181 824 3240 traditis
852 3181 994 3258 presidiis
1015 3181 1206 3254 Hannibalis,
1227 3181 1323 3257 quain

272 3290 393 3348 urbibus
419 3287 581 3358 habebant,
618 3285 790 3344 dediderunt
817 3305 899 3360 sess,
933 3287 1150 3362 clementerque
1176 3308 1197 3347 a
1224 3285 1322 3346 consule

272 3415 338 3454 cum
371 3395 526 3453 verborum
561 3401 673 3450 tantum
707 3388 899 3464 castigatione
926 3391 964 3450 ob
1000 3410 1129 3450 errorem
1165 3394 1321 3470 praeteritum

240 3500 383 3576 {incoepti
413 3507 493 3569 sunt,
530 3506 558 3557 et
586 3497 706 3556 Bruttiis
733 3495 834 3553 similis
855 3514 922 3573 spes
944 3498 1036 3556 venia
1057 3498 1138 3558 facta
1159 3510 1217 3572 est,
1250 3515 1319 3573 qnnn

273 3607 310 3663 ab
332 3606 367 3662 iis
389 3605 494 3663 Vibius
516 3612 545 3662 et
565 3603 689 3662 Paccius
711 3602 832 3674 fratres,
854 3603 941 3680 longe
961 3604 1135 3662 nobilissimi
1156 3606 1248 3680 gentis
1266 3603 1319 3661 eia

273 3710 404 3781 eandem,
427 3729 491 3786 qum
504 3710 575 3767 data
591 3708 716 3767 Lucanis
732 3717 803 3780 erat,
826 3709 1025 3768 condicionem
1040 3709 1196 3768 deditionis
1211 3717 1318 3787 patente

241 3814 428 3877 ivenissent.
475 3815 512 3889 Q.
528 3815 639 3874 Fabius
654 3814 755 3872 consul
769 3815 907 3891 oppidum
923 3817 950 3872 in
970 3815 1138 3875 Sallentinis
1156 3815 1317 3876 Manduriam

273 3920 303 3976 vi
341 3920 433 3996 cepit3
476 3921 517 3978 ibi
547 3920 584 3977 ad
617 3919 673 3977 tria
710 3920 800 3978 millia
844 3921 993 3979 hominnm
1034 3931 1122 3997 capta
1165 3931 1193 3980 et
1236 3931 1316 3978 cetera

273 4025 378 4099 praeda
401 4023 591 4099 aliquantum.
634 4023 707 4082 [nde
727 4025 888 4084 Tarentum
903 4026 1051 4102 profectus
1071 4027 1101 4084 in
1119 4026 1190 4104 ipsis
1207 4026 1316 4085 faucibus
