2812 4556
301 251 339 308 22
507 299 509 306 a
578 249 657 300 Liber
673 250 748 300 xxi.
786 250 836 313 (A.
848 265 873 305 u.
888 266 911 304 c.
927 249 997 314 ⁶86)

228 432 354 506 5Quam
380 439 413 488 ut
441 431 478 488 de
506 432 642 490 Rhodani
672 452 788 508 quoque
811 434 933 492 transitu
967 433 1079 507 agitare
1107 430 1344 500 animadvertit,

257 537 394 606 incertus,
416 553 542 609 quonam
572 535 599 592 ei
619 535 684 594 loco
712 547 888 609 occurreret,
910 538 1032 596 necdum
1055 538 1126 595 satis
1147 535 1283 594 refectis
1307 537 1344 590 ab
1383 555 1387 560 ·

219 655 223 664 ’
258 639 415 698 iactatione
437 641 756 713 maritima-militibus,
785 651 929 702 trecentos
954 643 1067 700 interim
1091 643 1229 700 delectos
1258 639 1342 714 eqni·

257 751 301 802 tes
323 744 443 802 ducibus
458 745 687 803 Massiliensibus
710 756 739 804 at
760 747 949 806 auxiliaribus
964 747 1058 806 Gallis
1081 748 1120 804 ad
1142 745 1345 822 exploranda

227 846 357 908 domnia
371 848 564 923 visendosque
586 869 624 907 ex
644 857 708 906 tuto
722 852 822 907 hostes
841 852 996 926 praemittit.
1040 851 1203 922 Hannibal,
1231 849 1343 907 ceteris

259 961 338 1010 metu
360 961 411 1008 aut
432 953 525 1027 pretio
546 953 668 1028 pacatis,
690 955 747 1011 iam
770 955 800 1012 in
822 955 981 1012 Volcarum
1010 965 1185 1030 pervenerat
1217 969 1343 1028 agrurn,

258 1056 352 1131 gentis
374 1057 488 1116 validas.
532 1056 639 1114 Colunt
661 1071 757 1117 autam
780 1060 857 1117 circa
879 1067 1032 1133 utramque
1053 1059 1148 1134 ripam
1172 1056 1343 1121 Rhodani;
1392 1089 1393 1094 κ

259 1161 311 1220 sed
334 1159 430 1231 diffisi,
452 1160 584 1220 citeriore
607 1181 679 1237 agro
702 1164 796 1222 arceri
817 1166 939 1222 Poenum
962 1181 1063 1239 possa,
1087 1172 1119 1218 ut
1139 1165 1260 1220 flumen
1285 1179 1341 1235 pro
1392 1169 1393 1180 ¹

258 1267 437 1324 munimento
459 1267 608 1339 haberent,
629 1269 762 1325 omnibus
777 1250 949 1325 fermsssuis
971 1277 1051 1325 trans
1066 1267 1251 1326 Rhodanum
1278 1275 1342 1320 tra·
1392 1311 1393 1328 2

228 1371 339 1432 riaetis
355 1370 520 1428 ulteriorem
534 1371 627 1446 ripam
644 1373 738 1428 amnis
753 1373 841 1429 armis
857 1373 1034 1431 obtinebant.
1072 1371 1192 1429 Ceteros
1208 1369 1340 1427 accolas

257 1475 383 1532 fluminis
405 1475 556 1532 Hannibal
584 1486 613 1534 et
642 1495 741 1534 eorum
763 1477 910 1552 ipsorum,
928 1495 1001 1550 quos
1029 1477 1113 1532 sedes
1135 1495 1196 1532 suae
1228 1485 1339 1532 tenue·
1392 1487 1393 1492 ’

257 1588 338 1648 rant,
361 1579 447 1635 simul
468 1581 575 1656 pellicit
596 1582 679 1638 donis
707 1581 744 1637 od
765 1599 856 1638 naves
887 1584 1013 1657 undique
1042 1580 1263 1638 contrahendas
1287 1577 1337 1632 fa·

258 1683 485 1758 bricandasque,
507 1685 593 1742 simul
613 1693 642 1740 et
662 1685 718 1760 ipsi
744 1685 838 1743 traiioi
866 1683 1023 1742 exercitum
1058 1685 1208 1758 levarique
1240 1698 1334 1755 quarn
1392 1761 1393 1768 ἵ

163 1807 172 1818 ·
258 1789 383 1864 primum
404 1788 553 1863 regionem
581 1809 664 1848 suam
687 1799 769 1848 tanta
790 1790 939 1848 homiuum
970 1799 1090 1865 urgent-e
1118 1791 1205 1846 turba
1228 1785 1335 1860 cupie-

226 1894 340 1956 8bant.
384 1895 490 1968 Itaque
511 1894 611 1968 ingens
627 1905 730 1952 coacta
750 1895 795 1951 via
816 1895 933 1956 navium
950 1904 994 1951 est
1008 1895 1194 1968 lintriumque
1217 1905 1333 1948 terruere

258 2000 297 2055 ad
318 1999 470 2056 vicinalem
492 2017 575 2056 usum
605 2009 789 2073 paratarum
819 2017 970 2074 novasque
992 2000 1065 2056 alias
1092 1999 1217 2074 primunr
1246 1992 1331 2054 Galli

227 2103 430 2170 9iuchoantea
462 2105 610 2160 cavabant
644 2123 681 2160 ex
714 2104 833 2178 singulis
868 2105 1037 2174 arboribus,
1070 2103 1174 2160 deinde
1207 2111 1236 2158 at
1273 2096 1333 2172 ipsi
1392 2129 1393 2162 t

258 2209 379 2280 milites,
407 2207 493 2264 simul
523 2207 619 2281 copia*
635 2209 771 2279 materias,
805 2209 890 2266 simul
917 2207 1056 2264 facilitate
1087 2207 1185 2282 operis
1206 2200 1330 2268 inducti,

257 2313 357 2370 alveos
378 2313 526 2378 informes,
551 2311 630 2382 nihil,
653 2312 809 2369 dummodo
832 2313 933 2370 inuare
955 2309 1039 2387 a'quae
1059 2322 1088 2370 et
1108 2329 1213 2386 capere
1236 2323 1332 2365 onera
1392 2319 1393 2359 2

259 2427 387 2493 possent,
409 2425 552 2487 curantes,
574 2417 691 2492 raptim,
718 2418 822 2491 quibus
844 2435 875 2474 se
897 2435 1008 2492 suaque
1028 2417 1260 2483 transveherent,
1284 2410 1331 2466 fa-

162 2527 206 2595 27
259 2524 384 2582 ciebant.
432 2523 556 2596 lemque
583 2523 717 2578 omnibus
744 2523 816 2580 satis
847 2522 1023 2598 comparatis
1051 2523 1089 2578 ad
1114 2516 1331 2580 traiicieudum,

260 2630 409 2686 terrebant
436 2645 473 2683 ex
507 2625 631 2682 adverso
660 2627 772 2697 hostes,
807 2621 921 2684 omnem
951 2628 1045 2702 ripam
1074 2627 1185 2699 equites
1212 2623 1328 2694 virique

226 2733 430 2805 2obtinentes.
482 2730 562 2803 Quos
587 2741 621 2786 ut
650 2741 807 2802 averteret,
836 2734 1009 2790 Hannonem
1033 2730 1207 2788 Bomilcaris
1234 2727 1327 2784 filium

170 2911 175 2918 Ι
260 2838 362 2912 vigilia
382 2836 478 2912 prima
506 2836 600 2894 noctis
632 2855 696 2894 cum
724 2846 806 2912 parte
828 2838 993 2912 copiarum,
1024 2837 1151 2894 maxime
1174 2831 1325 2924 Hispanis,

228 2942 383 3006 3adverso
406 2941 522 2996 flumine
545 2941 587 2998 ire
609 2941 663 2998 iter
686 2942 769 3000 unius
791 2943 848 3000 diei
867 2943 948 2999 iubet
969 2951 1012 3012 et,
1036 2941 1085 3001 ubi
1107 2941 1232 3016 primum
1254 2953 1324 3014 pos-

259 3046 309 3116 sin.
328 3065 416 3120 quam
439 3045 630 3103 occultissime
652 3048 772 3104 traiecto
796 3047 889 3128 amru}
911 3047 1124 3104 circumducere
1147 3063 1261 3120 agmen,
1284 3049 1325 3108 ul,

228 3164 349 3224 squam
371 3168 444 3224 opus
465 3149 545 3208 facto
567 3152 613 3221 sit,
636 3151 786 3208 adoriatur
810 3153 847 3209 ab
869 3160 951 3225 tergo
973 3151 1095 3208 hostem.
1138 3151 1189 3207 Ad
1212 3149 1241 3205 id
1263 3147 1323 3206 dati

259 3253 346 3310 duces
376 3253 457 3312 Galli
487 3255 623 3326 edocent,
656 3257 722 3312 inde
755 3255 846 3312 millia
875 3255 1001 3330 quinque
1034 3265 1062 3322 et
1096 3256 1199 3331 viginti
1234 3257 1323 3314 ferma

259 3375 347 3432 supra
371 3378 470 3435 parvae
491 3361 591 3417 insulae
612 3360 816 3420 circumfusum
839 3379 952 3420 amnem
969 3362 1080 3432 latiore,
1102 3363 1152 3420 ubi
1174 3363 1324 3420 divideba-

229 3473 316 3534 5tur‚
339 3483 431 3541 coque
457 3467 550 3524 minus
572 3467 632 3524 alto
656 3466 740 3523 alveo
763 3467 914 3522 transitum
937 3467 1097 3523 ostendere.
1148 3468 1195 3524 lbi
1218 3467 1320 3544 raptim

260 3587 336 3626 crasa
371 3573 493 3630 materia
519 3581 656 3646 ratesque
682 3571 848 3640 fabricatae,
880 3569 910 3626 iu
938 3570 1042 3643 quibus
1066 3573 1133 3644 equi
1161 3574 1273 3648 virique
1294 3578 1319 3625 et

261 3675 320 3731 alia
349 3694 439 3733 onera
465 3676 687 3737 traiicereutur.t
726 3676 854 3752 Hispani
882 3676 945 3732 sina
971 3675 1032 3732 ulla
1064 3675 1154 3747 mole,
1186 3678 1216 3734 in
1245 3688 1320 3735 utres

260 3781 440 3841 vestimentis
459 3782 605 3851 coniectis,
627 3782 682 3856 ipsi
707 3781 799 3838 caetris
821 3779 1010 3857 superpositis
1032 3781 1202 3840 incubantes
1218 3786 1319 3840 flumen

228 3893 424 3947 btranavcra.
467 3887 507 3945 Et
527 3888 600 3946 alius
623 3886 766 3944 exercitus
784 3888 896 3944 ratibus
911 3887 1023 3943 'iunctis
1045 3889 1190 3960 traiectus,
1222 3889 1321 3948 castris
1389 3893 1392 3928 l

259 4013 351 4070 prope
381 3995 488 4050 flumen
520 3992 638 4067 positis,
671 4002 812 4050 nocturno
844 3991 945 4048 itinera
976 3999 1063 4065 atque
1093 3993 1190 4069 operis
1223 3995 1319 4052 labore
