<?xml version="1.0" encoding="UTF-8"?>
<!DOCTYPE html PUBLIC "-//W3C//DTD XHTML 1.0 Transitional//EN"
    "http://www.w3.org/TR/xhtml1/DTD/xhtml1-transitional.dtd">
<html xmlns="http://www.w3.org/1999/xhtml" xml:lang="en" lang="en">
 <head>
  <title>
</title>
<meta http-equiv="Content-Type" content="text/html;charset=utf-8" />
  <meta name='ocr-system' content='tesseract 3.04.00' />
  <meta name='ocr-capabilities' content='ocr_page ocr_carea ocr_par ocr_line ocrx_word'/>
</head>
<body>
  <div class='ocr_page' id='page_1' title='image "./titiliviihistor01ussigoog/titiliviihistor01ussigoog_0275.png"; bbox 0 0 2674 4542; ppageno 0'>
   <div class='ocr_carea' id='block_1_1' title="bbox 310 235 1023 300">
    <p class='ocr_par' dir='ltr' id='par_1_1' title="bbox 310 235 1023 300">
     <span class='ocr_line' id='line_1_1' title="bbox 310 235 1023 300; baseline -0.013 -6"><span class='ocrx_word' id='word_1_1' title='bbox 310 237 371 294; x_wconf 74' lang='lat'><strong>2³4</strong></span> <span class='ocrx_word' id='word_1_2' title='bbox 582 235 661 286; x_wconf 87' lang='lat' dir='ltr'><strong>leer</strong></span> <span class='ocrx_word' id='word_1_3' title='bbox 679 235 768 290; x_wconf 77' lang='lat' dir='ltr'>XXV.</span> <span class='ocrx_word' id='word_1_4' title='bbox 809 235 858 299; x_wconf 84' lang='grc' dir='ltr'><strong>(Δ.</strong></span> <span class='ocrx_word' id='word_1_5' title='bbox 871 251 898 284; x_wconf 92' lang='grc' dir='ltr'><strong>ιι.</strong></span> <span class='ocrx_word' id='word_1_6' title='bbox 911 251 933 286; x_wconf 92' lang='lat' dir='ltr'><strong>e.</strong></span> <span class='ocrx_word' id='word_1_7' title='bbox 946 235 1023 300; x_wconf 73' lang='lat' dir='ltr'><strong>w.)</strong></span> 
     </span>
    </p>
   </div>
   <div class='ocr_carea' id='block_1_2' title="bbox 235 417 1330 3220">
    <p class='ocr_par' dir='ltr' id='par_1_2' title="bbox 235 417 1330 3220">
     <span class='ocr_line' id='line_1_2' title="bbox 268 417 1282 496; baseline -0.001 -21"><span class='ocrx_word' id='word_1_8' title='bbox 268 418 395 496; x_wconf 77' lang='lat' dir='ltr'><strong>praealtis</strong></span> <span class='ocrx_word' id='word_1_9' title='bbox 414 419 534 494; x_wconf 83' lang='lat' dir='ltr'>rupibus</span> <span class='ocrx_word' id='word_1_10' title='bbox 556 427 586 477; x_wconf 90' lang='lat' dir='ltr'><strong>et</strong></span> <span class='ocrx_word' id='word_1_11' title='bbox 609 421 646 477; x_wconf 88' lang='lat' dir='ltr'><strong>ab</strong></span> <span class='ocrx_word' id='word_1_12' title='bbox 668 419 734 495; x_wconf 87' lang='lat' dir='ltr'><strong>ipsa</strong></span> <span class='ocrx_word' id='word_1_13' title='bbox 747 420 820 477; x_wconf 88' lang='lat' dir='ltr'><strong>urbe</strong></span> <span class='ocrx_word' id='word_1_14' title='bbox 841 435 924 477; x_wconf 85' lang='lat' dir='ltr'><strong>rnuro</strong></span> <span class='ocrx_word' id='word_1_15' title='bbox 946 427 975 476; x_wconf 86' lang='lat' dir='ltr'><strong>et</strong></span> <span class='ocrx_word' id='word_1_16' title='bbox 988 417 1072 476; x_wconf 82' lang='lat' dir='ltr'><strong>fossa</strong></span> <span class='ocrx_word' id='word_1_17' title='bbox 1088 417 1198 494; x_wconf 77' lang='lat' dir='ltr'><strong>ingenti</strong></span> <span class='ocrx_word' id='word_1_18' title='bbox 1219 442 1282 465; x_wconf 58' lang='lat' dir='ltr'>w</span> 
     </span>
     <span class='ocr_line' id='line_1_3' title="bbox 237 519 1258 600; baseline -0.005 -18"><span class='ocrx_word' id='word_1_19' title='bbox 237 519 389 596; x_wconf 81' lang='lat' dir='ltr'><strong>2videret,</strong></span> <span class='ocrx_word' id='word_1_20' title='bbox 407 542 500 599; x_wconf 88' lang='lat' dir='ltr'><strong>eoque</strong></span> <span class='ocrx_word' id='word_1_21' title='bbox 522 543 576 582; x_wconf 87' lang='lat' dir='ltr'><strong>nee</strong></span> <span class='ocrx_word' id='word_1_22' title='bbox 596 524 627 581; x_wconf 83' lang='lat' dir='ltr'><strong>vi</strong></span> <span class='ocrx_word' id='word_1_23' title='bbox 648 543 701 582; x_wconf 90' lang='lat' dir='ltr'><strong>neo</strong></span> <span class='ocrx_word' id='word_1_24' title='bbox 725 524 862 600; x_wconf 88' lang='lat' dir='ltr'><strong>operibus</strong></span> <span class='ocrx_word' id='word_1_25' title='bbox 886 525 1117 600; x_wconf 79' lang='lat' dir='ltr'><strong>expugnabilem</strong></span> <span class='ocrx_word' id='word_1_26' title='bbox 1140 541 1211 592; x_wconf 81' lang='lat' dir='ltr'><strong>esse,</strong></span> <span class='ocrx_word' id='word_1_27' title='bbox 1228 541 1258 577; x_wconf 88' lang='lat' dir='ltr'><strong>ne</strong></span> 
     </span>
     <span class='ocr_line' id='line_1_4' title="bbox 268 628 1245 706; baseline -0.004 -19"><span class='ocrx_word' id='word_1_28' title='bbox 268 647 301 688; x_wconf 90' lang='lat' dir='ltr'><strong>se</strong></span> <span class='ocrx_word' id='word_1_29' title='bbox 320 630 415 706; x_wconf 88' lang='lat' dir='ltr'><strong>ipsum</strong></span> <span class='ocrx_word' id='word_1_30' title='bbox 438 648 509 689; x_wconf 87' lang='lat' dir='ltr'><strong>eura</strong></span> <span class='ocrx_word' id='word_1_31' title='bbox 522 628 622 686; x_wconf 87' lang='lat' dir='ltr'><strong>tuendi</strong></span> <span class='ocrx_word' id='word_1_32' title='bbox 638 629 814 686; x_wconf 88' lang='lat' dir='ltr'><strong>Tarentinos</strong></span> <span class='ocrx_word' id='word_1_33' title='bbox 836 648 856 685; x_wconf 90' lang='lat' dir='ltr'><strong>a</strong></span> <span class='ocrx_word' id='word_1_34' title='bbox 880 631 1038 688; x_wconf 87' lang='lat' dir='ltr'><strong>maioribus</strong></span> <span class='ocrx_word' id='word_1_35' title='bbox 1059 631 1156 688; x_wconf 89' lang='lat' dir='ltr'><strong>rebus</strong></span> <span class='ocrx_word' id='word_1_36' title='bbox 1170 644 1245 684; x_wconf 85' lang='lat' dir='ltr'><strong>mora</strong></span> 
     </span>
     <span class='ocr_line' id='line_1_5' title="bbox 241 733 1261 812; baseline -0.004 -20"><span class='ocrx_word' id='word_1_37' title='bbox 241 745 320 812; x_wconf 37' lang='lat' dir='ltr'><strong>‚aot</strong></span> <span class='ocrx_word' id='word_1_38' title='bbox 344 735 375 792; x_wconf 90' lang='lat' dir='ltr'><strong>in</strong></span> <span class='ocrx_word' id='word_1_39' title='bbox 401 735 517 794; x_wconf 82' lang='lat' dir='ltr'><strong>relictos</strong></span> <span class='ocrx_word' id='word_1_40' title='bbox 547 734 609 791; x_wconf 90' lang='lat' dir='ltr'><strong>sine</strong></span> <span class='ocrx_word' id='word_1_41' title='bbox 639 733 738 790; x_wconf 82' lang='lat' dir='ltr'><strong>valido</strong></span> <span class='ocrx_word' id='word_1_42' title='bbox 759 734 894 809; x_wconf 81' lang='lat' dir='ltr'><strong>praesidio</strong></span> <span class='ocrx_word' id='word_1_43' title='bbox 923 735 1104 793; x_wconf 86' lang='lat' dir='ltr'><strong>Tarentinos</strong></span> <span class='ocrx_word' id='word_1_44' title='bbox 1134 734 1261 808; x_wconf 82' lang='lat' dir='ltr'><strong>impetam</strong></span> 
     </span>
     <span class='ocr_line' id='line_1_6' title="bbox 270 833 1285 914; baseline -0.005 -18"><span class='ocrx_word' id='word_1_45' title='bbox 270 858 346 910; x_wconf 87' lang='lat' dir='ltr'><strong>aree,</strong></span> <span class='ocrx_word' id='word_1_46' title='bbox 368 857 456 914; x_wconf 89' lang='lat' dir='ltr'><strong>quum</strong></span> <span class='ocrx_word' id='word_1_47' title='bbox 478 839 594 908; x_wconf 74' lang='lat' dir='ltr'><strong>vellant,</strong></span> <span class='ocrx_word' id='word_1_48' title='bbox 609 838 735 896; x_wconf 88' lang='lat' dir='ltr'><strong>Romani</strong></span> <span class='ocrx_word' id='word_1_49' title='bbox 756 837 895 912; x_wconf 82' lang='lat' dir='ltr'><strong>iacerent,</strong></span> <span class='ocrx_word' id='word_1_50' title='bbox 916 839 995 897; x_wconf 88' lang='lat' dir='ltr'><strong>vallo</strong></span> <span class='ocrx_word' id='word_1_51' title='bbox 1016 841 1125 896; x_wconf 88' lang='lat' dir='ltr'><strong>urbem</strong></span> <span class='ocrx_word' id='word_1_52' title='bbox 1149 839 1189 894; x_wconf 86' lang='lat' dir='ltr'><strong>ab</strong></span> <span class='ocrx_word' id='word_1_53' title='bbox 1210 833 1285 893; x_wconf 85' lang='lat' dir='ltr'><strong>aroe&#39;</strong></span> 
     </span>
     <span class='ocr_line' id='line_1_7' title="bbox 239 937 1282 1021; baseline -0.007 -18"><span class='ocrx_word' id='word_1_54' title='bbox 239 937 417 1021; x_wconf 73' lang='lat' dir='ltr'><strong>3tersepire</strong></span> <span class='ocrx_word' id='word_1_55' title='bbox 437 943 553 1013; x_wconf 81' lang='lat' dir='ltr'><strong>statuit,</strong></span> <span class='ocrx_word' id='word_1_56' title='bbox 583 960 641 998; x_wconf 88' lang='lat' dir='ltr'><strong>non</strong></span> <span class='ocrx_word' id='word_1_57' title='bbox 663 942 725 1000; x_wconf 91' lang='lat' dir='ltr'><strong>sine</strong></span> <span class='ocrx_word' id='word_1_58' title='bbox 750 942 801 999; x_wconf 89' lang='lat' dir='ltr'><strong>illa</strong></span> <span class='ocrx_word' id='word_1_59' title='bbox 821 944 908 1002; x_wconf 85' lang='lat' dir='ltr'><strong>etiam</strong></span> <span class='ocrx_word' id='word_1_60' title='bbox 931 962 998 1020; x_wconf 87' lang='lat' dir='ltr'><strong>spe,</strong></span> <span class='ocrx_word' id='word_1_61' title='bbox 1026 963 1094 1002; x_wconf 88' lang='lat' dir='ltr'><strong>oum</strong></span> <span class='ocrx_word' id='word_1_62' title='bbox 1119 941 1282 1018; x_wconf 87' lang='lat' dir='ltr'><strong>prohibenti</strong></span> 
     </span>
     <span class='ocr_line' id='line_1_8' title="bbox 268 1048 1329 1126; baseline -0.006 -20"><span class='ocrx_word' id='word_1_63' title='bbox 268 1067 342 1126; x_wconf 91' lang='lat' dir='ltr'><strong>opus</strong></span> <span class='ocrx_word' id='word_1_64' title='bbox 363 1050 505 1108; x_wconf 88' lang='lat' dir='ltr'><strong>Romanis</strong></span> <span class='ocrx_word' id='word_1_65' title='bbox 526 1066 644 1105; x_wconf 84' lang='lat' dir='ltr'><strong>inanum</strong></span> <span class='ocrx_word' id='word_1_66' title='bbox 666 1066 754 1122; x_wconf 89' lang='lat' dir='ltr'><strong>posse</strong></span> <span class='ocrx_word' id='word_1_67' title='bbox 775 1052 889 1107; x_wconf 88' lang='lat' dir='ltr'><strong>oonseri</strong></span> <span class='ocrx_word' id='word_1_68' title='bbox 910 1059 953 1116; x_wconf 82' lang='lat' dir='ltr'><strong>et,</strong></span> <span class='ocrx_word' id='word_1_69' title='bbox 981 1049 1005 1106; x_wconf 93' lang='lat' dir='ltr'><strong>si</strong></span> <span class='ocrx_word' id='word_1_70' title='bbox 1026 1048 1164 1106; x_wconf 85' lang='lat' dir='ltr'><strong>ferocius</strong></span> <span class='ocrx_word' id='word_1_71' title='bbox 1186 1065 1291 1122; x_wconf 85' lang='lat' dir='ltr'><strong>procu</strong></span> <span class='ocrx_word' id='word_1_72' title='bbox 1328 1075 1329 1080; x_wconf 79' lang='lat'>¹</span> 
     </span>
     <span class='ocr_line' id='line_1_9' title="bbox 266 1137 1329 1230; baseline -0.004 -20"><span class='ocrx_word' id='word_1_73' title='bbox 266 1155 379 1225; x_wconf 90' lang='lat' dir='ltr'><strong>rissent,</strong></span> <span class='ocrx_word' id='word_1_74' title='bbox 402 1171 510 1228; x_wconf 80' lang='lat' dir='ltr'><strong>inagna</strong></span> <span class='ocrx_word' id='word_1_75' title='bbox 528 1153 606 1210; x_wconf 76' lang='lat' dir='ltr'><strong>ereda</strong></span> <span class='ocrx_word' id='word_1_76' title='bbox 627 1152 669 1209; x_wconf 81' lang='lat' dir='ltr'><strong>its</strong></span> <span class='ocrx_word' id='word_1_77' title='bbox 691 1137 835 1211; x_wconf 79' lang='lat' dir='ltr'><strong>attenuari</strong></span> <span class='ocrx_word' id='word_1_78' title='bbox 856 1154 982 1230; x_wconf 82' lang='lat' dir='ltr'><strong>praesidii</strong></span> <span class='ocrx_word' id='word_1_79' title='bbox 1005 1152 1103 1222; x_wconf 82' lang='lat' dir='ltr'><strong>vires,</strong></span> <span class='ocrx_word' id='word_1_80' title='bbox 1134 1162 1170 1209; x_wconf 90' lang='lat' dir='ltr'><strong>ut</strong></span> <span class='ocrx_word' id='word_1_81' title='bbox 1191 1150 1284 1208; x_wconf 81' lang='lat' dir='ltr'><strong>iaoile</strong></span> <span class='ocrx_word' id='word_1_82' title='bbox 1328 1195 1329 1206; x_wconf 67' lang='grc'>,</span> 
     </span>
     <span class='ocr_line' id='line_1_10' title="bbox 236 1257 1196 1334; baseline -0.004 -22"><span class='ocrx_word' id='word_1_83' title='bbox 236 1259 299 1315; x_wconf 76' lang='lat' dir='ltr'><strong>lae</strong></span> <span class='ocrx_word' id='word_1_84' title='bbox 326 1258 382 1333; x_wconf 90' lang='lat' dir='ltr'><strong>ipsi</strong></span> <span class='ocrx_word' id='word_1_85' title='bbox 404 1259 556 1316; x_wconf 80' lang='lat' dir='ltr'><strong>Tarentini</strong></span> <span class='ocrx_word' id='word_1_86' title='bbox 588 1258 688 1314; x_wconf 89' lang='lat' dir='ltr'><strong>urbem</strong></span> <span class='ocrx_word' id='word_1_87' title='bbox 718 1259 756 1315; x_wconf 86' lang='lat' dir='ltr'><strong>ab</strong></span> <span class='ocrx_word' id='word_1_88' title='bbox 784 1259 820 1315; x_wconf 89' lang='lat' dir='ltr'><strong>iis</strong></span> <span class='ocrx_word' id='word_1_89' title='bbox 841 1259 917 1315; x_wconf 89' lang='lat' dir='ltr'><strong>tueri</strong></span> <span class='ocrx_word' id='word_1_90' title='bbox 947 1268 1076 1334; x_wconf 79' lang='lat' dir='ltr'><strong>possent.</strong></span> <span class='ocrx_word' id='word_1_91' title='bbox 1130 1257 1290 1329; x_wconf 89' lang='lat' dir='ltr'><strong>Ubi</strong></span> 
     </span>
     <span class='ocr_line' id='line_1_11' title="bbox 267 1359 1296 1439; baseline -0.005 -19"><span class='ocrx_word' id='word_1_92' title='bbox 267 1379 342 1438; x_wconf 91' lang='lat' dir='ltr'><strong>opus</strong></span> <span class='ocrx_word' id='word_1_93' title='bbox 364 1370 416 1432; x_wconf 78' lang='lat' dir='ltr'><strong>est,</strong></span> <span class='ocrx_word' id='word_1_94' title='bbox 438 1361 587 1437; x_wconf 83' lang='lat' dir='ltr'><strong>patefacta</strong></span> <span class='ocrx_word' id='word_1_95' title='bbox 607 1373 726 1436; x_wconf 89' lang='lat' dir='ltr'><strong>repente</strong></span> <span class='ocrx_word' id='word_1_96' title='bbox 746 1372 842 1439; x_wconf 74' lang='lat' dir='ltr'><strong>porta,</strong></span> <span class='ocrx_word' id='word_1_97' title='bbox 863 1365 1003 1438; x_wconf 89' lang='lat' dir='ltr'><strong>impetum</strong></span> <span class='ocrx_word' id='word_1_98' title='bbox 1021 1364 1053 1420; x_wconf 91' lang='lat' dir='ltr'><strong>in</strong></span> <span class='ocrx_word' id='word_1_99' title='bbox 1073 1364 1241 1420; x_wconf 81' lang='lat' dir='ltr'><strong>munientes</strong></span> <span class='ocrx_word' id='word_1_100' title='bbox 1258 1359 1296 1415; x_wconf 51' lang='lat' dir='ltr'><strong>f„</strong></span> 
     </span>
     <span class='ocr_line' id='line_1_12' title="bbox 266 1465 1304 1545; baseline -0.002 -19"><span class='ocrx_word' id='word_1_101' title='bbox 266 1478 334 1526; x_wconf 90' lang='lat' dir='ltr'><strong>runt</strong></span> <span class='ocrx_word' id='word_1_102' title='bbox 354 1467 489 1537; x_wconf 80' lang='lat' dir='ltr'><strong>Romani,</strong></span> <span class='ocrx_word' id='word_1_103' title='bbox 508 1465 633 1541; x_wconf 91' lang='lat' dir='ltr'><strong>pellique</strong></span> <span class='ocrx_word' id='word_1_104' title='bbox 655 1484 686 1523; x_wconf 90' lang='lat' dir='ltr'><strong>se</strong></span> <span class='ocrx_word' id='word_1_105' title='bbox 701 1469 787 1525; x_wconf 88' lang='lat' dir='ltr'><strong>statio</strong></span> <span class='ocrx_word' id='word_1_106' title='bbox 809 1486 899 1545; x_wconf 89' lang='lat' dir='ltr'><strong>passa</strong></span> <span class='ocrx_word' id='word_1_107' title='bbox 920 1476 973 1537; x_wconf 87' lang='lat' dir='ltr'><strong>est,</strong></span> <span class='ocrx_word' id='word_1_108' title='bbox 995 1486 1061 1541; x_wconf 83' lang='lat' dir='ltr'><strong>quae</strong></span> <span class='ocrx_word' id='word_1_109' title='bbox 1081 1487 1142 1542; x_wconf 91' lang='lat' dir='ltr'><strong>pro</strong></span> <span class='ocrx_word' id='word_1_110' title='bbox 1166 1486 1268 1544; x_wconf 83' lang='lat' dir='ltr'><strong>opere</strong></span> <span class='ocrx_word' id='word_1_111' title='bbox 1295 1493 1304 1501; x_wconf 79' lang='lat'><strong>¹¹</strong></span> 
     </span>
     <span class='ocr_line' id='line_1_13' title="bbox 266 1571 1289 1649; baseline -0.003 -21"><span class='ocrx_word' id='word_1_112' title='bbox 266 1581 299 1628; x_wconf 91' lang='lat' dir='ltr'><strong>ut</strong></span> <span class='ocrx_word' id='word_1_113' title='bbox 319 1589 453 1629; x_wconf 85' lang='lat' dir='ltr'><strong>successu</strong></span> <span class='ocrx_word' id='word_1_114' title='bbox 477 1581 619 1629; x_wconf 78' lang='lat' dir='ltr'>cresceret</span> <span class='ocrx_word' id='word_1_115' title='bbox 640 1572 764 1628; x_wconf 80' lang='lat' dir='ltr'><strong>audacia</strong></span> <span class='ocrx_word' id='word_1_116' title='bbox 784 1571 939 1646; x_wconf 80' lang='lat' dir='ltr'><strong>pluresque</strong></span> <span class='ocrx_word' id='word_1_117' title='bbox 960 1581 989 1629; x_wconf 90' lang='lat' dir='ltr'><strong>et</strong></span> <span class='ocrx_word' id='word_1_118' title='bbox 1009 1572 1129 1648; x_wconf 83' lang='lat' dir='ltr'><strong>longius</strong></span> <span class='ocrx_word' id='word_1_119' title='bbox 1152 1573 1249 1649; x_wconf 88' lang='lat' dir='ltr'><strong>pulsos</strong></span> <span class='ocrx_word' id='word_1_120' title='bbox 1265 1589 1289 1643; x_wconf 67' lang='lat' dir='ltr'><strong>p:</strong></span> 
     </span>
     <span class='ocr_line' id='line_1_14' title="bbox 237 1661 1294 1752; baseline -0.002 -21"><span class='ocrx_word' id='word_1_121' title='bbox 237 1676 464 1750; x_wconf 77' lang='lat' dir='ltr'><strong>bsequerentur.</strong></span> <span class='ocrx_word' id='word_1_122' title='bbox 521 1677 599 1734; x_wconf 85' lang='lat' dir='ltr'><strong>Tum</strong></span> <span class='ocrx_word' id='word_1_123' title='bbox 631 1676 715 1750; x_wconf 87' lang='lat' dir='ltr'><strong>signo</strong></span> <span class='ocrx_word' id='word_1_124' title='bbox 751 1676 821 1732; x_wconf 90' lang='lat' dir='ltr'><strong>dato</strong></span> <span class='ocrx_word' id='word_1_125' title='bbox 855 1674 947 1734; x_wconf 84' lang='lat' dir='ltr'><strong>coorti</strong></span> <span class='ocrx_word' id='word_1_126' title='bbox 976 1661 1106 1752; x_wconf 87' lang='lat' dir='ltr'><strong>undique</strong></span> <span class='ocrx_word' id='word_1_127' title='bbox 1142 1677 1228 1736; x_wconf 86' lang='lat' dir='ltr'><strong>Poeni</strong></span> <span class='ocrx_word' id='word_1_128' title='bbox 1256 1693 1294 1729; x_wconf 66' lang='lat' dir='ltr'><strong>so</strong></span> 
     </span>
     <span class='ocr_line' id='line_1_15' title="bbox 268 1777 1329 1855; baseline 0.001 -18"><span class='ocrx_word' id='word_1_129' title='bbox 268 1799 341 1855; x_wconf 90' lang='lat' dir='ltr'><strong>qnos</strong></span> <span class='ocrx_word' id='word_1_130' title='bbox 363 1781 518 1839; x_wconf 84' lang='lat' dir='ltr'><strong>instructos</strong></span> <span class='ocrx_word' id='word_1_131' title='bbox 540 1781 578 1838; x_wconf 85' lang='lat' dir='ltr'><strong>ad</strong></span> <span class='ocrx_word' id='word_1_132' title='bbox 600 1783 656 1838; x_wconf 89' lang='lat' dir='ltr'><strong>hoo</strong></span> <span class='ocrx_word' id='word_1_133' title='bbox 678 1780 828 1837; x_wconf 81' lang='lat' dir='ltr'><strong>Hannibal</strong></span> <span class='ocrx_word' id='word_1_134' title='bbox 849 1788 994 1850; x_wconf 80' lang='lat' dir='ltr'><strong>tenuerat3</strong></span> <span class='ocrx_word' id='word_1_135' title='bbox 1018 1799 1072 1837; x_wconf 88' lang='lat' dir='ltr'><strong>nee</strong></span> <span class='ocrx_word' id='word_1_136' title='bbox 1094 1777 1287 1838; x_wconf 74' lang='lat' dir='ltr'><strong>sustinuerat</strong></span> <span class='ocrx_word' id='word_1_137' title='bbox 1325 1809 1329 1815; x_wconf 79' lang='lat'>¹</span> 
     </span>
     <span class='ocr_line' id='line_1_16' title="bbox 267 1877 1298 1960; baseline -0.004 -18"><span class='ocrx_word' id='word_1_138' title='bbox 267 1894 365 1960; x_wconf 88' lang='lat' dir='ltr'><strong>petum</strong></span> <span class='ocrx_word' id='word_1_139' title='bbox 389 1885 528 1955; x_wconf 82' lang='lat' dir='ltr'><strong>Romani3</strong></span> <span class='ocrx_word' id='word_1_140' title='bbox 550 1885 601 1942; x_wconf 93' lang='lat' dir='ltr'><strong>sed</strong></span> <span class='ocrx_word' id='word_1_141' title='bbox 623 1886 661 1942; x_wconf 90' lang='lat' dir='ltr'><strong>ab</strong></span> <span class='ocrx_word' id='word_1_142' title='bbox 683 1883 777 1942; x_wconf 85' lang='lat' dir='ltr'><strong>effusa</strong></span> <span class='ocrx_word' id='word_1_143' title='bbox 799 1883 871 1960; x_wconf 79' lang='lat' dir='ltr'><strong>fuga</strong></span> <span class='ocrx_word' id='word_1_144' title='bbox 891 1885 948 1941; x_wconf 89' lang='lat' dir='ltr'><strong>looi</strong></span> <span class='ocrx_word' id='word_1_145' title='bbox 974 1886 1118 1959; x_wconf 87' lang='lat' dir='ltr'><strong>angustiae</strong></span> <span class='ocrx_word' id='word_1_146' title='bbox 1143 1903 1196 1943; x_wconf 87' lang='lat' dir='ltr'><strong>eos</strong></span> <span class='ocrx_word' id='word_1_147' title='bbox 1216 1877 1298 1940; x_wconf 83' lang='lat' dir='ltr'><strong>1m·&#39;¹-·=</strong></span> 
     </span>
     <span class='ocr_line' id='line_1_17' title="bbox 266 1989 1328 2066; baseline -0.006 -20"><span class='ocrx_word' id='word_1_148' title='bbox 266 1995 356 2064; x_wconf 85' lang='lat' dir='ltr'><strong>taque</strong></span> <span class='ocrx_word' id='word_1_149' title='bbox 371 1991 430 2048; x_wconf 88' lang='lat' dir='ltr'><strong>alia</strong></span> <span class='ocrx_word' id='word_1_150' title='bbox 444 2009 532 2066; x_wconf 90' lang='lat' dir='ltr'><strong>opere</strong></span> <span class='ocrx_word' id='word_1_151' title='bbox 554 1990 612 2046; x_wconf 88' lang='lat' dir='ltr'><strong>iam</strong></span> <span class='ocrx_word' id='word_1_152' title='bbox 636 1999 740 2064; x_wconf 65' lang='lat' dir='ltr'><strong>erepto,</strong></span> <span class='ocrx_word' id='word_1_153' title='bbox 763 1989 822 2046; x_wconf 84' lang='lat' dir='ltr'><strong>alia</strong></span> <span class='ocrx_word' id='word_1_154' title='bbox 843 1999 988 2064; x_wconf 89' lang='lat' dir='ltr'><strong>apparatu</strong></span> <span class='ocrx_word' id='word_1_155' title='bbox 1009 1990 1108 2065; x_wconf 90' lang='lat' dir='ltr'><strong>operis</strong></span> <span class='ocrx_word' id='word_1_156' title='bbox 1132 1990 1266 2048; x_wconf 84' lang='lat' dir='ltr'><strong>morabar</strong></span> <span class='ocrx_word' id='word_1_157' title='bbox 1280 2010 1289 2031; x_wconf 69' lang='lat' dir='ltr'><strong>s</strong></span> <span class='ocrx_word' id='word_1_158' title='bbox 1326 2025 1328 2036; x_wconf 74' lang='grc'>,</span> 
     </span>
     <span class='ocr_line' id='line_1_18' title="bbox 237 2075 1330 2170; baseline -0.003 -21"><span class='ocrx_word' id='word_1_159' title='bbox 237 2093 383 2170; x_wconf 77' lang='lat' dir='ltr'><strong>dplurimi</strong></span> <span class='ocrx_word' id='word_1_160' title='bbox 405 2094 435 2150; x_wconf 87' lang='lat' dir='ltr'><strong>in</strong></span> <span class='ocrx_word' id='word_1_161' title='bbox 456 2075 566 2150; x_wconf 75' lang='lat' dir='ltr'><strong>fossam</strong></span> <span class='ocrx_word' id='word_1_162' title='bbox 588 2094 815 2169; x_wconf 77' lang='lat' dir='ltr'><strong>praecipitavere,</strong></span> <span class='ocrx_word' id='word_1_163' title='bbox 836 2093 982 2167; x_wconf 77' lang='lat' dir='ltr'><strong>occisique</strong></span> <span class='ocrx_word' id='word_1_164' title='bbox 1002 2103 1071 2149; x_wconf 90' lang='lat' dir='ltr'><strong>sunt</strong></span> <span class='ocrx_word' id='word_1_165' title='bbox 1092 2095 1195 2169; x_wconf 82' lang='lat' dir='ltr'><strong>plures</strong></span> <span class='ocrx_word' id='word_1_166' title='bbox 1214 2094 1240 2150; x_wconf 91' lang='lat' dir='ltr'><strong>in</strong></span> <span class='ocrx_word' id='word_1_167' title='bbox 1258 2089 1290 2155; x_wconf 71' lang='lat' dir='ltr'><strong>fu:</strong></span> <span class='ocrx_word' id='word_1_168' title='bbox 1329 2130 1330 2136; x_wconf 29' lang='grc' dir='ltr'>ι</span> 
     </span>
     <span class='ocr_line' id='line_1_19' title="bbox 267 2198 1302 2275; baseline -0.004 -20"><span class='ocrx_word' id='word_1_169' title='bbox 267 2217 355 2274; x_wconf 89' lang='lat' dir='ltr'><strong>quam</strong></span> <span class='ocrx_word' id='word_1_170' title='bbox 385 2198 415 2255; x_wconf 91' lang='lat' dir='ltr'><strong>in</strong></span> <span class='ocrx_word' id='word_1_171' title='bbox 442 2216 549 2275; x_wconf 84' lang='lat' dir='ltr'><strong>pugne.</strong></span> <span class='ocrx_word' id='word_1_172' title='bbox 597 2199 671 2256; x_wconf 90' lang='lat' dir='ltr'><strong>Inde</strong></span> <span class='ocrx_word' id='word_1_173' title='bbox 697 2217 771 2274; x_wconf 90' lang='lat' dir='ltr'><strong>opus</strong></span> <span class='ocrx_word' id='word_1_174' title='bbox 802 2199 882 2256; x_wconf 90' lang='lat' dir='ltr'><strong>nullo</strong></span> <span class='ocrx_word' id='word_1_175' title='bbox 910 2198 1082 2274; x_wconf 86' lang='lat' dir='ltr'><strong>prohibente</strong></span> <span class='ocrx_word' id='word_1_176' title='bbox 1111 2201 1178 2257; x_wconf 87' lang='lat' dir='ltr'><strong>fieri</strong></span> <span class='ocrx_word' id='word_1_177' title='bbox 1201 2207 1302 2271; x_wconf 74' lang='lat' dir='ltr'><strong>ceptus</strong></span> 
     </span>
     <span class='ocr_line' id='line_1_20' title="bbox 237 2293 1304 2378; baseline -0.001 -21"><span class='ocrx_word' id='word_1_178' title='bbox 237 2303 362 2360; x_wconf 86' lang='lat' dir='ltr'><strong>7Fossa</strong></span> <span class='ocrx_word' id='word_1_179' title='bbox 382 2293 606 2377; x_wconf 69' lang='lat' dir='ltr'><strong>ingens&#39;duota‚</strong></span> <span class='ocrx_word' id='word_1_180' title='bbox 631 2314 660 2360; x_wconf 90' lang='lat' dir='ltr'><strong>et</strong></span> <span class='ocrx_word' id='word_1_181' title='bbox 680 2304 788 2361; x_wconf 86' lang='lat' dir='ltr'><strong>vallum</strong></span> <span class='ocrx_word' id='word_1_182' title='bbox 810 2304 888 2361; x_wconf 86' lang='lat' dir='ltr'><strong>intra</strong></span> <span class='ocrx_word' id='word_1_183' title='bbox 909 2322 973 2360; x_wconf 88' lang='lat' dir='ltr'><strong>eam</strong></span> <span class='ocrx_word' id='word_1_184' title='bbox 996 2303 1134 2378; x_wconf 82' lang='lat' dir='ltr'><strong>erigitur:</strong></span> <span class='ocrx_word' id='word_1_185' title='bbox 1163 2304 1304 2372; x_wconf 86' lang='lat' dir='ltr'><strong>modieoq</strong></span> 
     </span>
     <span class='ocr_line' id='line_1_21' title="bbox 267 2406 1303 2484; baseline -0.003 -21"><span class='ocrx_word' id='word_1_186' title='bbox 267 2415 334 2482; x_wconf 87' lang='lat' dir='ltr'><strong>post</strong></span> <span class='ocrx_word' id='word_1_187' title='bbox 353 2408 508 2465; x_wconf 75' lang='lat' dir='ltr'><strong>mtervallo</strong></span> <span class='ocrx_word' id='word_1_188' title='bbox 531 2428 644 2465; x_wconf 85' lang='lat' dir='ltr'><strong>murum</strong></span> <span class='ocrx_word' id='word_1_189' title='bbox 667 2409 753 2465; x_wconf 80' lang='lat' dir='ltr'><strong>etiam</strong></span> <span class='ocrx_word' id='word_1_190' title='bbox 777 2410 878 2466; x_wconf 87' lang='lat' dir='ltr'><strong>eadem</strong></span> <span class='ocrx_word' id='word_1_191' title='bbox 901 2407 1020 2482; x_wconf 85' lang='lat' dir='ltr'><strong>regione</strong></span> <span class='ocrx_word' id='word_1_192' title='bbox 1046 2409 1158 2466; x_wconf 79' lang='lat' dir='ltr'><strong>addere</strong></span> <span class='ocrx_word' id='word_1_193' title='bbox 1179 2416 1267 2484; x_wconf 77' lang='lat' dir='ltr'><strong>parat,</strong></span> <span class='ocrx_word' id='word_1_194' title='bbox 1284 2406 1303 2456; x_wconf 79' lang='lat' dir='ltr'><strong>ul</strong></span> 
     </span>
     <span class='ocr_line' id='line_1_22' title="bbox 235 2505 1328 2587; baseline -0.001 -20"><span class='ocrx_word' id='word_1_195' title='bbox 235 2510 314 2568; x_wconf 88' lang='lat' dir='ltr'><strong>8vel</strong></span> <span class='ocrx_word' id='word_1_196' title='bbox 335 2511 397 2570; x_wconf 90' lang='lat' dir='ltr'><strong>sine</strong></span> <span class='ocrx_word' id='word_1_197' title='bbox 419 2513 553 2586; x_wconf 73' lang='lat' dir='ltr'><strong>praesidio</strong></span> <span class='ocrx_word' id='word_1_198' title='bbox 577 2513 650 2570; x_wconf 88' lang='lat' dir='ltr'><strong>tueri</strong></span> <span class='ocrx_word' id='word_1_199' title='bbox 680 2533 712 2571; x_wconf 89' lang='lat' dir='ltr'><strong>se</strong></span> <span class='ocrx_word' id='word_1_200' title='bbox 736 2514 876 2570; x_wconf 88' lang='lat' dir='ltr'><strong>adversus</strong></span> <span class='ocrx_word' id='word_1_201' title='bbox 897 2513 1048 2568; x_wconf 83' lang='lat' dir='ltr'><strong>Romanos</strong></span> <span class='ocrx_word' id='word_1_202' title='bbox 1076 2525 1209 2587; x_wconf 81' lang='lat' dir='ltr'><strong>possent.</strong></span> <span class='ocrx_word' id='word_1_203' title='bbox 1251 2505 1328 2566; x_wconf 73' lang='lat' dir='ltr'><strong>soi·</strong></span> 
     </span>
     <span class='ocr_line' id='line_1_23' title="bbox 267 2615 1302 2693; baseline -0.002 -22"><span class='ocrx_word' id='word_1_204' title='bbox 267 2615 329 2689; x_wconf 88' lang='lat' dir='ltr'><strong>quit</strong></span> <span class='ocrx_word' id='word_1_205' title='bbox 350 2626 447 2672; x_wconf 87' lang='lat' dir='ltr'><strong>tamen</strong></span> <span class='ocrx_word' id='word_1_206' title='bbox 470 2619 615 2674; x_wconf 82' lang='lat' dir='ltr'><strong>modicum</strong></span> <span class='ocrx_word' id='word_1_207' title='bbox 638 2618 818 2692; x_wconf 77' lang='lat' dir='ltr'><strong>praesidium‚</strong></span> <span class='ocrx_word' id='word_1_208' title='bbox 840 2617 926 2681; x_wconf 84' lang='lat' dir='ltr'><strong>simul</strong></span> <span class='ocrx_word' id='word_1_209' title='bbox 947 2626 977 2673; x_wconf 83' lang='lat' dir='ltr'><strong>ut</strong></span> <span class='ocrx_word' id='word_1_210' title='bbox 997 2617 1028 2674; x_wconf 92' lang='lat' dir='ltr'><strong>iu</strong></span> <span class='ocrx_word' id='word_1_211' title='bbox 1049 2619 1228 2693; x_wconf 81' lang='lat' dir='ltr'><strong>perficiendo</strong></span> <span class='ocrx_word' id='word_1_212' title='bbox 1247 2627 1302 2672; x_wconf 83' lang='lat' dir='ltr'><strong>nort</strong></span> 
     </span>
     <span class='ocr_line' id='line_1_24' title="bbox 267 2720 1304 2798; baseline -0.002 -22"><span class='ocrx_word' id='word_1_213' title='bbox 267 2720 431 2790; x_wconf 86' lang='lat' dir='ltr'><strong>adiuvaret;</strong></span> <span class='ocrx_word' id='word_1_214' title='bbox 452 2721 516 2796; x_wconf 89' lang='lat' dir='ltr'><strong>ipse</strong></span> <span class='ocrx_word' id='word_1_215' title='bbox 533 2722 680 2798; x_wconf 81' lang='lat' dir='ltr'><strong>proiectos</strong></span> <span class='ocrx_word' id='word_1_216' title='bbox 695 2741 760 2779; x_wconf 89' lang='lat' dir='ltr'><strong>oum</strong></span> <span class='ocrx_word' id='word_1_217' title='bbox 776 2721 878 2778; x_wconf 81' lang='lat' dir='ltr'><strong>ceteris</strong></span> <span class='ocrx_word' id='word_1_218' title='bbox 893 2722 984 2797; x_wconf 81' lang='lat' dir='ltr'><strong>copiis</strong></span> <span class='ocrx_word' id='word_1_219' title='bbox 1006 2723 1045 2780; x_wconf 89' lang='lat' dir='ltr'><strong>ad</strong></span> <span class='ocrx_word' id='word_1_220' title='bbox 1060 2722 1215 2781; x_wconf 72' lang='lat' dir='ltr'><strong>Galaesum</strong></span> <span class='ocrx_word' id='word_1_221' title='bbox 1227 2722 1304 2778; x_wconf 77' lang='lat' dir='ltr'><strong>fluns</strong></span> 
     </span>
     <span class='ocr_line' id='line_1_25' title="bbox 236 2819 1302 2901; baseline 0.003 -22"><span class='ocrx_word' id='word_1_222' title='bbox 236 2825 407 2898; x_wconf 84' lang='lat' dir='ltr'><strong>9(quinque</strong></span> <span class='ocrx_word' id='word_1_223' title='bbox 428 2825 518 2883; x_wconf 86' lang='lat' dir='ltr'><strong>millia</strong></span> <span class='ocrx_word' id='word_1_224' title='bbox 540 2827 577 2883; x_wconf 90' lang='lat' dir='ltr'><strong>ab</strong></span> <span class='ocrx_word' id='word_1_225' title='bbox 599 2827 671 2883; x_wconf 92' lang='lat' dir='ltr'><strong>urbe</strong></span> <span class='ocrx_word' id='word_1_226' title='bbox 693 2827 787 2899; x_wconf 87' lang='lat' dir='ltr'><strong>abest)</strong></span> <span class='ocrx_word' id='word_1_227' title='bbox 813 2827 911 2901; x_wconf 90' lang='lat' dir='ltr'><strong>posuit</strong></span> <span class='ocrx_word' id='word_1_228' title='bbox 937 2836 1045 2888; x_wconf 86' lang='lat' dir='ltr'><strong>eastra.</strong></span> <span class='ocrx_word' id='word_1_229' title='bbox 1093 2828 1142 2885; x_wconf 88' lang='lat' dir='ltr'><strong>Ex</strong></span> <span class='ocrx_word' id='word_1_230' title='bbox 1163 2829 1200 2885; x_wconf 89' lang='lat' dir='ltr'><strong>iis</strong></span> <span class='ocrx_word' id='word_1_231' title='bbox 1221 2819 1302 2884; x_wconf 69' lang='lat' dir='ltr'><strong>statuit</strong></span> 
     </span>
     <span class='ocr_line' id='line_1_26' title="bbox 265 2929 1303 3008; baseline -0.006 -22"><span class='ocrx_word' id='word_1_232' title='bbox 265 2948 414 3005; x_wconf 84' lang='lat' dir='ltr'><strong>regressus</strong></span> <span class='ocrx_word' id='word_1_233' title='bbox 448 2933 485 2988; x_wconf 88' lang='lat' dir='ltr'><strong>ad</strong></span> <span class='ocrx_word' id='word_1_234' title='bbox 517 2931 741 3007; x_wconf 83' lang='lat' dir='ltr'><strong>inspiciendum,</strong></span> <span class='ocrx_word' id='word_1_235' title='bbox 772 2931 849 3004; x_wconf 93' lang='lat' dir='ltr'><strong>quod</strong></span> <span class='ocrx_word' id='word_1_236' title='bbox 881 2949 954 3007; x_wconf 90' lang='lat' dir='ltr'><strong>opus</strong></span> <span class='ocrx_word' id='word_1_237' title='bbox 984 2932 1167 3007; x_wconf 85' lang='lat' dir='ltr'><strong>aliquantum</strong></span> <span class='ocrx_word' id='word_1_238' title='bbox 1198 2929 1303 3008; x_wconf 81' lang='lat' dir='ltr'><strong>opinions</strong></span> 
     </span>
     <span class='ocr_line' id='line_1_27' title="bbox 266 3025 1302 3113; baseline 0.002 -23"><span class='ocrx_word' id='word_1_239' title='bbox 266 3035 327 3091; x_wconf 90' lang='lat' dir='ltr'><strong>eius</strong></span> <span class='ocrx_word' id='word_1_240' title='bbox 354 3035 475 3092; x_wconf 84' lang='lat' dir='ltr'><strong>celerius</strong></span> <span class='ocrx_word' id='word_1_241' title='bbox 493 3044 653 3105; x_wconf 61' lang='lat' dir='ltr'><strong>araverat,</strong></span> <span class='ocrx_word' id='word_1_242' title='bbox 685 3053 767 3110; x_wconf 90' lang='lat' dir='ltr'><strong>spem</strong></span> <span class='ocrx_word' id='word_1_243' title='bbox 795 3036 885 3110; x_wconf 85' lang='lat' dir='ltr'><strong>oepit,</strong></span> <span class='ocrx_word' id='word_1_244' title='bbox 919 3036 1006 3094; x_wconf 89' lang='lat' dir='ltr'><strong>etiam</strong></span> <span class='ocrx_word' id='word_1_245' title='bbox 1039 3057 1138 3096; x_wconf 82' lang='lat' dir='ltr'><strong>aream</strong></span> <span class='ocrx_word' id='word_1_246' title='bbox 1171 3025 1302 3113; x_wconf 67' lang='lat' dir='ltr'><strong>expugnati</strong></span> 
     </span>
     <span class='ocr_line' id='line_1_28' title="bbox 265 3139 1303 3220; baseline 0.006 -26"><span class='ocrx_word' id='word_1_247' title='bbox 265 3156 358 3213; x_wconf 90' lang='lat' dir='ltr'><strong>posse.</strong></span> <span class='ocrx_word' id='word_1_248' title='bbox 401 3140 442 3197; x_wconf 89' lang='lat' dir='ltr'><strong>Et</strong></span> <span class='ocrx_word' id='word_1_249' title='bbox 462 3150 507 3198; x_wconf 88' lang='lat' dir='ltr'><strong>est</strong></span> <span class='ocrx_word' id='word_1_250' title='bbox 528 3159 588 3198; x_wconf 91' lang='lat' dir='ltr'><strong>non</strong></span> <span class='ocrx_word' id='word_1_251' title='bbox 609 3140 773 3210; x_wconf 72' lang='lat' dir='ltr'><strong>altitudine,</strong></span> <span class='ocrx_word' id='word_1_252' title='bbox 795 3150 828 3197; x_wconf 89' lang='lat' dir='ltr'><strong>ut</strong></span> <span class='ocrx_word' id='word_1_253' title='bbox 851 3150 962 3211; x_wconf 80' lang='lat' dir='ltr'><strong>cetera,</strong></span> <span class='ocrx_word' id='word_1_254' title='bbox 984 3149 1062 3220; x_wconf 86' lang='lat' dir='ltr'><strong>tuta,</strong></span> <span class='ocrx_word' id='word_1_255' title='bbox 1083 3143 1136 3200; x_wconf 90' lang='lat' dir='ltr'><strong>sed</strong></span> <span class='ocrx_word' id='word_1_256' title='bbox 1158 3143 1225 3200; x_wconf 85' lang='lat' dir='ltr'><strong>loeo</strong></span> <span class='ocrx_word' id='word_1_257' title='bbox 1244 3139 1303 3216; x_wconf 66' lang='lat' dir='ltr'><strong>plant</strong></span> 
     </span>
    </p>
   </div>
   <div class='ocr_carea' id='block_1_3' title="bbox 125 3241 1301 3326">
    <p class='ocr_par' dir='ltr' id='par_1_3' title="bbox 125 3241 1301 3326">
     <span class='ocr_line' id='line_1_29' title="bbox 125 3241 1301 3326; baseline 0.008 -30"><span class='ocrx_word' id='word_1_258' title='bbox 125 3292 127 3296; x_wconf 79' lang='grc'>,</span> <span class='ocrx_word' id='word_1_259' title='bbox 216 3241 362 3316; x_wconf 78' lang='lat' dir='ltr'><strong>lbposita</strong></span> <span class='ocrx_word' id='word_1_260' title='bbox 383 3251 413 3299; x_wconf 87' lang='lat' dir='ltr'><strong>et</strong></span> <span class='ocrx_word' id='word_1_261' title='bbox 434 3246 471 3301; x_wconf 87' lang='lat' dir='ltr'><strong>ab</strong></span> <span class='ocrx_word' id='word_1_262' title='bbox 493 3246 565 3302; x_wconf 90' lang='lat' dir='ltr'><strong>urbe</strong></span> <span class='ocrx_word' id='word_1_263' title='bbox 586 3254 805 3326; x_wconf 75' lang='lat' dir='ltr'><strong>murotantum</strong></span> <span class='ocrx_word' id='word_1_264' title='bbox 836 3264 871 3302; x_wconf 88' lang='lat' dir='ltr'><strong>ao</strong></span> <span class='ocrx_word' id='word_1_265' title='bbox 896 3245 978 3304; x_wconf 78' lang='lat' dir='ltr'><strong>losse</strong></span> <span class='ocrx_word' id='word_1_266' title='bbox 999 3246 1104 3304; x_wconf 86' lang='lat' dir='ltr'><strong>divisa.</strong></span> <span class='ocrx_word' id='word_1_267' title='bbox 1147 3247 1245 3320; x_wconf 84' lang='lat' dir='ltr'><strong>Quum</strong></span> <span class='ocrx_word' id='word_1_268' title='bbox 1266 3244 1301 3298; x_wconf 66' lang='lat' dir='ltr'><strong>itm</strong></span> 
     </span>
    </p>
   </div>
   <div class='ocr_carea' id='block_1_4' title="bbox 216 3345 1302 4048">
    <p class='ocr_par' dir='ltr' id='par_1_4' title="bbox 216 3345 1302 4048">
     <span class='ocr_line' id='line_1_30' title="bbox 266 3345 1302 3426; baseline 0.007 -25"><span class='ocrx_word' id='word_1_269' title='bbox 266 3345 511 3406; x_wconf 81' lang='lat' dir='ltr'><strong>machinationum</strong></span> <span class='ocrx_word' id='word_1_270' title='bbox 534 3351 613 3407; x_wconf 90' lang='lat' dir='ltr'><strong>omni</strong></span> <span class='ocrx_word' id='word_1_271' title='bbox 634 3368 741 3426; x_wconf 81' lang='lat' dir='ltr'><strong>genere</strong></span> <span class='ocrx_word' id='word_1_272' title='bbox 759 3358 788 3406; x_wconf 87' lang='lat' dir='ltr'><strong>et</strong></span> <span class='ocrx_word' id='word_1_273' title='bbox 809 3350 946 3425; x_wconf 91' lang='lat' dir='ltr'><strong>operibus</strong></span> <span class='ocrx_word' id='word_1_274' title='bbox 960 3363 1192 3426; x_wconf 78' lang='lat' dir='ltr'><strong>oppugnaretur,</strong></span> <span class='ocrx_word' id='word_1_275' title='bbox 1213 3353 1302 3410; x_wconf 71' lang='lat' dir='ltr'><strong>mnus</strong></span> 
     </span>
     <span class='ocr_line' id='line_1_31' title="bbox 265 3451 1301 3529; baseline 0.004 -23"><span class='ocrx_word' id='word_1_276' title='bbox 265 3469 284 3507; x_wconf 90' lang='lat' dir='ltr'><strong>a</strong></span> <span class='ocrx_word' id='word_1_277' title='bbox 305 3451 477 3527; x_wconf 88' lang='lat' dir='ltr'><strong>Metaponto</strong></span> <span class='ocrx_word' id='word_1_278' title='bbox 503 3455 668 3529; x_wconf 76' lang='lat' dir='ltr'><strong>praesidium</strong></span> <span class='ocrx_word' id='word_1_279' title='bbox 692 3456 833 3513; x_wconf 87' lang='lat' dir='ltr'><strong>Romanis</strong></span> <span class='ocrx_word' id='word_1_280' title='bbox 863 3454 1097 3525; x_wconf 66' lang='lat' dir='ltr'><strong>semianimum,</strong></span> <span class='ocrx_word' id='word_1_281' title='bbox 1127 3466 1159 3512; x_wconf 90' lang='lat' dir='ltr'><strong>ut</strong></span> <span class='ocrx_word' id='word_1_282' title='bbox 1184 3465 1263 3513; x_wconf 82' lang='lat' dir='ltr'><strong>nocta</strong></span> <span class='ocrx_word' id='word_1_283' title='bbox 1280 3463 1301 3504; x_wconf 69' lang='lat' dir='ltr'><strong>ex</strong></span> 
     </span>
     <span class='ocr_line' id='line_1_32' title="bbox 264 3553 1301 3639; baseline 0.001 -28"><span class='ocrx_word' id='word_1_284' title='bbox 264 3555 425 3630; x_wconf 78' lang='lat' dir='ltr'><strong>improviso</strong></span> <span class='ocrx_word' id='word_1_285' title='bbox 452 3576 542 3633; x_wconf 90' lang='lat' dir='ltr'><strong>opera</strong></span> <span class='ocrx_word' id='word_1_286' title='bbox 569 3560 696 3618; x_wconf 91' lang='lat' dir='ltr'><strong>hostium</strong></span> <span class='ocrx_word' id='word_1_287' title='bbox 723 3561 904 3619; x_wconf 88' lang='lat' dir='ltr'><strong>invaderent.</strong></span> <span class='ocrx_word' id='word_1_288' title='bbox 951 3560 1023 3618; x_wconf 87' lang='lat' dir='ltr'><strong>Alia</strong></span> <span class='ocrx_word' id='word_1_289' title='bbox 1050 3560 1239 3639; x_wconf 57' lang='lat' dir='ltr'><strong>dispendunt,</strong></span> <span class='ocrx_word' id='word_1_290' title='bbox 1266 3553 1301 3612; x_wconf 80' lang='lat' dir='ltr'><strong>alt</strong></span> 
     </span>
     <span class='ocr_line' id='line_1_33' title="bbox 264 3660 1301 3742; baseline 0.002 -25"><span class='ocrx_word' id='word_1_291' title='bbox 264 3660 324 3734; x_wconf 82' lang='lat' dir='ltr'><strong>igni</strong></span> <span class='ocrx_word' id='word_1_292' title='bbox 352 3671 557 3737; x_wconf 83' lang='lat' dir='ltr'><strong>corruperunt,</strong></span> <span class='ocrx_word' id='word_1_293' title='bbox 586 3664 669 3738; x_wconf 88' lang='lat' dir='ltr'><strong>isque</strong></span> <span class='ocrx_word' id='word_1_294' title='bbox 697 3664 763 3722; x_wconf 84' lang='lat' dir='ltr'><strong>finis</strong></span> <span class='ocrx_word' id='word_1_295' title='bbox 790 3663 951 3742; x_wconf 80' lang='lat' dir='ltr'><strong>Hannibali</strong></span> <span class='ocrx_word' id='word_1_296' title='bbox 976 3663 1032 3721; x_wconf 83' lang='lat' dir='ltr'><strong>init</strong></span> <span class='ocrx_word' id='word_1_297' title='bbox 1063 3683 1100 3722; x_wconf 85' lang='lat' dir='ltr'><strong>ea</strong></span> <span class='ocrx_word' id='word_1_298' title='bbox 1127 3674 1212 3740; x_wconf 89' lang='lat' dir='ltr'><strong>parte</strong></span> <span class='ocrx_word' id='word_1_299' title='bbox 1233 3673 1301 3720; x_wconf 75' lang='lat' dir='ltr'><strong>artem</strong></span> 
     </span>
     <span class='ocr_line' id='line_1_34' title="bbox 216 3761 1301 3844; baseline 0 -20"><span class='ocrx_word' id='word_1_300' title='bbox 216 3770 248 3825; x_wconf 87' lang='lat' dir='ltr'><strong>ll</strong></span> <span class='ocrx_word' id='word_1_301' title='bbox 266 3767 462 3841; x_wconf 83' lang='lat' dir='ltr'><strong>oppugnandi.</strong></span> <span class='ocrx_word' id='word_1_302' title='bbox 519 3766 646 3842; x_wconf 89' lang='lat' dir='ltr'><strong>Reliqua</strong></span> <span class='ocrx_word' id='word_1_303' title='bbox 674 3777 737 3825; x_wconf 87' lang='lat' dir='ltr'><strong>erat</strong></span> <span class='ocrx_word' id='word_1_304' title='bbox 763 3768 793 3825; x_wconf 89' lang='lat' dir='ltr'><strong>in</strong></span> <span class='ocrx_word' id='word_1_305' title='bbox 822 3767 1079 3844; x_wconf 83' lang='lat' dir='ltr'><strong>obsidionespes,</strong></span> <span class='ocrx_word' id='word_1_306' title='bbox 1108 3786 1163 3825; x_wconf 87' lang='lat' dir='ltr'><strong>nen</strong></span> <span class='ocrx_word' id='word_1_307' title='bbox 1193 3787 1228 3826; x_wconf 88' lang='lat' dir='ltr'><strong>aa</strong></span> <span class='ocrx_word' id='word_1_308' title='bbox 1256 3761 1301 3824; x_wconf 78' lang='lat' dir='ltr'><strong>sitit</strong></span> 
     </span>
     <span class='ocr_line' id='line_1_35' title="bbox 266 3867 1300 3947; baseline 0 -21"><span class='ocrx_word' id='word_1_309' title='bbox 266 3867 380 3939; x_wconf 84' lang='lat' dir='ltr'><strong>efficax,</strong></span> <span class='ocrx_word' id='word_1_310' title='bbox 403 3870 473 3944; x_wconf 86' lang='lat' dir='ltr'><strong>quia</strong></span> <span class='ocrx_word' id='word_1_311' title='bbox 494 3889 589 3929; x_wconf 86' lang='lat' dir='ltr'><strong>aream</strong></span> <span class='ocrx_word' id='word_1_312' title='bbox 611 3880 750 3943; x_wconf 86' lang='lat' dir='ltr'><strong>tenentes,</strong></span> <span class='ocrx_word' id='word_1_313' title='bbox 772 3890 838 3946; x_wconf 80' lang='lat' dir='ltr'><strong>quoe</strong></span> <span class='ocrx_word' id='word_1_314' title='bbox 859 3871 890 3928; x_wconf 89' lang='lat' dir='ltr'><strong>in</strong></span> <span class='ocrx_word' id='word_1_315' title='bbox 911 3870 1071 3947; x_wconf 72' lang='lat' dir='ltr'><strong>peninsula</strong></span> <span class='ocrx_word' id='word_1_316' title='bbox 1092 3870 1190 3947; x_wconf 89' lang='lat' dir='ltr'><strong>posita</strong></span> <span class='ocrx_word' id='word_1_317' title='bbox 1203 3870 1300 3929; x_wconf 78' lang='lat' dir='ltr'><strong>immas</strong></span> 
     </span>
     <span class='ocr_line' id='line_1_36' title="bbox 266 3970 1299 4048; baseline 0.004 -21"><span class='ocrx_word' id='word_1_318' title='bbox 266 3970 399 4030; x_wconf 79' lang='lat' dir='ltr'><strong>faucibus</strong></span> <span class='ocrx_word' id='word_1_319' title='bbox 421 3982 532 4048; x_wconf 88' lang='lat' dir='ltr'><strong>portus,</strong></span> <span class='ocrx_word' id='word_1_320' title='bbox 554 3993 634 4032; x_wconf 90' lang='lat' dir='ltr'><strong>mara</strong></span> <span class='ocrx_word' id='word_1_321' title='bbox 654 3975 778 4033; x_wconf 80' lang='lat' dir='ltr'><strong>liberunt</strong></span> <span class='ocrx_word' id='word_1_322' title='bbox 804 3977 967 4047; x_wconf 82' lang='lat' dir='ltr'><strong>habebant,</strong></span> <span class='ocrx_word' id='word_1_323' title='bbox 996 3977 1067 4034; x_wconf 82' lang='lat' dir='ltr'><strong>urbs</strong></span> <span class='ocrx_word' id='word_1_324' title='bbox 1089 3985 1194 4034; x_wconf 67' lang='lat' dir='ltr'><strong>onnus</strong></span> <span class='ocrx_word' id='word_1_325' title='bbox 1214 3975 1299 4034; x_wconf 74' lang='lat' dir='ltr'><strong>exuas</strong></span> 
     </span>
    </p>
   </div>
   <div class='ocr_carea' id='block_1_5' title="bbox 0 0 1342 4542">
    <p class='ocr_par' dir='ltr' id='par_1_5' title="bbox 0 0 1342 4542">
     <span class='ocr_line' id='line_1_37' title="bbox 0 0 1342 4542; baseline 0 1"><span class='ocrx_word' id='word_1_326' title='bbox 0 0 1342 4542; x_wconf 95' lang='lat' dir='ltr'><strong> </strong></span> 
     </span>
    </p>
   </div>
  </div>
 </body>
</html>
