2674 4542
305 231 361 288 180
568 229 646 278 Liber
665 227 766 280 XXIV.
808 227 856 290 (A.
871 241 896 275 u.
911 241 931 275 c.
946 226 1022 288 tto.)

260 431 328 488 pere
350 431 398 468 oro
419 412 600 488 suadeoque,
633 412 734 469 eodem
760 410 873 480 animo,
896 429 954 484 quo
979 410 1004 467 si
1026 409 1179 467 stantibus
1201 405 1312 464 robis
1303 395 1334 484 ιζ

261 518 323 576 acie
351 517 471 576 armatis
506 527 623 594 repente
644 515 789 592 deligendi
809 515 869 572 duo
890 514 1085 590 imperatores
1109 522 1230 581 essent,
1263 469 1334 624 quc-l

213 624 248 680 19
261 643 324 682 rum
348 624 435 682 ductu
457 634 545 698 atque
567 622 697 698 auspicio
721 620 907 690 eliminaretis,
937 619 1025 676 hodie
1056 637 1182 694 quoque
1205 579 1334 676 consule

262 728 378 799 creetis,
410 728 514 802 quibus
547 735 730 786 sacramento
759 723 842 780 liberi
874 725 963 782 vestri
985 725 1103 794 dicant,
1138 724 1179 780 ad
1211 739 1324 798 quorun

263 833 385 890 edictum
417 834 603 902 conveniant,
634 833 688 889 sub
712 848 834 905 quorum
857 830 947 887 tutela
974 839 1064 905 atque
1094 848 1173 887 cura
1204 827 1322 886 militent

211 937 249 994 20
264 940 359 996 Lacus
374 939 591 996 Trasumennus
607 944 635 992 et
650 934 759 993 caune
774 934 867 992 tristia
882 935 919 993 ad
933 935 1175 992 recordationem
1192 933 1323 1008 exemplo,

261 1045 313 1100 sed
346 1044 383 1101 ad
419 1041 624 1118 proecavendas
655 1039 762 1097 similes
799 1040 893 1096 clades
926 1040 1009 1096 utiles
1039 1040 1223 1096 documento
1259 1046 1321 1096 suut

262 1152 373 1219 Praeco,
398 1148 556 1206 Aniensem
578 1145 721 1203 iuniorum
743 1147 773 1202 in
795 1143 965 1220 suffragium
988 1151 1125 1205 revoca.“

168 1261 189 1328 9
345 1254 441 1326 Quum
472 1252 507 1309 T.
534 1249 675 1309 Otacilius
697 1249 832 1306 ferociter
854 1267 918 1306 eum
946 1248 1118 1306 continuare
1149 1249 1318 1306 consuletur

262 1360 335 1416 velle
364 1357 573 1415 vociferaretur
607 1364 695 1430 atque
717 1358 911 1430 obstreperet,
945 1353 1061 1410 lictores
1085 1354 1125 1410 ed
1158 1373 1225 1411 eum
1251 1371 1319 1409 amc·

233 1462 330 1522 2dere
352 1463 452 1521 consul
473 1463 556 1520 iussit
578 1471 615 1531 et,
645 1461 714 1536 quia
734 1461 764 1517 in
786 1461 885 1517 urbem
908 1476 966 1514 non
992 1458 1113 1527 inierat,
1148 1457 1318 1534 protinusit

263 1587 395 1644 campum
419 1587 456 1625 ex
484 1567 586 1623 itinere
616 1565 777 1641 profectus,
809 1563 967 1632 admonuit,
997 1582 1061 1619 rcum
1093 1564 1249 1620 securibus
1274 1561 1316 1618 siti

233 1671 356 1730 3fasces
381 1670 519 1747 praefcrri.
565 1670 685 1728 Interim
713 1670 909 1745 praerogativa
935 1667 1106 1743 suffragium
1129 1671 1202 1740 init,
1230 1667 1315 1727 creati·

264 1795 320 1850 que
346 1775 376 1831 in
405 1795 440 1832 ea
467 1776 599 1834 consules
628 1776 663 1848 Q.
687 1776 797 1834 Fabius
819 1774 967 1832 Maximus
997 1783 1152 1847 quartum,
1188 1775 1229 1830 M.
1252 1774 1314 1828 llar-

263 1881 351 1940 oellus
372 1881 496 1942 tertium.
545 1882 673 1940 Eosdcm
696 1878 828 1938 consules
855 1888 957 1936 cetere
979 1878 1117 1936 centuriae
1145 1879 1314 1936 sinereris·

231 1985 340 2044 ⁴itione
362 1987 420 2044 ulla
443 1987 591 2054 dixerunt3
609 1994 642 2044 et
663 1995 771 2062 praetor
793 2003 867 2042 unus
889 1982 1014 2040 refectus
1036 1982 1073 2056 Q.
1096 1983 1224 2040 Fulvius
1246 1983 1313 2040 Flac·

263 2110 322 2162 cus,
343 2093 412 2150 novi
434 2093 482 2149 alii
504 2092 602 2162 creati,
625 2093 662 2150 Τ.
687 2089 828 2148 Otacilius
852 2087 977 2146 Crassus
997 2088 1117 2159 iterum,
1148 2091 1188 2161 Q.
1212 2090 1312 2149 Fabiu

264 2195 389 2251 consulis
412 2195 501 2267 filius,
530 2196 579 2270 qui
602 2206 663 2252 tum
685 2195 775 2252 aedilis
795 2193 901 2251 curulis
923 2204 995 2264 erat,
1017 2197 1051 2254 P.
1074 2193 1232 2264 Cornelius
1253 2196 1312 2251 Len·

231 2298 348 2362 5tulus.
393 2297 525 2358 Comitiis
546 2310 702 2376 praetorum
725 2299 869 2376 perfectis,
890 2307 1007 2356 senatus
1030 2301 1198 2358 consultum
1212 2300 1311 2361 fectum·

262 2412 294 2459 ut
315 2403 352 2475 Q.
376 2404 480 2462 Fulvio
503 2415 586 2462 extra
608 2405 737 2462 ordinem
758 2406 870 2462 urbana
891 2403 1042 2479 provincia
1064 2415 1157 2476 esset,
1180 2407 1259 2480 isque
1271 2422 1308 2478 po

233 2505 413 2579 dtissimum,
435 2509 652 2578 consulibusad
668 2510 773 2567 bellum
788 2508 936 2585 profectis,
955 2508 1020 2567 urbi
1041 2518 1192 2583 praeesset.
1234 2514 1309 2582 Aque

264 2630 377 2686 magna
393 2614 437 2670 bis
459 2634 494 2671 eo
519 2609 595 2672 enno
625 2613 750 2684 fuerunt,
782 2614 956 2688 Tiberisque
978 2631 1066 2688 agros
1087 2614 1242 2672 inundavit
1260 2629 1307 2669 cun

264 2735 372 2792 magna
393 2728 491 2794 strage
512 2729 653 2776 tectorum
679 2737 874 2794 pecorumque
895 2725 925 2774 et
943 2717 1093 2774 hominum
1116 2720 1251 2794 pernicie.

235 2823 250 2876 7
347 2821 455 2895 Quinto
483 2843 560 2881 anno
589 2825 707 2881 secundi
739 2823 843 2881 Punici
874 2821 943 2880 belli
974 2821 1011 2895 Q.
1041 2823 1155 2881 Fabius
1182 2823 1307 2882 Maxima

91 2899 183 3021 {¹¹61}
191 2906 251 3024 {⁴³2¹
264 2937 409 3002 quartum,
437 2927 479 2986 M.
504 2927 643 2986 Claudius
665 2931 821 2988 Marcellus
847 2926 963 2986 tertium
990 2927 1175 2988 consulatum
1199 2929 1307 2985 ineuntes

264 3034 329 3109 plus
358 3032 456 3090 solito
472 3042 675 3092 converterant
701 3034 732 3090 in
760 3052 792 3090 se
819 3032 944 3090 civitatis
973 3032 1099 3102 animos3
1127 3034 1226 3090 multis
1249 3030 1305 3088 enin

234 3127 347 3194 ⁸annis
369 3137 427 3193 tale
455 3137 604 3194 consulum
631 3157 687 3212 par
710 3157 767 3194 non
799 3137 902 3196 fuerat.
951 3134 1131 3194 Referebant
1159 3155 1251 3204 senes,
1277 3132 1305 3188 sic

265 3242 426 3300 Maximum
457 3239 575 3299 Rullum
603 3257 667 3296 oum
696 3244 732 3302 P.
761 3243 854 3299 Decio
884 3242 922 3299 ad
954 3241 1060 3298 bellum
1093 3241 1252 3310 Gallicum,
1276 3237 1304 3292 sit

264 3356 367 3424 postea
387 3345 538 3422 Papirium
562 3343 779 3418 Carviliumque
805 3347 945 3404 adversus
970 3346 1117 3406 Samnites
1138 3347 1304 3418 Bruttiosque

266 3463 294 3510 et
324 3453 474 3510 Lucanum
511 3469 576 3506 cum
612 3449 771 3506 Tarentino
809 3451 948 3525 populum
985 3453 1118 3509 consules
1155 3452 1302 3509 declaratos.

235 3556 383 3614 9Absens
404 3555 560 3612 Marcellus
590 3553 691 3610 consul
721 3561 848 3623 creatus,
882 3574 970 3628 quum
1000 3557 1037 3612 ad
1058 3557 1215 3614 exercitum
1236 3561 1302 3611 esset·

265 3660 399 3737 prasenti
420 3661 524 3728 Fabio,
547 3667 635 3733 atque
655 3658 720 3733 ipso
745 3657 862 3714 comitia
882 3658 1017 3729 habente,
1047 3661 1213 3718 consulatue
1233 3656 1303 3716 conti·

218 3768 253 3822 10
266 3775 381 3824 nuatus.
439 3765 570 3840 Tempus
603 3782 638 3820 ec
668 3762 826 3821 necessitas
856 3762 923 3818 belli
957 3781 992 3822 ao
1023 3764 1177 3822 discrimen
1207 3775 1301 3821 sumus

266 3891 361 3930 rerum
403 3868 564 3939 faciebant,
608 3887 644 3925 ne
678 3867 743 3942 quis
785 3875 835 3923 aut
872 3867 1036 3942 exemplum
1078 3869 1238 3943 exquireret
1266 3869 1301 3920 aut

217 3979 248 4032 ll
266 3983 431 4052 suspectum
457 3973 622 4047 cupiditatis
649 3970 763 4044 imperii
792 3970 939 4027 consulem
966 3972 1101 4041 haberet3
1131 3973 1199 4046 quin
1220 3969 1300 4027 leuda·
