2678 4560
309 181 366 237 lll
559 175 637 226 Liber
653 175 783 229 XXVIII.
819 177 864 232 (Δ.
878 191 902 228 u.
917 192 942 231 e.
955 176 1031 238 sta.)

218 363 252 420 tt
265 363 344 439 passi
373 362 561 438 exspirarent.
609 361 703 437 Igitur
729 379 787 418 non
816 361 948 418 militaris
978 361 1067 417 modo
1096 369 1169 417 aetas
1201 369 1254 418 ant
1303 363 1310 374 '

266 477 390 538 tantum,
417 467 469 524 sed
494 466 607 526 feminee
637 467 778 543 puerique
805 483 892 543 super
920 467 1012 524 animi
1042 467 1239 542 corporisque
1283 468 1290 480 '

266 573 380 645 adsunt,
401 572 595 650 pugnantibus
617 573 675 630 tela
699 573 873 643 ministrant,
897 591 971 630 saxa
995 569 1055 650 [in]
1079 591 1183 630 muros
1208 572 1289 628 muni

218 682 252 737 14
266 679 342 736 tibus
370 688 482 754 gerunt.
531 679 600 736 Non
637 679 755 736 libertas
785 679 878 736 solum
911 680 1071 754 agebatur,
1108 697 1181 753 quae
1209 679 1308 736 rbere

266 784 382 844 fortium
413 793 524 841 tentum
556 793 676 859 pectora
698 785 788 856 acuit,
827 785 879 842 aed
908 784 1011 842 ultima
1033 786 1169 842 omnium
1193 785 1316 861 supplie'

267 901 295 948 et
321 890 399 948 foeda
430 909 508 948 mers
540 893 578 949 ob
600 892 699 950 oculos
723 901 792 951 erat.
840 892 1088 948 Accendebantur
1106 885 1205 948 enimi
1228 900 1258 946 et
1277 909 1321 948 uer

266 995 373 1052 tamine
407 995 515 1054 laboris
552 1015 587 1054 aa
618 997 739 1073 periculi
771 1005 858 1071 atque
890 995 955 1072 ipso
989 997 1068 1053 inter
1099 1015 1134 1053 se
1168 1009 1320 1071 conspeetu

219 1105 253 1161 1⁵
266 1103 371 1176 Itaque
391 1110 472 1158 tanto
495 1103 599 1160 ardore
620 1113 765 1161 certamen
786 1102 886 1159 initum
902 1112 954 1174 est,
975 1113 1008 1160 ut
1027 1103 1161 1160 domitor
1181 1103 1234 1159 ille
1253 1103 1300 1158 to'

266 1207 416 1283 Hispania
443 1208 585 1265 exercitus
612 1210 649 1266 ab
680 1209 763 1266 unius
789 1209 889 1284 oppidi
917 1210 1068 1267 iuventute
1096 1227 1181 1284 saepe
1206 1208 1322 1283 repulse

218 1317 253 1374 16
267 1333 286 1372 a
309 1313 398 1371 muris
427 1312 507 1370 baud
541 1314 611 1370 satis
640 1314 746 1372 decoro
775 1314 877 1390 proelio
908 1316 1076 1391 trepidaret.
1121 1314 1163 1371 Id
1193 1313 1248 1370 ubi
1269 1311 1317 1368 sidit

268 1419 376 1494 Scipio,
394 1419 513 1488 veritus,
535 1438 571 1476 ne
594 1421 677 1476 vanis
694 1421 844 1478 conatibus
864 1439 982 1480 suorum
995 1432 1025 1479 et
1038 1421 1178 1479 hostibus
1197 1427 1322 1476 cresceret

267 1524 379 1581 animus
412 1533 440 1581 et
469 1511 584 1600 segnior
613 1525 694 1583 miles
715 1528 810 1598 fieret,
842 1527 957 1584 sibimet
978 1525 1145 1583 conandum
1171 1543 1208 1582 ao
1225 1534 1319 1600 parton

267 1629 386 1705 periculi
419 1630 625 1704 capessendam
657 1649 720 1690 ease
752 1642 849 1704 ratus,
884 1633 1025 1708 increpita
1057 1631 1183 1706 ignavia
1204 1631 1316 1687 rnilitum

267 1735 336 1794 ferri
358 1736 452 1793 scales
473 1721 559 1792 iubet¹
573 1746 601 1793 et
623 1754 655 1793 se
677 1738 781 1814 ipsum,
803 1739 827 1796 si
843 1739 929 1796 ceteri
944 1746 1123 1808 cunctentur,
1147 1753 1316 1793 escensurum

220 1852 254 1906 17
268 1843 402 1901 minatur.
449 1842 513 1899 Iam
536 1843 664 1900 subierat
684 1845 763 1902 haud
788 1845 925 1902 mediocri
946 1843 1074 1919 periculo
1101 1841 1223 1912 moenia,
1246 1857 1318 1915 quun

268 1949 379 2006 elamor
407 1949 533 2023 undique
561 1950 599 2005 ab
625 1949 754 2006 sollicitis
780 1950 873 2008 vicem
895 1948 1079 2024 imperatoris
1102 1947 1244 2004 militibus
1264 1947 1317 2002 sub

219 2061 255 2118 18
267 2055 352 2126 latus,
373 2055 516 2128 scalaeque
537 2053 633 2112 multis
654 2054 740 2111 simul
760 2055 890 2129 partibus
912 2054 983 2130 erigi
1005 2063 1120 2129 coeptam
1139 2063 1170 2110 et
1185 2071 1222 2110 ex
1241 2053 1315 2108 altera

269 2173 353 2236 parte
374 2158 479 2216 Laelius
500 2159 598 2216 instat.
646 2160 724 2217 Tum
747 2161 824 2218 victa
845 2161 1056 2236 oppidanorum
1077 2160 1133 2228 vis,
1155 2158 1313 2230 deiectisque

270 2264 534 2341 propugnatoribus
569 2273 747 2339 occupantur
781 2265 873 2336 muri;
909 2285 964 2322 arx
997 2265 1084 2322 etiam
1116 2264 1153 2321 ab
1183 2283 1218 2320 ea
1238 2275 1309 2338 peut

273 2389 331 2444 qua
374 2369 605 2444 inexpugnabilia
644 2369 812 2443 videbatur,
853 2372 927 2430 inter
965 2371 1120 2429 tumultum
1155 2380 1241 2446 eapte
1273 2383 1309 2425 est

175 2475 220 2546 20
274 2473 446 2549 Transfugae
474 2474 559 2546 Afri,
595 2475 645 2550 qui
673 2483 733 2532 tum
771 2479 846 2534 inter
875 2478 983 2535 auxilia
1008 2479 1146 2535 Romana
1171 2485 1262 2544 erant,
1290 2485 1308 2528 et

269 2580 423 2656 oppidanis
441 2580 471 2638 in
493 2599 528 2638 ea
548 2582 671 2653 tuenda,
702 2584 778 2641 unde
802 2585 959 2659 perieulum
981 2584 1153 2654 videbatur,
1182 2583 1268 2639 versis
1287 2593 1305 2635 et

239 2687 409 2749 2Romenis
431 2689 619 2746 subeuntibus
641 2699 751 2776 oenus,
776 2708 835 2763 que
856 2691 936 2748 adire
954 2699 1100 2766 poteraut,
1120 2699 1304 2764 conspexerunt

270 2793 456 2850 editissimam
479 2794 558 2852 urbis
579 2803 706 2870 partem,
732 2813 795 2870 quae
816 2816 888 2872 rupa
909 2797 1030 2872 praealta
1053 2797 1212 2871 tegebatur,
1231 2811 1302 2866 neque

239 2905 357 2975 aspere
389 2899 447 2955 ullo
481 2901 620 2958 munitam
659 2911 688 2956 et
719 2901 757 2958 ab
789 2901 988 2960 defensoribus
1019 2921 1154 2960 vacuam.
1204 2899 1299 2958 Leriuu

269 3024 423 3081 corporum
450 3005 581 3062 homines
610 3017 639 3062 at
668 3007 758 3064 multa
787 3009 992 3066 exercitatione
1024 3009 1194 3084 pernicium,
1224 3007 1299 3064 clavos

269 3129 365 3168 seeum
387 3109 499 3168 ferreos
525 3118 688 3186 portantes,
722 3131 780 3187 qua
801 3133 853 3188 per
873 3114 1054 3190 inaequaliter
1075 3113 1223 3170 eminentia
1239 3110 1297 3185 rupis

239 3224 419 3292 lpoterent,
452 3217 603 3276 scandunt.
664 3217 763 3277 Sicubi
800 3220 884 3276 nimis
916 3221 1037 3278 arduum
1071 3229 1101 3276 et
1131 3219 1191 3276 leve
1219 3233 1296 3274 sareu

270 3323 454 3392 occurrebat,
488 3321 587 3378 clavos
617 3342 670 3397 per
691 3327 805 3383 modica
827 3327 979 3384 intervalla
999 3327 1121 3401 figentes
1143 3343 1222 3400 quum
1240 3322 1295 3379 velut

241 3428 377 3502 5gradus
399 3427 551 3500 fecissent,
581 3429 667 3504 primi
690 3441 842 3506 sequentes
863 3431 1046 3492 extrahentes
1068 3449 1170 3502 manu,
1188 3425 1293 3506 postremi

270 3533 453 3592 sublevantes
483 3554 554 3607 eos,
586 3535 636 3609 qui
662 3536 812 3610 preirent,
846 3537 877 3592 in
904 3555 1047 3593 summum
1077 3536 1205 3593 evadunt
1244 3533 1292 3591 lndt

271 3637 425 3696 decurrunt
452 3658 516 3698 cum
547 3641 674 3698 clamore
703 3642 733 3698 in
759 3644 858 3700 urbem
888 3643 946 3699 iem
976 3651 1092 3716 captam
1122 3642 1159 3699 ab
1178 3641 1290 3700 Romam.

241 3745 348 3806 tTum
373 3763 444 3802 vere
473 3749 625 3824 apparuit,
663 3749 702 3806 ab
727 3749 772 3806 ira
800 3759 828 3806 et
856 3750 893 3806 ab
920 3748 988 3806 odio
1009 3748 1111 3805 urbem
1132 3757 1288 3824 oppugnatae

271 3869 341 3909 esse.
386 3853 483 3910 Nemo
504 3854 637 3930 capiendi
656 3855 756 3924 vivos,
777 3873 877 3924 nemo,
896 3855 1060 3930 patentibus
1083 3855 1121 3911 ad
1141 3855 1288 3930 direptionem

273 3958 414 4030 omnibus,
436 3960 540 4033 praedae
575 3979 686 4017 memor
718 3970 775 4031 eat3
810 3961 953 4018 trucidant
982 3962 1107 4019 inermes
1135 3960 1208 4018 iuxta
1228 3969 1287 4031 aaut
