2700 4426
437 201 517 252 msa
533 201 621 272 xxv.
656 201 705 264 (s.
718 198 766 251 on.
782 201 854 263 sn.)
880 240 884 244 .
1065 202 1132 259 tor

194 377 257 442 Par
289 383 467 467 negligentia
495 385 526 442 in
560 386 663 443 castris
695 383 889 442 custodiendis
917 381 987 451 fuit3
1020 399 1089 438 nam
1123 382 1177 439 etsi
1192 385 1227 438 16

111 489 291 565 propinquus
312 490 404 548 host-is
427 499 499 563 erat,
529 500 627 549 tamen
647 491 786 565 reliquias
807 508 873 546 eum
895 507 959 545 esse
980 488 1103 544 duorum
1126 504 1176 544 ex-

112 595 249 652 ercituum
284 603 351 651 ante
376 615 488 672 paucos
515 597 576 654 dies
603 598 762 654 deletorum
798 595 995 652 succurrebat.
1045 591 1092 650 Ob
1120 593 1176 648 hoc
1191 594 1226 647 17

111 718 200 774 quum
222 701 321 757 omnia
342 696 476 776 neglecta
496 703 574 778 apud
595 704 695 759 hostes
718 710 827 769 essent,
857 697 1016 774 exploratis
1037 697 1073 754 iis
1095 697 1175 753 Mar·

111 805 173 863 cius
194 807 232 863 ad
253 807 405 890 consilinm
426 809 522 882 prima
542 808 639 885 specie
653 806 837 865 temerarium
854 805 947 878 magis
970 821 1057 877 quam
1078 803 1175 859 audax

111 910 239 968 animum
263 912 383 983 adiecit,
405 922 438 969 ut
458 913 534 970 ultro
556 922 653 971 castra
680 913 806 970 hostium
837 918 1034 986 oppugnaret,
1061 907 1176 965 facilius
1190 905 1227 961 18

112 1032 176 1072 esse
204 1025 286 1074 ratus
313 1017 398 1074 unius
419 1018 615 1075 Hasdrubalis
644 1019 806 1094 expugnari
839 1024 936 1074 castra
959 1034 1061 1090 quam,
1089 1014 1113 1070 si
1143 1030 1175 1069 se

110 1140 210 1178 rursus
231 1131 290 1179 tres
312 1122 456 1178 exercitus
486 1141 521 1179 ac
551 1132 609 1180 tres
635 1125 723 1181 duces
749 1123 926 1192 iunxissem,
959 1140 1013 1179 sua
1044 1121 1175 1190 defendi3

50 1301 59 1317 1
110 1225 284 1310 simulant,
313 1229 340 1283 si
370 1228 556 1285 successisset
582 1229 692 1303 coeptis,
723 1238 884 1286 erecturum
916 1245 949 1283 se
978 1225 1102 1284 afflictas
1128 1243 1175 1282 res
1191 1222 1226 1277 19

111 1341 171 1403 aut,
192 1333 218 1389 si
239 1334 339 1408 pulsus
362 1342 446 1404 esset,
468 1342 565 1390 tamen
587 1333 662 1390 ultro
688 1332 839 1390 inferendo
868 1351 951 1389 arma
977 1341 1172 1406 contemptum

111 1437 155 1494 sui
188 1438 382 1513 dempturum.
437 1440 485 1496 Nc
519 1448 616 1495 tamen
640 1440 736 1496 subita
762 1456 810 1496 res
837 1447 866 1494 et
893 1446 1051 1494 nocturnus
1080 1446 1174 1494 terror
1220 1425 1269 1494 38

75 1556 78 1561 ’
111 1553 139 1599 et
167 1542 226 1600 iam
256 1562 315 1601 nou
344 1562 404 1600 suas
429 1543 554 1601 fortunae
582 1544 732 1601 consilium
758 1545 955 1619 perturbaret,
984 1542 1174 1616 alloquendos

111 1649 368 1724 adhortandosque
382 1649 438 1706 sibi
459 1650 563 1707 milites
583 1658 674 1720 ratus,
696 1650 830 1707 contione
852 1649 1008 1718 advoca-ta,
1028 1648 1070 1704 ita
1085 1649 1174 1705 disse·

110 1754 182 1811 ruit:
221 1755 298 1824 „Vel
322 1774 387 1812 mea
419 1773 489 1829 erga
509 1757 700 1832 imperatores
727 1767 844 1811 nostros
871 1753 956 1810 vivos
985 1752 1203 1827 mortuosque2

109 1861 204 1934 pictas
238 1860 286 1916 vel
314 1879 440 1934 praesens
468 1860 596 1917 omnium
624 1868 771 1928 nostrum,
801 1858 920 1928 milites,
950 1856 1069 1914 fortuna
1084 1857 1171 1914 ‘fidem

109 1964 201 2022 cuivis
222 1964 320 2022 facere
340 1974 451 2038 potest,
480 1966 549 2022 mihi
576 1966 633 2021 hoc
653 1964 821 2039 imperium,
849 1972 880 2020 nt
910 1963 1036 2038 amplum
1066 1962 1173 2020 iudicio

109 2079 217 2140 restro,
238 2070 281 2126 ita
304 2089 337 2126 re
358 2071 423 2145 ipsa
444 2089 535 2146 grave
556 2089 591 2127 ac
612 2069 765 2127 sollicitum
789 2087 862 2127 esse.
912 2069 978 2142 Quo
1000 2069 1075 2127 enim
1098 2067 1203 2126 tem-3

107 2184 188 2252 porc,
209 2176 266 2233 nisi
287 2185 380 2232 metus
403 2194 552 2232 maerorem
576 2175 818 2250 obstupefaceret,
839 2176 889 2232 vix
910 2176 952 2233 ita
973 2193 1093 2250 compos
1115 2174 1173 2231 mci

107 2301 210 2352 essem,
232 2292 265 2339 ut
286 2281 385 2355 aliqua
407 2280 513 2337 solatia
533 2281 662 2337 invenire
691 2299 769 2355 aegro
792 2280 889 2336 animo
918 2299 1052 2356 possem,
1082 2298 1172 2354 cogor

107 2397 235 2446 vestram
258 2387 386 2445 omnium
410 2385 514 2456 vicem,
535 2386 614 2459 quod
638 2385 837 2443 difficillimum
863 2386 893 2442 in
917 2387 995 2442 luctu
1018 2393 1076 2454 est,
1098 2402 1172 2440 unus

107 2494 267 2551 consulere.
314 2493 354 2548 Et
376 2511 411 2548 ne
433 2501 494 2547 tum
517 2490 647 2564 quidem,
679 2492 737 2559 ubi,
760 2509 888 2566 quonam
912 2491 1000 2548 modo
1029 2493 1083 2548 bas
1104 2489 1202 2548 reli-4

108 2599 192 2674 quias
214 2600 336 2656 duorum
366 2596 543 2653 exercituum
566 2596 684 2669 patria.
694 2615 867 2653 conservare
896 2597 1015 2673 possim,
1042 2598 1172 2671 cogitan-

107 2705 176 2763 dum
199 2713 260 2774 est,
285 2710 418 2758 avertere
437 2701 564 2757 animum
587 2702 625 2757 ab
649 2701 767 2757 assiduo
789 2720 911 2758 maerorc
931 2702 1006 2758 licet.
1058 2699 1203 2759 Praestob

108 2818 152 2867 est
172 2810 248 2868 enim
271 2808 378 2864 acerba
399 2806 548 2874 memoria,
570 2814 599 2862 et
621 2805 771 2879 Scipiones
795 2825 841 2862 me
864 2807 952 2862 enrbo
977 2807 1037 2863 dies
1058 2817 1172 2863 noctes·

109 2933 165 2989 que
194 2914 270 2972 curis
295 2913 504 2986 insomniisque
533 2911 645 2984 agitant
673 2921 702 2966 et
723 2911 851 2967 excitant
872 2928 949 2985 saepe
969 2929 1087 2979 somno,
1116 2909 1203 2968 neub

54 3063 58 3067 .
108 3037 140 3075 sc
177 3037 234 3076 nou
264 3019 388 3076 invictos
413 3037 467 3093 por
494 3025 573 3074 octo·
591 3034 684 3072 annos
716 3017 746 3072 in
772 3017 826 3073 his*
847 3016 932 3073 terris
959 3015 1063 3072 milites
1084 3034 1173 3086 suos,

107 3124 319 3183 commilitones
352 3132 480 3192 vestros,
510 3141 565 3178 neu
593 3141 655 3178 rem
686 3121 831 3196 publicam
864 3121 961 3195 patiar
980 3120 1118 3192 inultam,
1145 3131 1175 3179 et

108 3247 192 3286 suam
216 3227 396 3303 disciplinam
419 3245 530 3300 suaque
550 3228 682 3284 instituta
704 3226 786 3301 sequi
809 3226 910 3282 iubent
935 3233 972 3295 et,
993 3235 1026 3282 ut
1045 3226 1203 3302 imperiis?

106 3334 242 3400 ¹vivorum
271 3351 356 3390 nemo
390 3331 572 3389 obedientior
602 3352 648 3389 me
677 3351 736 3388 uno
762 3331 864 3402 fuerit,
896 3331 939 3387 ita
959 3342 1027 3405 post
1050 3340 1172 3389 mortem

107 3457 207 3510 suam,
239 3439 318 3513 qnod
344 3437 373 3493 in
400 3455 516 3511 quaque
544 3457 577 3495 re
603 3438 733 3495 facturos
761 3437 827 3494 illos
848 3437 938 3494 fuisse
960 3437 1086 3494 maxime
1107 3454 1172 3492 cen·

106 3562 198 3614 seam,
219 3544 249 3601 id
272 3544 412 3619 optimum
436 3544 550 3602 ducere.
598 3544 663 3600 Vos
686 3561 804 3617 quoque
829 3541 930 3611 velim,
962 3541 1085 3611 milites,
1113 3542 1203 3598 non8

106 3649 243 3706 lamentis
286 3648 472 3722 lacrimisque
518 3658 657 3723 tanquam
694 3648 852 3705 exstinctos
888 3647 1025 3723 prosequi
1060 3646 1174 3718 (vivunt

106 3752 265 3829 uigentque
286 3754 369 3811 fama
388 3772 484 3810 rerum
505 3753 682 3828 gestarum),
712 3753 772 3831 sed,
794 3754 1022 3827 quotiescunque
1043 3762 1174 3809 occurret

108 3859 251 3916 memoria
271 3859 397 3929 illorum,
418 3860 498 3915 velut
519 3858 544 3915 si
565 3859 753 3916 adhortantes
774 3858 947 3932 signumque
968 3857 1069 3914 dantes
1092 3856 1174 3914 vide-
1229 3922 1235 3928 ¹

107 3964 165 4021 atis
189 3981 249 4035 eos,
270 3964 313 4021 ita
333 3965 437 4040 proelio
462 3964 553 4026 inire„
587 3964 652 4022 Nec
674 3964 733 4021 alia
753 3962 885 4041 proiecto
907 3962 1017 4038 species
1038 3961 1205 4021 hesternod
