2704 4552
304 208 359 264 tus
569 207 648 258 Liber
664 207 752 257 xxti.
788 208 835 272 (Α.
850 223 875 257 ιι.
889 225 910 258 c.
926 210 999 272 uas.)

260 399 321 458 tes,
356 391 452 465 speeie
473 391 689 467 transfugarum
720 411 807 466 quum
831 393 869 449 ab
900 387 976 461 suis,
1008 411 1134 468 parmas
1158 406 1228 468 post
1254 405 1298 459 ιν,

229 495 413 564 annuentes,
436 496 667 571 adequitassent‚
691 507 809 573 repente
831 517 867 555 ex
891 499 972 574 equis
994 499 1148 568 desiliunt,
1172 498 1302 573 parmis.

261 609 290 655 et
310 599 411 656 iaculis
434 603 611 676 antepedes
640 603 765 660 hostiurn
788 602 934 678 proiectis,
955 604 984 660 in
1013 605 1147 661 mediam
1174 603 1264 660 aciem
1287 628 1303 651 2,

263 705 339 781 eapti
364 706 500 782 ductique
528 709 566 764 ud
597 709 714 766 ultimos
744 708 894 765 considere
919 709 957 765 ab
984 719 1067 784 tergo
1091 709 1246 766 iubentur.
1293 740 1307 759 ιι

261 811 329 869 duur
362 813 495 887 proelium
528 815 566 871 ab
599 815 678 872 omni
710 825 794 889 parte
821 814 996 883 conseritur,
1030 815 1121 889 quieti
1156 830 1296 872 mensem

230 922 416 992 tpostquam
449 919 577 976 omniurn
612 921 725 978 animos
758 921 915 994 oculosque
945 930 1146 994 occupaverat
1183 931 1307 976 certam

264 1034 324 1078 turn
351 1025 474 1098 arreptis
504 1024 607 1094 sentis,
637 1044 701 1100 quae
728 1025 837 1101 passim
858 1025 933 1082 iuter
957 1043 1078 1082 acervos
1101 1043 1251 1082 caesorum
1271 1041 1293 1079 c·

262 1146 366 1202 porutn
395 1139 487 1185 streta
522 1141 619 1201 erant,
656 1149 789 1188 aversam
826 1129 998 1188 adoriuntur
1029 1132 1205 1187 Romanam
1240 1127 1306 1184 aci

263 1243 404 1306 tergaque
425 1233 561 1292 lerientes
584 1253 618 1292 ae
647 1236 772 1310 poplites
796 1235 937 1294 cadentes
968 1244 1096 1310 stragem
1128 1236 1300 1309 ingentem

233 1338 407 1394 5maiorem
441 1339 590 1414 aliquanto
622 1360 761 1423 pavorem
796 1360 831 1398 ae
858 1341 1011 1398 tumultum
1039 1340 1188 1398 fecerunt.
1244 1337 1306 1408 Qun

266 1444 336 1500 alibi
358 1453 453 1501 terror
474 1464 509 1502 ae
533 1445 614 1520 fuga,
637 1447 706 1503 alibi
727 1446 862 1521 pertinax
884 1447 913 1503 in
938 1446 1015 1532 aiala
1036 1447 1095 1502 iam
1119 1465 1176 1522 spe
1204 1444 1310 1521 proelia
1335 1452 1344 1473 ¹⁴

266 1558 357 1617 esset,
382 1549 560 1618 Hasdrubal,
587 1552 636 1625 qui
660 1571 695 1608 ea
718 1561 800 1626 perte
829 1561 969 1626 praeerat,
995 1552 1156 1608 subductos
1181 1570 1222 1608 ex
1243 1547 1304 1604 medi
1341 1566 1344 1577 ⁴

266 1654 329 1710 eeie
351 1654 510 1727 Numidas,
542 1657 610 1730 quia
639 1657 735 1731 segnis
765 1675 863 1714 eorum
892 1675 958 1714 eum
986 1658 1116 1714 adversis
1139 1673 1244 1732 pugna
1263 1671 1301 1709 era

233 1759 302 1814 ded
325 1762 541 1836 persequendos
570 1762 677 1836 passim
700 1761 846 1837 fugientes·
865 1762 965 1831 mittit,
996 1761 1149 1837 Hispanos
1179 1771 1211 1818 et
1232 1757 1344 1817 Gall›>·-*

264 1866 375 1939 equites
411 1865 495 1924 Afris
530 1885 622 1941 prope
656 1865 714 1922 iam
751 1865 835 1923 fessis
871 1868 949 1924 caede
984 1868 1078 1942 magis
1112 1885 1204 1941 quarn
1237 1875 1315 1938 pugne

264 1971 403 2048 adiungit.

169 2073 213 2140 49
347 2078 437 2135 Parte
472 2079 565 2135 altera
599 2095 704 2152 pugnae
735 2078 861 2147 Paulus,
898 2096 1064 2152 quanquam
1102 2077 1200 2153 primo
1236 2070 1312 2130 statio

233 2182 370 2255 2proelio
403 2183 494 2239 funda
523 2183 652 2257 graviter
678 2184 752 2240 ictus
781 2183 892 2255 iuerat,
924 2193 1022 2239 tamen
1055 2190 1084 2238 et
1104 2181 1231 2239 occurrit
1254 2191 1311 2247 saept

270 2303 334 2342 cunr
370 2286 507 2344 confertis
540 2287 700 2344 Hannibali
732 2299 760 2345 et
788 2289 900 2364 aliquot
928 2264 999 2346 loeis
1031 2273 1167 2363 proelium
1200 2279 1312 2345 restituit
1338 2292 1344 2317 ’

234 2392 482 2466 3pretegentibus
505 2412 570 2449 eum
594 2393 737 2466 equitibus
759 2393 910 2464 Romanis,
932 2394 1046 2450 omissis
1068 2403 1219 2468 postremo
1240 2383 1310 2459 equis,
1336 2398 1339 2403 ’

267 2497 335 2571 quia
373 2497 519 2555 consulem
557 2509 586 2555 et
622 2499 660 2555 ad
696 2499 854 2574 regendum
893 2517 999 2573 equum
1036 2498 1113 2554 vires
1150 2493 1310 2554 deficiebant·

267 2603 344 2658 Tum
368 2604 543 2662 renuntianti
566 2603 696 2674 cuidam,
723 2604 842 2660 iussisse
863 2603 1010 2661 consulem
1040 2602 1077 2659 nd
1100 2603 1190 2677 pedes
1211 2601 1309 2658 deseen-

267 2707 337 2763 dere
369 2709 495 2782 equites,
532 2710 639 2766 dixisse
673 2708 870 2765 Hannibalern
901 2707 1011 2796 ierunt:
1052 2707 1168 2780 „Quam
1207 2701 1310 2762 mallent

233 2812 380 2869 dvinetos
414 2815 484 2871 mihi
516 2815 672 2873 traderet.“
721 2811 861 2884 Equitum
894 2812 1027 2888 pedestre
1059 2812 1208 2886 praelium,
1245 2801 1309 2880 qutle

269 2917 327 2974 ianr
350 2919 428 2975 haud
454 2919 542 2976 dubia
572 2920 698 2976 hostium
721 2916 858 2985 victoria,
886 2917 955 2986 fuit,
985 2935 1072 2991 quum
1102 2916 1172 2973 vieti
1200 2911 1269 2972 mori
1290 2906 1309 2960 in

157 3061 168 3070 r
267 3023 391 3098 vestigio
415 3025 534 3081 mallent
563 3043 648 3098 quam
671 3023 786 3098 fugere,
816 3023 941 3079 virt-ores
970 3022 1150 3078 morantibus
1179 3015 1308 3078 vissenam

235 3129 333 3186 ditati
370 3129 561 3199 trucidarent,
599 3147 672 3203 quos
708 3127 815 3203 pellere
850 3145 908 3184 non
945 3137 1090 3202 poterant.
1153 3124 1309 3200 Peputenn

266 3244 365 3290 tantan
391 3234 449 3289 ianr
472 3251 582 3308 paucos
611 3243 781 3308 superantes
802 3241 831 3288 et
852 3232 954 3290 labore
985 3250 1019 3289 ae
1040 3231 1209 3288 vulneribus
1229 3229 1309 3287 lentot?

264 3338 338 3394 Inde
360 3337 492 3412 dissipati
514 3356 614 3395 omnes
636 3349 715 3408 suut,
744 3356 892 3412 equosque
922 3337 959 3394 ad
980 3336 1091 3411 iugem,
1116 3335 1167 3408 qui
1188 3337 1306 3409 poterant

235 3444 444 3517 drepetebant.
495 3441 548 3501 Cn.
578 3427 878 3501 Lentulustribunua
907 3442 1028 3499 militurn
1059 3459 1146 3515 quum
1176 3449 1307 3515 preterie-

266 3548 338 3603 hens
360 3567 435 3622 equo
458 3548 604 3618 sedentem
626 3548 655 3604 in
678 3565 752 3604 saxo
773 3567 876 3604 eruore
898 3547 1046 3623 oppletum
1069 3545 1216 3603 consulein
1239 3537 1307 3600 vidis-

236 3655 319 3722 7set,
344 3654 398 3723 „L.
423 3653 546 3712 AEmili“
573 3653 676 3726 inquit,
700 3671 804 3727 „quem
832 3671 921 3710 unum
948 3651 1091 3708 insontem
1122 3649 1214 3724 eulpae
1238 3641 1307 3704 eladis

235 3757 412 3816 8hodiernae
434 3759 480 3816 dei
501 3758 645 3833 respicere
666 3758 781 3828 debent,
803 3774 875 3831 cape
895 3757 972 3813 hune
993 3773 1113 3829 equum,
1139 3755 1208 3811 dum
1229 3763 1254 3810 et
1269 3742 1304 3805 uti

265 3865 370 3922 virium
404 3865 514 3938 aliquid
541 3872 673 3938 superest
700 3871 725 3918 et
752 3878 849 3918 aemes
879 3879 934 3934 ego
961 3870 990 3917 te
1022 3859 1123 3916 tollere
1155 3875 1265 3934 possum
1282 3864 1306 3906 ³0

269 3979 432 4044 protegere.
485 3969 534 4024 Ne
560 3969 704 4024 inuestem
728 3967 804 4022 haue
832 3984 960 4040 pugnum
984 3977 1077 4021 morte
1103 3965 1228 4022 consulis
1251 3960 1305 4018 fee-
