2748 4556
398 254 475 304 Liber
493 253 581 304 XXX.
617 252 665 317 (A.
680 253 729 308 uh.
743 256 815 318 Μ.)
1031 260 1090 317 255

35 441 244 500 exercitibus
265 437 372 515 puisis;
406 437 507 494 consul
528 446 661 508 creatus,
684 457 772 513 quum
796 439 899 496 ceteris
922 441 960 497 sd
982 443 1131 499 tutandam
1150 446 1184 498 tt

34 548 182 606 Italiam
205 563 310 622 perum
332 542 420 600 enimi
442 551 535 614 esset,
565 552 763 619 transgressus
790 545 819 600 in
840 543 989 616 Africam,
1019 547 1132 604 duobus

36 653 99 710 hic
123 651 307 709 exercitibus
328 646 424 715 cesis,
459 645 534 704 binis
557 649 658 706 endem
680 651 753 706 horu
776 651 868 726 ceptis
889 651 976 708 simul
996 650 1132 708 incensis·

40 776 112 832 que
138 757 257 826 cestris,
281 754 415 828 Syphace
429 752 630 826 potentissimo
649 773 718 829 rege
738 765 835 831 cepto,
857 765 901 814 tot
916 757 1035 814 urbibus
1051 757 1133 831 regni

41 863 130 930 eius,
157 869 205 918 tot
226 859 318 917 nostri
333 857 447 933 imperii
466 857 581 932 ereptis,
605 877 650 916 mo
665 869 778 918 sext-nm
796 861 938 919 decimum
954 863 1012 919 iam
1025 881 1131 920 annum

42 970 220 1025 haerentem
249 967 278 1022 in
308 964 492 1041 possessione
521 963 614 1021 Itsliae
644 965 806 1025 detraxisti.
856 969 959 1026 Potest
979 969 1131 1026 victoriam
1150 971 1183 1024 ts

45 1073 149 1130 melle
189 1090 277 1146 quam
314 1089 415 1145 pacem
448 1069 572 1128 unimus.
619 1071 700 1129 Novi
732 1072 851 1148 spirit-ns
884 1091 1006 1148 magnos
1039 1077 1132 1150 magis

48 1173 151 1254 quern
178 1177 276 1246 utiles3
298 1176 417 1232 etmihi
440 1175 505 1234 talis
529 1175 687 1248 aliquando
711 1175 829 1234 fortune
851 1177 968 1236 affulsit.
1002 1179 1089 1252 Quod
1108 1179 1132 1236 si
1149 1181 1183 1235 16

48 1285 86 1341 in
110 1283 251 1342 secundis
279 1282 367 1338 rebus
388 1283 494 1338 bonam
519 1298 635 1354 quoque
658 1291 782 1338 mentem
805 1284 909 1340 darent
930 1284 985 1354 dei,
1015 1303 1074 1341 non
1097 1263 1132 1340 en

51 1391 176 1459 sotum,
215 1407 279 1462 que
301 1387 478 1456 evenissent,
512 1387 672 1444 sedetiam
696 1407 745 1458 en,
779 1407 844 1462 quae
868 1389 983 1447 evenire
1005 1399 1131 1465 possent,

52 1503 275 1572 reputaremus.
333 1494 376 1551 Ut
408 1492 537 1548 omnium
572 1492 755 1549 obliviscaris
795 1494 932 1564 eliorum,
969 1496 1040 1552 snt-is
1077 1513 1131 1570 ego

55 1598 231 1657 documenti
264 1598 293 1653 in
317 1615 416 1653 omnes
447 1615 531 1653 casus
561 1616 635 1654 sum.
685 1597 779 1671 Quem
808 1601 904 1668 modo,
934 1602 1036 1657 eastris
1057 1597 1182 1658 interit

56 1704 209 1763 Anienem
235 1713 322 1778 atque
343 1703 443 1760 urbem
462 1712 588 1759 vestram
608 1703 721 1778 positis,
742 1704 825 1778 signa
839 1704 1008 1762 inferentem
1025 1705 1131 1762 moenia

57 1813 201 1868 Romane
234 1817 412 1878 tremuerunt,
445 1807 499 1872 hie,
516 1827 618 1866 ceruus
640 1809 754 1865 duobus
780 1807 936 1880 fratribus,
966 1809 1130 1868 fortissimis

59 1915 151 1983 viris,
182 1913 348 1972 clarissimis
369 1912 608 1988 imperatoribus,
642 1915 791 1984 orbatum,
823 1923 891 1971 ante
913 1915 1019 1972 moenis
1040 1933 1130 1990 prope

61 2021 193 2077 obsessae
213 2019 331 2094 patrie,
363 2019 469 2092 'quibus
497 2019 587 2076 terrui
616 2028 742 2076 vestram
776 2020 893 2089 urbem,
925 2040 960 2077 eu
986 2039 1040 2095 pro
1065 2038 1131 2076 mou

62 2127 276 2200 deprecantem.
331 2124 469 2181 Maxime
505 2125 608 2199 cuique
647 2123 771 2181 fortune
804 2125 920 2182 minime
957 2125 1182 2184 credendum18

63 2226 121 2288 est.
166 2231 202 2286 In
239 2231 323 2287 bonis
351 2230 407 2287 tuis
439 2231 541 2300 rebus,
576 2230 682 2287 nostris
715 2229 828 2302 dubiis,
862 2233 961 2306 ample
995 2250 1029 2289 ac
1063 2249 1129 2307 spe-

65 2336 147 2393 ciosa
168 2335 248 2392 denti
270 2345 312 2393 est
333 2343 411 2412 pax,
445 2336 529 2394 nobis
550 2335 714 2410 petentibus
738 2337 832 2412 magis
856 2337 1020 2394 necessaris
1041 2356 1128 2412 quem

64 2445 196 2501 honeste.
245 2441 351 2498 Melior
366 2441 512 2514 tutiorque
529 2449 573 2498 est
589 2450 668 2498 certa
683 2461 743 2516 pax
755 2460 843 2515 quum
859 2452 976 2517 sperata
991 2443 1129 2512 victoria3
1147 2450 1181 2505 19

67 2550 130 2604 huto
162 2546 191 2603 in
222 2555 288 2620 tua,
326 2545 376 2602 ille
407 2546 436 2602 in
467 2547 586 2604 deorum
616 2565 703 2604 manu
726 2555 778 2604 est.
832 2549 880 2605 Ne
911 2557 956 2606 tot
988 2567 1128 2606 annorum

67 2651 231 2710 felicitatem
253 2651 283 2706 in
306 2651 389 2707 unius
410 2652 490 2708 horae
504 2652 618 2710 dederis
639 2653 803 2713 discrimen.
852 2652 948 2726 Quum
967 2653 1130 2723 suasuros,
1144 2659 1182 2714 20

69 2768 129 2814 tum
150 2757 208 2814 vim
229 2755 352 2814 fortune
369 2756 553 2831 Martemque
573 2758 641 2815 belli
664 2777 846 2816 communem
864 2735 995 2833 propone
1017 2759 1130 2827 anim03

71 2862 200 2937 utrinqne
210 2861 328 2934 ferrum,
343 2861 478 2936 utrinque
492 2881 618 2938 corpere
629 2865 757 2921 humana
769 2872 867 2933 erunt;
882 2881 1025 2936 nusquam
1037 2863 1131 2920 minus

73 2987 157 3044 quum
178 2967 206 3024 in
228 2967 304 3024 bello
327 2976 445 3024 eventus
468 2969 652 3043 respondent.
700 2968 769 3026 Non
791 2977 903 3025 tantum
926 2968 964 3024 ad
985 2967 1030 3038 id,
1053 2969 1131 3041 quod
1144 2963 1178 3018 2¹

74 3076 140 3132 dats
159 3057 312 3149 paceium
334 3073 443 3129 hebere
465 3081 565 3147 potes,
599 3074 623 3131 si
645 3074 749 3150 proelio
771 3075 890 3143 vineas,
927 3073 1027 3148 glorios
1049 3073 1131 3138 edie-¹

75 3179 151 3249 coris,
173 3186 314 3252 quantum
336 3178 480 3248 ademeris,
501 3179 526 3235 si
549 3180 618 3254 quid
634 3180 749 3237 adversi
768 3180 890 3239 eveniet.
940 3178 1032 3262 Simul
1046 3187 1132 3253 parte

77 3304 110 3343 so
129 3294 242 3360 sperata
263 3284 371 3340 deeora
393 3284 476 3340 unius
500 3285 580 3340 horse
601 3283 719 3342 fortune
742 3293 872 3342 evertere
887 3291 992 3359 potest.
1025 3282 1132 3341 Omnis
1145 3281 1182 3336 22

77 3392 105 3447 in
133 3408 199 3465 pace
227 3389 374 3463 iungenda
404 3399 460 3444 tuse
490 3390 642 3463 potestatis
665 3400 746 3462 sunt,
779 3392 815 3448 P.
839 3389 974 3458 Corneli3
1007 3398 1075 3445 tuno
1097 3408 1132 3446 es
1236 3414 1244 3433 s

78 3495 201 3570 habenda
222 3493 341 3552 fortuna
363 3494 435 3562 erit,
463 3495 601 3568 quamdi
635 3495 774 3555 dederint.
824 3497 904 3552 Inter
925 3512 1021 3569 pauca
1041 3493 1132 3550 felici·
1145 3492 1183 3548 23

79 3601 141 3658 tetis
157 3600 327 3675 virtutisque
358 3599 493 3675 exemplu
520 3601 562 3660 M.
584 3600 692 3658 Atilius
723 3601 870 3675 quondam
900 3600 930 3656 in
951 3600 1007 3656 hee
1031 3598 1132 3656 eadem

81 3717 150 3764 tenu
178 3705 295 3776 fuisset,
332 3707 357 3762 si
387 3706 481 3764 vietor
513 3724 615 3780 pacem
650 3706 813 3780 petentibus
848 3705 974 3762 dedisset
1000 3705 1132 3780 patribus

81 3812 189 3880 nostris3
208 3830 267 3867 non
292 3811 446 3868 statuendo
468 3811 599 3868 felicitati
621 3811 739 3867 modum
761 3829 814 3868 nec
835 3811 996 3868 cohibendo
1011 3809 1149 3882 esseron,

83 3928 133 3974 tem
152 3935 181 3974 se
200 3895 356 3988 fortunurn,¹
382 3925 491 3992 quanto
516 3917 602 3974 ultius
624 3911 717 3973 elatus
739 3907 819 3986 eran
834 3935 869 3972 eo
891 3914 996 3973 foedius
1016 3917 1131 3974 corruit.

83 4022 131 4078 Est
149 4021 258 4095 quidem
281 4023 356 4091 eius,
390 4023 439 4097 qui
461 4023 527 4089 dat,
562 4040 620 4106 non
644 4022 694 4095 qui
717 4021 803 4096 petit,
831 4019 1015 4079 condiciones
1037 4021 1133 4078 dicere
1146 4022 1183 4076 24
