2748 4556
368 241 445 292 Liber
462 243 563 292 XXIX.
598 243 646 306 (Α.
662 243 709 298 ch.
723 247 795 310 aot.)
1005 251 1062 306 207

9 423 199 498 Syracusis
214 444 280 482 eum
298 437 501 484 convenerunt.
549 427 646 503 Scipio
665 449 831 506 quanquam
842 449 948 506 magno
960 444 1104 492 momento
1117 434 1134 489 2

10 550 122 587 rerum
162 531 200 588 in
230 531 337 590 Africa
363 533 553 606 gerendarum
585 554 748 612 magnaque
775 555 826 614 spe
855 538 1006 597 destitutus
1033 551 1104 610 erat,

9 636 133 710 legatis
161 657 304 713 propere,
326 637 493 712 priusquam
515 657 561 696 res
577 641 751 716 vulgaretur,
773 644 899 702 remissis
914 645 944 702 in
962 646 1104 719 Africam,

11 742 144 800 litteras
173 744 229 802 dat
251 744 289 800 ad
310 761 423 818 regem,
458 743 561 818 quibus
583 747 668 804 etiam
692 758 779 824 atque
801 751 887 807 etiam
910 763 1007 812 monet
1029 751 1134 826 eum,3

11 867 50 904 ne
81 849 165 906 iura
204 850 323 924 hospitii
345 867 441 906 secum
463 869 519 906 neu
541 869 605 908 eum
628 854 736 928 populo
758 857 892 914 Romano
913 859 991 917 inita
1012 861 1103 919 socie·

13 956 90 1012 tatis
121 975 194 1014 neu
218 955 274 1024 fas,
296 957 391 1026 fidem,
415 955 558 1029 dexteras,
580 959 650 1015 deos
671 968 758 1016 testes
780 970 867 1035 atque
889 965 1013 1023 arbitros
1035 986 1102 1026 con·

13 1072 216 1133 ventorum,
249 1061 343 1118 fallet.
387 1059 531 1132 Ceterum,
566 1067 682 1138 quando
714 1085 808 1142 neque
845 1069 932 1142 celari
965 1075 1104 1133 adventus
1118 1070 1143 1130 4,

15 1168 239 1225 Numidarum
270 1176 385 1242 poterat
416 1165 527 1241 (vagati
559 1169 633 1226 enim
659 1171 688 1228 in
711 1172 782 1229 urbe
806 1174 1010 1254 obversatique
1030 1201 1103 1257 pra-

16 1274 101 1330 torio
128 1274 238 1346 erant)
262 1283 299 1344 et,
322 1274 346 1329 si
367 1272 507 1341 sileretur,
530 1273 599 1347 quid
622 1284 749 1350 petentes
771 1279 925 1353 venissent,
947 1287 1102 1360 periculum

18 1389 105 1450 erat,
145 1399 191 1436 ne
223 1397 295 1436 vera
325 1397 360 1435 eo
388 1378 470 1454 ipso,
503 1380 582 1452 quod
604 1381 778 1455 celarentur,
811 1404 864 1443 sus
886 1401 988 1464 sponte
1010 1396 1103 1470 magis

22 1494 224 1555 emanarent,
245 1486 390 1558 timorque
411 1485 440 1541 in
462 1485 588 1542 exercitu
611 1487 762 1557 insideret,
784 1510 820 1548 ne
842 1494 926 1552 simul
948 1516 1011 1555 cum
1035 1519 1103 1576 rege

21 1599 50 1643 et
90 1589 397 1664 Carthaginiensibus
429 1589 505 1647 foret
540 1591 719 1665 bellandum,
752 1599 856 1655 avertit
884 1620 992 1663 avero
1022 1605 1103 1664 falsis

24 1695 276 1770 praeoccupando
319 1705 428 1753 mentes
459 1696 624 1767 hominum,
653 1709 681 1754 et
714 1704 825 1762 vocatis
862 1706 900 1762 ad
940 1710 1133 1768 contionemb

25 1800 193 1870 militibus,
215 1819 274 1856 non
292 1801 369 1857 ultra
384 1819 447 1858 esse
469 1801 659 1859 cunctandum
682 1805 735 1876 eit3
767 1808 892 1882 instare,
914 1822 946 1869 ut
971 1814 1001 1871 in
1022 1815 1103 1874 Afri·

28 1925 94 1964 cam
121 1905 366 1982 quamprimum
389 1906 522 1975 traiiciat,
544 1907 638 1965 socios
659 1928 750 1985 reges.
803 1915 986 1976 Masinissam
1008 1921 1101 1995 ipsum

26 2013 111 2084 prius
143 2014 191 2070 ad
213 2012 332 2070 Laelium
355 1989 469 2069 senisse
491 2024 671 2086 querentem,
705 2020 782 2091 quod
807 2025 968 2081 cunctando
990 2035 1103 2102 tempus

29 2127 201 2189 tereretur;
236 2137 312 2176 nunc
339 2117 502 2194 Syphacem
531 2119 642 2176 mittere
669 2121 780 2196 legatos
806 2125 880 2182 idem
913 2130 1133 2191 admirantem6

28 2228 292 2299 postulantemque,
314 2233 346 2282 ut
367 2235 418 2281 aut
438 2222 598 2280 traiiciatur
618 2226 734 2284 tandem
752 2229 782 2286 in
799 2231 931 2290 Africam
952 2237 1102 2310 exercitus,

33 2340 103 2400 ant,
144 2333 174 2388 si
199 2339 312 2388 mutata
333 2329 454 2388 consilia
475 2330 547 2401 sint,
582 2331 686 2388 certior
707 2335 775 2406 fiat,
811 2345 843 2394 ut
864 2348 892 2395 et
912 2343 970 2415 ipse
990 2344 1045 2401 sibi
1068 2364 1103 2402 ac

34 2452 126 2510 regno
150 2455 210 2494 suo
232 2437 324 2511 possit
345 2436 502 2494 consulere.
550 2436 653 2510 Itaque
668 2441 738 2497 satis
753 2441 811 2500 iarn
832 2446 964 2504 omnibus
981 2448 1131 2508 instruc-7

34 2540 70 2595 tis
87 2546 288 2617 paratisque,
323 2553 352 2599 et
378 2562 410 2599 re
438 2543 496 2599 iam
521 2560 580 2598 non
609 2543 685 2602 ultra
706 2549 861 2624 recipiente
882 2554 1102 2628 cunctationem,

37 2645 66 2701 in
92 2649 199 2708 animo
221 2647 277 2704 sibi
300 2665 377 2719 esse,
404 2646 566 2722 Lilybaeum
588 2649 679 2707 classe
700 2653 833 2713 traducta
856 2657 1015 2734 eodemque
1036 2680 1101 2720 om-

34 2752 121 2810 nibus
151 2754 286 2830 peditum
314 2754 501 2828 equitumque
521 2754 612 2829 copiis
634 2758 803 2828 contractis,
840 2779 903 2835 quae
926 2765 1020 2838 prima
1040 2768 1102 2826 dies

37 2874 155 2918 cursum
194 2860 319 2917 navibus
355 2859 451 2930 daret,
497 2859 559 2916 deis
595 2860 667 2918 bene
702 2859 868 2922 iuvantibus
904 2867 933 2924 in
968 2871 1101 2932 Africam

36 2964 185 3026 traiicere.
229 2965 356 3022 Litteras
379 2965 416 3021 ad
438 2965 478 3024 M.
500 2964 693 3039 Pomponium
716 2964 818 3040 mittit,
846 2979 893 3041 ut,
921 2973 945 3030 si
976 2976 1003 3032 ei
1023 2975 1134 3036 vidae

39 3075 132 3140 retur,
166 3071 329 3145 Lilybaeum
356 3069 482 3141 veniret,
520 3079 552 3127 ut
583 3069 772 3128 communiter
803 3077 998 3152 consulerent,
1031 3103 1104 3159 quas

39 3172 225 3242 potissimum
248 3175 376 3251 legiones
401 3183 428 3232 et
452 3183 590 3249 quantum
613 3175 733 3234 militum
754 3197 904 3240 numerum
925 3185 955 3244 in
970 3187 1103 3250 Africam

41 3277 198 3338 traiiceret.
231 3281 307 3338 Item
332 3279 438 3337 circum
461 3297 542 3337 oram
565 3282 738 3340 maritimam
760 3286 846 3358 misit,
868 3298 900 3346 ut
920 3309 1010 3352 naves
1035 3298 1133 3356 one-9

42 3384 126 3442 rariee
149 3402 330 3462 comprensae
350 3384 508 3460 Lilybaeum
541 3404 641 3443 omnes
664 3393 910 3453 contraherentur.
958 3398 1103 3477 Quicquid
1119 3404 1153 3458 10

43 3487 164 3550 militum
186 3495 355 3565 traciamque
377 3490 406 3546 in
433 3487 531 3547 Sicilia
553 3501 628 3562 eret,
662 3512 748 3569 quum
774 3498 934 3574 Lilybaeum
953 3504 1102 3566 convenis-

45 3603 102 3665 set,
135 3608 164 3655 et
196 3616 251 3654 nec
273 3597 343 3654 urbs
371 3594 580 3654 multitudinem
602 3599 750 3659 hominum
773 3619 866 3678 neque
888 3617 989 3682 portus
1012 3630 1102 3674 naves

47 3715 176 3776 caperet,
198 3711 298 3761 tantus
319 3701 451 3759 omuibus
474 3702 562 3759 ardor
582 3712 645 3760 erat
668 3705 698 3761 in
720 3707 852 3767 Africam
874 3713 1050 3791 traiiciendi,
1071 3731 1103 3781 ut
1119 3722 1150 3776 11

48 3819 103 3862 non
127 3810 164 3866 ad
185 3809 293 3869 bellum
316 3807 382 3864 duci
401 3806 574 3879 viderentur,
596 3810 646 3866 sed
669 3811 707 3868 ad
728 3822 807 3870 certa
824 3817 952 3878 victoria
973 3827 1102 3899 praemia.

48 3907 204 3991 Pracipue,
234 3913 284 3991 qui
311 3912 487 3988 superabant
513 3932 550 3970 ex
573 3912 719 3974 Cannensi
740 3921 867 3981 exercitu
889 3927 1010 4002 milites,
1042 3933 1101 4006 illo,

49 4029 103 4072 non
125 4021 182 4080 alio
214 4021 288 4078 duce
311 4019 474 4088 credebaut,
503 4029 611 4077 navate
642 4022 684 4079 rai
705 4024 827 4100 publica
849 4048 947 4106 opera,
968 4038 1049 4096 finire
1070 4057 1101 4098 se
