2700 4426
391 207 470 258 Liber
486 207 573 260 XXV.
609 207 658 272 (A.
671 206 720 258 Ch.
734 208 806 272 tlt.)
1024 210 1084 267 239

37 393 146 448 hoste
171 390 343 463 prohibituri
375 393 470 455 sunt.“
520 384 791 466 Manipulares'sui
822 391 945 466 primum
979 399 1126 447 transcen-

62 494 176 551 dentem
196 494 317 564 fossam,
339 495 405 552 dein
425 495 502 569 legio
526 504 588 552 tota
609 506 709 554 secuta
724 508 776 554 est.
820 498 882 552 lam
906 506 935 553 et
956 496 1066 565 consul,
1088 496 1156 552 ads

61 609 248 673 conspectum
270 599 540 674 transgredientium
562 601 671 658 vallum
695 611 807 660 mutato
828 600 958 670 oonsilio,
980 600 1017 657 ab
1041 618 1126 657 revo-

61 702 156 759 cando
178 704 217 759 ad
237 705 400 762 incitandos
422 705 640 779 hortandosque
654 707 755 765 versu's
777 707 891 776 milites,
915 704 1076 773 ostendere,
1096 703 1132 760 in>

62 817 172 879 quanto
197 809 361 866 discrimine
392 828 426 867 ac
455 810 583 885 periculo
605 811 764 868 fortissima
791 812 897 867 cohors
923 809 1069 866 sociorum
1099 819 1127 865 et

61 910 168 969 civium
192 913 269 988 legio
292 923 378 974 esset.
428 915 534 988 Itaque
560 935 614 990 pro
643 933 674 972 se
699 916 820 989 quisque
847 931 948 970 omues
969 933 1021 988 per
1043 914 1156 987 aequa9

62 1024 151 1089 atque
171 1017 271 1092 iniqua
294 1017 375 1090 loca,
403 1038 492 1093 quum
513 1019 640 1092 undique
653 1020 722 1097 ‘tela
748 1019 959 1076 coniicerentur
986 1035 1126 1091 armaque

61 1126 92 1174 et
113 1111 239 1194 corpora
259 1123 358 1180 hostes
385 1124 559 1194 obiicerent,
588 1124 751 1198 pervadunt
777 1124 1011 1197 irrumpuntque;
1044 1120 1126 1178 multi

62 1223 206 1280 vulnerati
225 1226 323 1298 etiam,
345 1246 419 1301 quos
440 1229 517 1284 vires
539 1237 565 1284 et
585 1228 703 1302 sanguis
725 1230 884 1298 desereret,
913 1237 944 1284 ut
964 1227 1041 1284 intra
1062 1226 1124 1282 v‘al·

52 1325 121 1383 lum
136 1328 261 1386 hostium
286 1333 432 1403 caderent,
454 1334 633 1401 nitebantur3
655 1341 742 1408 capta
762 1333 862 1404 itaque
883 1341 1029 1388 momento
1052 1333 1177 1388 tem-10

60 1433 142 1506 poris
164 1434 292 1490 velutin
313 1435 402 1511 plano
429 1437 486 1493 sits
512 1455 565 1494 nec
585 1438 749 1512 permunita
778 1446 882 1494 castra.
927 1435 1028 1494 Caedes
1049 1436 1125 1504 inde,

60 1537 199 1594 uoniam
221 1557 323 1617 pugna
346 1550 418 1610 erat,
440 1541 573 1598 omnibus
594 1542 670 1599 intra
692 1543 800 1598 vallum
821 1540 981 1617 permixtis.
1030 1541 1126 1615 Supra
1142 1543 1175 1598 ll

61 1633 163 1698 decem
177 1643 267 1700 millia
286 1644 413 1701 hostium
435 1646 540 1716 occisa,
561 1664 650 1722 supra
670 1655 782 1722 septem
805 1646 895 1703 millia
915 1645 1042 1720 capitum
1060 1663 1126 1701 cum

60 1743 319 1806 frumentatoribus
334 1747 492 1825 Campanis
515 1751 651 1825 omnique
666 1754 861 1827 plaustrorum
883 1759 913 1808 et
932 1750 1125 1806 iumentorum

62 1861 207 1926 apparatu
232 1864 332 1928 capta;
355 1864 384 1912 et
406 1855 465 1912 alia
486 1855 587 1930 ingens
608 1857 709 1931 praeda
729 1856 798 1926 fuit,
821 1873 909 1929 quam
929 1855 1049 1923 Hanno,
1070 1873 1125 1929 po·

61 1956 246 2032 palabundas
270 1958 378 2033 passim
408 1979 497 2033 quum
524 1959 608 2030 isset,
640 1980 678 2017 ex
704 1961 848 2018 sociorum
878 1958 979 2034 populi
1000 1958 1126 2029 Romani

61 2061 143 2136 agris
166 2072 304 2122 traxerat.
344 2045 421 2121 'Inde
442 2065 543 2121 deletis
563 2065 690 2123 hostium
711 2065 813 2123 castris
830 2066 1028 2122 Beneventum
1050 2063 1126 2119 redi·
1141 2062 1177 2118 12

63 2175 136 2237 tum,
151 2168 354 2242 -praedamque
385 2168 425 2225 ibi
448 2167 535 2227 ambo
568 2172 701 2228 consules
733 2173 813 2244 (nam
836 2179 864 2226 et
885 2171 964 2243 App.
987 2167 1126 2227 Claudius

63 2288 104 2341 eo,
121 2281 188 2345 post
210 2289 320 2346 paucos
342 2273 402 2330 dias
418 2274 509 2347 venit)
530 2277 722 2333 vendiderunt
742 2276 966 2347 diviseruntque.
1014 2273 1053 2330 Et
1073 2273 1178 2330 do-13

62 2375 142 2446 noti,
172 2394 295 2449 quorum
326 2396 416 2453 opera
440 2370 536 2438 castra
561 2381 693 2438 hostium·
711 2389 799 2454 capta
830 2388 928 2447 erant,
960 2388 1028 2435 ante
1052 2378 1127 2434 alios

25 2474 29 2479 ’
63 2481 183 2539 Accaus
198 2482 336 2556 Pelignus
350 2491 376 2539 ct
394 2483 590 2556 (CPedanius,
605 2486 738 2561 princeps
753 2483 844 2541 tertiae
858 2483 989 2558 legionis.
1017 2483 1126 2540 Hanno
1142 2483 1178 2539 tt

64 2586 104 2643 ab
126 2584 261 2645 Cominio
284 2586 401 2659 Ocrito,
425 2609 483 2664 quo
505 2591 637 2648 nuntiata
664 2597 825 2646 castrorum
856 2587 953 2645 clades
974 2597 1031 2657 est,
1060 2605 1125 2644 cum

63 2689 166 2765 paucis
198 2691 468 2763 frumentatoribus,
508 2713 581 2770 quos
612 2694 693 2758 forte,
721 2711 819 2750 secum
851 2694 1008 2762 habuerat,
1049 2691 1127 2766 fugae

64 2796 159 2870 magis
187 2815 274 2870 quam
303 2798 413 2862 itineris
441 2801 527 2857 modo
555 2779 585 2856 in
611 2800 742 2857 Bruttios
770 2797 864 2854 rediit.
912 2797 952 2853 Et
973 2795 1127 2870 Campani,
1181 2788 1220 2856 15
1278 2825 1280 2829 ’

65 2900 166 2960 audita
186 2919 241 2958 sus
261 2903 370 2977 pariter
391 2905 594 2978 sociorumque
617 2903 709 2973 clade,
730 2902 843 2976 legatos
872 2901 910 2957 ad
930 2890 1127 2958 Hannibalem

63 3005 219 3077 miserunt,
241 3007 292 3080 qui
312 3009 491 3078 nuntiarent,
522 3009 595 3065 duos
617 3005 749 3064 consules
776 3006 816 3062 ad
836 3006 1035 3062 Beneventum
1056 3021 1128 3074 esse,

64 3110 123 3168 diei
144 3111 199 3168 iter
226 3129 245 3168 a
266 3109 385 3187 Capua3
413 3122 524 3170 tantum
553 3131 626 3167 non·
644 3111 682 3168 ad
708 3118 809 3185 portas
841 3118 870 3165 et
897 3127 995 3194 muros
1021 3109 1128 3166 bellum

65 3231 143 3284 esse3
175 3215 207 3272 ni
236 3234 362 3290 propere
393 3217 562 3288 subveniat,
593 3215 714 3273 celerius
737 3212 870 3289 Capuam
905 3233 993 3290 quam
1028 3216 1128 3289 Arpos

63 3320 96 3378 in
128 3327 302 3396 potestatem
338 3321 464 3379 hostium
499 3331 662 3380 venturam.
723 3320 772 3376 Nc
806 3320 967 3376 Tarentum
1003 3319 1159 3393 quidem,2

64 3402 125 3481 non
160 3424 248 3481 modo
285 3444 394 3497 arcam,
430 3426 504 3482 tanti
540 3426 646 3484 debere
678 3442 756 3495 esse,
791 3433 824 3481 ut
856 3423 1004 3499 Capuam,
1040 3441 1129 3498 quam

66 3526 238 3604 Carthagini
272 3548 388 3605 sequare
414 3528 452 3586 sit
481 3531 596 3601 solitus,
629 3530 774 3586 desertam
807 3529 1045 3603 indefensamque
1075 3547 1128 3603 po·

64 3634 136 3710 pulo
162 3636 297 3693 Romano
328 3635 435 3692 tradat.
487 3635 639 3692 Hannibal
666 3651 743 3691 curae
759 3632 826 3708 *sibi
858 3633 922 3690 fore
949 3653 1010 3690 rem
1039 3632 1159 3691 Cam-3

64 3759 173 3815 punam
209 3740 369 3815 pollicitus,
411 3740 441 3796 in
484 3739 637 3814 praesentia
679 3739 736 3795 duo
773 3737 864 3794 millia
899 3739 1027 3812 equitum
1064 3757 1128 3795 cum

64 3845 169 3920 legatis
206 3844 309 3915 mittit,
350 3863 408 3920 quo
444 3844 580 3920 prasidio
615 3862 703 3920 agros
738 3843 976 3918 populationibus
1011 3818 1130 3918 pcssent

64 3951 235 4026 prohibere,
