2812 4556
334 249 373 306 36
612 247 689 298 Liber
707 247 781 300 XXI.
819 248 866 311 (A.
880 263 906 302 u.
920 204 945 300 cl
959 250 1033 315 5³6.)

291 429 388 488 vorbis
411 431 608 490 adhortandos
635 431 739 488 milites
772 440 869 502 ratus,
893 433 1071 492 circumdato
1100 435 1138 492 ad
1160 435 1352 512 spectacula
1385 455 1388 494 ι

235 571 240 578 ,
290 533 429 605 exercitu,
450 533 581 610 captivos
603 543 758 592 montanos
779 536 892 594 vinctos
907 538 937 594 in
949 539 1053 622 ‚medio
1076 541 1189 611 statuit,
1216 539 1361 612 armisqu

291 637 414 698 Gallicis
447 649 514 696 ante
537 640 626 715 pedes
658 659 758 699 sorum
780 641 925 716 proiectis,
958 643 1140 718 interrogare
1170 645 1364 720 interprete

290 743 388 815 iussit,
418 745 534 827 ecquis,
563 746 588 802 si
608 745 731 803 vinculis
753 746 900 804 levaretur
921 765 1062 822 armaque
1083 759 1113 806 et
1135 769 1251 825 equum
1277 733 1388 806 victor

258 847 443 925 2acciperet,
465 850 613 908 decertare
634 850 713 908 ferro
737 852 833 908 vellet.
884 851 980 926 Quum
1003 853 1042 909 ad
1064 873 1152 912 unum
1176 873 1292 914 omnes
1314 853 1366 912 fer·

288 975 353 1014 rum
374 975 561 1032 pugnamque
583 965 736 1032 poscerant
758 964 786 1013 et
808 957 919 1014 deiecta
931 957 961 1014 in
977 957 1006 1014 id
1027 976 1092 1015 sors
1115 969 1201 1031 esset,
1226 979 1265 1016 se
1289 908 1385 1033 quis·¹

258 1061 347 1137 iique
369 1080 435 1118 eum
457 1063 588 1137 optabat,
613 1079 699 1136 quem
714 1060 833 1120 fortuna
855 1061 886 1118 in
906 1062 937 1118 id
956 1071 1102 1122 certarnen
1123 1065 1250 1140 legeret,
1277 1071 1318 1132 et,
1339 1071 1365 1118 ct

289 1166 429 1241 cuiusque
450 1184 514 1224 sors
537 1165 699 1236 exciderat,
731 1166 844 1237 alacer,
873 1166 949 1224 inter
970 1169 1151 1243 gratulantes
1172 1169 1293 1244 gaudio
1318 1187 1363 1224 ex-

257 1271 408 1343 lsultens,
430 1271 563 1346 cumsui
587 1270 676 1328 moris
706 1270 841 1345 tripudiis
870 1290 954 1329 arma
974 1272 1082 1348 raptim
1104 1274 1254 1348 capiebat.
1305 1273 1361 1332 Ubi

286 1395 356 1434 vero
379 1377 558 1446 dimicarent,
579 1376 604 1432 is
624 1376 741 1434 habitus
757 1361 925 1434 animorum·
940 1397 999 1434 non
1019 1378 1095 1436 inter
1114 1378 1245 1435 eiusdem
1273 1377 1361 1434 modo

286 1481 463 1539 condicionis
485 1481 616 1538 homines
638 1491 709 1550 erat,
732 1481 784 1538 sed
809 1482 897 1538 etiam
919 1483 995 1541 inter
1016 1492 1180 1558 spectantes
1202 1485 1309 1559 vulgo,
1331 1491 1357 1537 ut

285 1605 345 1644 uon
376 1586 551 1644 vincentium
586 1587 679 1661 magis
714 1605 801 1661 quam
831 1587 904 1644 bene
933 1589 1117 1646 morientium
1149 1586 1274 1644 fortune
1298 1587 1356 1642 lau-

191 1689 236 1758 43
285 1692 411 1750 daretur.
470 1692 566 1765 Quum
599 1693 641 1749 sic
675 1692 787 1766 aliquot
816 1691 953 1767 spectatis
981 1693 1101 1768 paribus
1124 1692 1247 1750 affectos
1274 1690 1355 1754 dim's

284 1797 379 1867 sisset,
400 1797 534 1854 contione
555 1785 623 1855 inde
645 1799 790 1856 advocate
810 1797 852 1854 ita
872 1798 949 1871 apud
973 1817 1022 1856 eos
1044 1799 1158 1856 locutus
1183 1798 1289 1858 fertur.
1384 1838 1385 1863 ι

253 1907 271 1964 2
370 1903 432 1974 ,Si,
455 1923 540 1978 quem
565 1904 692 1962 animum
719 1904 750 1960 in
778 1902 879 1960 clienae
908 1903 994 1960 sortis
1016 1903 1150 1978 exemplo
1172 1904 1264 1979 paulo
1289 1913 1352 1962 ante,

284 2009 443 2080 habuistis,
473 2010 595 2066 eundem
620 2028 690 2066 mox
711 2009 741 2064 in
762 2008 933 2066 estimanda
956 2007 1075 2065 fortuna
1095 2019 1195 2069 vestra
1215 2008 1347 2070 habueri·

284 2115 330 2184 tis,
352 2115 484 2185 vicimus,
506 2115 623 2184 milites3
644 2132 739 2189 neque
761 2113 836 2170 enim
858 2114 1055 2188 spectaculum
1080 2116 1167 2172 modo
1192 2115 1279 2185 illud,
1301 2113 1348 2170 sed

252 2220 417 2293 liquandam
439 2220 529 2276 veluti
551 2220 648 2294 imago
671 2229 775 2276 vestrae
797 2219 974 2276 condicionis
999 2228 1071 2276 erat
1113 2221 1161 2278 Ac
1182 2221 1292 2290 nescio,
1313 2235 1347 2274 aa

284 2325 398 2396 maiora
421 2324 537 2383 vincula
566 2324 750 2398 maioresque
778 2325 964 2382 necessitates
993 2324 1078 2380 vobis
1108 2344 1196 2399 quam
1226 2324 1346 2401 captivis

251 2430 386 2490 lvestris
417 2429 536 2488 fortuna
569 2429 796 2489 circumdederit.
848 2430 964 2486 Dextra
996 2430 1128 2505 levaque
1164 2431 1223 2488 duo
1255 2429 1344 2487 maria

283 2533 435 2604 claudunt,
468 2534 578 2590 nullam
607 2554 644 2592 ne
672 2534 710 2590 ad
743 2531 882 2609 effugium
916 2534 1031 2609 quidem
1059 2553 1165 2592 navem
1194 2537 1346 2600 habentes,

282 2638 360 2696 circa
388 2639 489 2696 Padus
522 2639 629 2710 amnis,
663 2637 757 2698 maior
786 2637 916 2716 [Padus]
946 2659 980 2696 ec
1009 2640 1165 2698 violentior
1192 2643 1343 2706 Rhodano,

282 2745 319 2800 ab
341 2753 424 2818 tergo
438 2743 531 2819 Alpes
553 2754 666 2820 urgent,
687 2746 738 2803 vix
761 2745 880 2819 integris
904 2746 988 2803 vobis
1010 2765 1045 2804 ac
1067 2747 1231 2822 vigentibus
1253 2758 1342 2804 trans-

250 2848 336 2910 site.
383 2850 441 2908 Hic
460 2850 633 2908 vincendum
655 2861 707 2910 aut
728 2851 919 2921 moriendum,
941 2851 1060 2922 milites,
1083 2861 1135 2923 est,
1158 2854 1208 2912 ubi
1222 2854 1341 2930 primum

280 2953 357 3010 hosti
379 2955 553 3012 occurristis.
602 2956 642 3012 Et
661 2957 762 3012 eadem
785 2955 919 3026 fortuna,
948 2975 1012 3030 quse
1040 2958 1242 3016 necessitatem
1271 2973 1340 3033 pug-

278 3059 368 3116 nandi
390 3061 539 3136 imposuit,
570 3061 690 3135 praemia
712 3061 796 3118 vobis
818 3081 854 3118 ea
874 3061 1033 3118 victoribus
1060 3064 1213 3138 proponit,
1242 3064 1347 3138 quibus'

280 3165 423 3239 ampliore
453 3165 585 3224 homines
616 3184 653 3222 ne
685 3167 723 3224 ab
758 3167 812 3224 diis
846 3166 962 3240 quidem
997 3165 1210 3226 immortalibus
1243 3179 1339 3244 optare

247 3268 379 3329 tisolent.
428 3268 461 3326 si
488 3269 616 3328 Siciliam
647 3277 759 3328 tantum
792 3290 827 3330 ac
849 3270 1013 3330 Sardiniam
1040 3274 1209 3345 parentibus
1236 3272 1336 3331 nostris

278 3383 392 3448 ereptas
415 3383 516 3432 nostra
530 3375 637 3432 virtute
658 3378 857 3452 recuperaturi
876 3395 1014 3447 essemus,
1036 3377 1108 3433 satis
1130 3387 1228 3435 tamen
1247 3378 1337 3454 amplo

276 3479 371 3554 pretia
393 3489 502 3548 essent3
529 3480 667 3555 quicquid
687 3482 814 3540 Romani
841 3492 885 3541 tot
908 3482 1061 3558 triumphis
1092 3493 1209 3556 partum
1239 3501 1335 3558 conge·

276 3593 411 3658 stumque
433 3585 591 3660 possident,
612 3587 642 3643 id
665 3605 750 3644 omne
772 3598 899 3646 vestrum
929 3606 993 3646 cum
1021 3588 1091 3664 ipsis
1119 3587 1245 3644 dominis
1265 3587 1332 3646 futu·

246 3695 339 3747 irum
371 3699 430 3760 est3
462 3690 492 3746 in
512 3692 589 3749 hanc
617 3701 677 3749 tam
707 3693 835 3767 opimam
859 3693 1035 3761 mercedem,
1069 3693 1254 3768 agitedum,
1286 3693 1335 3750 diis

244 3795 347 3854 8b'ene
369 3795 534 3853 iuvantibus
556 3815 639 3852 arma
661 3798 764 3872 capite.
813 3799 891 3856 Satis
913 3799 1008 3857 adhuc
1029 3798 1058 3854 in
1073 3794 1165 3855 rastis
1184 3799 1334 3857 Lusitania

247 3875 495 3974 'Celtiberiaeque
516 3901 662 3958 montibus
682 3921 791 3975 pecora
813 3904 1006 3961 consectando
1029 3905 1138 3961 nullum
1163 3907 1331 3970 emolumen-

241 4008 334 4064 *itum
369 4014 411 4062 tot
438 4005 572 4063 laborum
599 4005 851 4081 periculorumque
878 4018 1041 4066 vestrorum
1065 4009 1192 4078 vidistis3
1225 4019 1332 4086 tempus
