2700 4426
628 216 646 253 V

108 401 123 466 ς
148 397 163 451 7
186 406 213 453 et
231 399 312 467 15,1
334 406 478 471 utrumque
492 398 625 454 consulem
639 406 759 470 oqentem
773 397 893 462 000000,ι
913 397 1017 467 dando,
1038 405 1069 452 ut
1082 409 1161 472 eope,

99 481 184 552 finito
215 482 379 551 narratione,
401 499 426 539 0.
450 482 496 549 10,
523 482 541 536 1
565 481 775 554 discrepantiam
795 490 936 537 auctorum
956 481 1111 554 siqnifleat.)
1141 483 1162 536 94

110 563 187 619 misit
209 561 300 637 (codd.
322 561 405 639 reae.)
427 563 498 632 XV,
523 568 534 620 1
561 563 665 620 Fulvio
688 561 779 637 (codd.
801 582 868 620 rece.
893 563 1019 620 Alteram
1040 583 1053 620 e
1074 563 1160 620 Fulvi

108 656 218 712 natum,·
251 647 368 702 Emend.
395 647 445 717 53,
466 646 526 703 380
546 665 572 703 n.
594 656 680 716 eutr,
707 647 941 715 0020111111,
968 647 996 716 9,
1020 648 1057 702 11
1078 647 1107 702 P
1123 665 1160 702 ex

108 728 230 804 collegio
263 729 428 804 pontificum
463 729 625 797 sententia.)
662 730 864 796 banniarum,
899 729 995 787 Latini
1027 729 1158 799 nominis,

109 811 339 887 municipiorum,
367 823 395 870 et
415 826 483 869 num
506 810 579 886 (Mq.
608 811 659 887 Op.
679 812 732 873 Aa.
755 812 779 882 I,
801 813 870 876 239,
891 813 955 869 En.
976 812 1048 886 300)
1071 812 1158 881 XVI,

110 898 126 951 2
150 893 317 970 (quiritaret
332 897 423 970 suppl.
445 895 488 954 W.
502 895 594 952 Drale.
616 895 666 952 sed
693 896 759 952 dum
781 896 855 952 inter
872 914 896 955 c.
914 915 940 956 a.
955 915 983 970 p.
1006 895 1158 970 deligatur)

108 979 213 1049 XVII,
246 983 262 1035 5
280 978 402 1053 (insedit.
426 978 592 1035 Hasdrubal
608 997 695 1052 quum
717 980 807 1053 mppl.
829 979 873 1037 W.
889 979 980 1035 Dralo.
996 978 1157 1054 occupavit.

108 1061 286 1132 Hasdrubal,
307 1080 357 1131 ne3
385 1063 436 1118 alii
454 1062 543 1118 aliter.
565 1060 623 1117 Sed
643 1063 719 1135 lonqe
740 1063 827 1136 plura
855 1063 1018 1121 eaoiderunt.
1062 1060 1159 1137 Neque

107 1147 176 1201 enim
207 1146 267 1201 eolo
294 1153 320 1201 et
346 1147 440 1219 primo
468 1146 579 1200 illarum
597 1146 722 1218 faucium
752 1147 895 1202 insessione
935 1145 1099 1202 Hasdrubal
1129 1164 1159 1202 eo

107 1228 236 1284 redactus
258 1237 305 1292 est,
327 1237 357 1284 ut
372 1228 509 1302 Hispania
530 1247 558 1283 se
580 1247 717 1284 cesennam
728 1230 917 1302 promitteret.)
942 1225 945 1306 )
968 1229 1034 1285 inde
1055 1228 1159 1285 missus

109 1312 183 1383 (Mq.
205 1311 269 1369 Em.
292 1311 361 1369 300.
396 1311 492 1384 Lonqe
525 1312 604 1367 aliud
624 1321 666 1366 est
695 1311 856 1368 convivium
891 1312 1011 1380 mittere,
1043 1313 1092 1368 ltoo
1120 1321 1160 1368 eet

107 1391 271 1469 dimittere.)
303 1396 319 1450 6
342 1391 453 1469 (eoram
477 1413 491 1449 e
513 1394 554 1449 P.·
575 1396 699 1451 Romam
722 1395 782 1467 Mq.
802 1394 866 1450 Em.
887 1395 957 1456 300,
979 1395 1070 1452 Dralo.
1099 1396 1158 1452 Ro-

108 1477 185 1533 mani
207 1477 224 1536 l.
247 1474 472 1554 conscriberent)
495 1481 510 1533 7
535 1478 658 1534 evadere
679 1477 752 1533 saltu
776 1478 867 1550 (codd.
887 1485 976 1536 retal
1006 1479 1061 1535 Hie
1083 1497 1158 1534 erro·

107 1569 153 1615 tur
177 1561 209 1616 ol
227 1560 385 1635 praecedens
406 1580 436 1630 e,
464 1579 516 1616 non
537 1570 647 1617 erratur
668 1565 682 1629 ξ
705 1559 766 1636 12.)
803 1562 837 1618 12
861 1557 990 1638 (Fbitner
1013 1561 1098 1617 mittit
1121 1561 1158 1617 ad

107 1642 269 1711 Neronem,
299 1642 328 1699 in
360 1653 506 1718 posterum
537 1649 605 1699 eet?
636 1643 733 1718 Neque
764 1645 832 1700 enim
860 1647 969 1702 nuntius
998 1646 1158 1719 colloquium

106 1723 218 1801 differt.)
251 1728 285 1782 13
309 1727 535 1801 extemplo[que]
559 1727 652 1800 (codd.
673 1730 773 1798 recol)
795 1727 915 1798 XVIII,
949 1731 965 1784 3
987 1746 1040 1784 nec
1062 1739 1158 1784 tamen

108 1807 228 1882 (Gron.,·
249 1809 313 1869 Em.
335 1809 408 1883 313)
439 1815 455 1866 4
479 1819 510 1865 ut
533 1810 656 1884 populus
678 1810 912 1884 proconsuli...
941 1811 1060 1868 haberet
1084 1810 1158 1883 (Mq.

106 1892 170 1948 Em.
192 1892 258 1951 307.
310 1892 449 1960 Quomodo
477 1892 520 1950 W.
541 1912 672 1949 aoarrare
692 1902 814 1963 conatur,
843 1911 891 1949 neo
914 1894 1029 1950 comitia
1052 1894 1158 1950 habere

107 1976 209 2032 dieitur
229 1994 276 2032 neo
297 1979 400 2032 omnino
422 1977 538 2045 habere,
559 1978 613 2032 nisi
632 1976 679 2032 ubi
698 1976 806 2050 aliquid
823 1976 858 2032 al
880 1978 972 2051 aliquo
984 1978 1159 2050 effloqitutum

108 2061 185 2132 eique
206 2077 359 2115 eoncessum
380 2061 571 2133 siqnifloatur.)
596 2063 610 2115 7
628 2057 733 2133 (Potest
754 2062 833 2115 etiam
855 2062 894 2116 aio
907 2063 1038 2134 seriptum
1051 2063 1159 2135 juisse:

107 2143 143 2198 P.
159 2138 317 2211 Cornelius,
340 2141 424 2210 illins,
445 2152 475 2198 ut
489 2152 529 2198 est
543 2145 570 2198 in
594 2142 672 2198 codd.
695 2143 777 2217 rece.)
805 2146 839 2199 10
854 2143 989 2217 quidnam
1012 2141 1158 2218 egissent?

106 2243 174 2280 num
209 2223 295 2281 favor
316 2223 392 2302 (Mq.
414 2225 478 2286 Em,
500 2225 566 2284 307,
588 2226 617 2280 P
641 2225 765 2301 egissent
793 2226 861 2283 novi
882 2225 978 2298 favor)
1010 2227 1107 2298 XIX,
1140 2231 1156 2282 4

107 2307 173 2381 (aut
204 2317 235 2363 ut
264 2327 316 2382 per
354 2308 398 2364 W.
429 2309 459 2364 P
482 2318 507 2365 et
532 2309 624 2367 Dralo.
657 2318 706 2365 aut
738 2309 801 2386 per)
835 2310 959 2383 6(m0s,
991 2328 1075 2383 quem
1108 2328 1160 2383 per

155 2392 291 2447 servabat
303 2391 514 2467 WPrnosper.
528 2437 535 2451 .
549 2393 692 2452 servabat.
704 2391 869 2464 Dralomos,
883 2393 946 2467 qui.
959 2437 966 2454 .
981 2394 1158 2449 servabatur.

106 2474 292 2530 Probabiliter
318 2475 414 2533 Aleob.
445 2493 507 2531 mos
533 2494 598 2550 per.
613 2520 640 2534 ..
673 2487 813 2532 servatus.
870 2475 945 2532 Nam
977 2478 1158 2550 imperfectum

106 2576 159 2612 non
173 2559 241 2612 satia
261 2566 372 2632 aptum5
394 2577 426 2613 eu
448 2568 614 2615 servatuseu
622 2561 730 2631 sactum
745 2568 901 2628 servatseu,
922 2567 978 2615 tum
1000 2557 1157 2634 servabat.)

109 2639 185 2695 8his
208 2639 351 2696 miraculis
374 2639 489 2715 (Gron.)
519 2646 551 2696 14
569 2642 715 2698 virtutium
737 2643 810 2710 XX,
834 2642 935 2698 anihil
956 2642 1048 2698 minus
1071 2661 1156 2716 quam

106 2723 200 2779 vereri
216 2724 305 2793 (codd.
314 2726 400 2797 pauci
412 2742 480 2781 reoo.
506 2723 543 2780 Ut
554 2725 661 2780 dicatur
671 2725 740 2780 nihil
756 2725 834 2781 aliud
849 2743 935 2798 quam
948 2744 1050 2781 vereor
1058 2744 1114 2800 pro
1129 2745 1158 2781 eo

107 2806 182 2879 quod
201 2815 241 2862 eet
267 2807 352 2862 modo
368 2826 478 2877 vereor,
499 2809 538 2863 sio
559 2809 637 2863 etiam
660 2807 715 2862 dici
731 2807 800 2863 nihil
823 2808 915 2863 minus
938 2826 1022 2882 quam
1045 2826 1158 2878 vereor,

106 2889 156 2944 ltoo
177 2898 231 2957 eat,
256 2890 370 2945 minime
393 2909 509 2958 vercor,
526 2909 645 2964 prorsus
665 2893 722 2946 aine
743 2892 798 2946 ullo
819 2899 974 2963 arqumeuto
991 2893 1105 2965 ponitur
1130 2893 1158 2946 in

99 2973 195 3045 forma
216 2973 298 3028 valde
320 2973 453 3043 dissimili,
474 2975 593 3047 mireque
613 2974 656 3029 bio
676 2974 835 3046 alloquimur
857 2973 898 3029 ad
919 2973 981 3044 ΙΙΙ,
1011 2974 1039 3042 3,
1062 2975 1091 3044 2,
1112 2974 1160 3030 ubi

105 3064 176 3110 reete
197 3063 222 3111 et
249 3058 348 3112 recitate
374 3057 472 3112 dieitur
492 3056 561 3112 nihil
589 3056 680 3112 minus
708 3057 800 3113 timeri
827 3056 969 3131 potuisse,
999 3076 1083 3131 quam
1107 3075 1157 3126 ne3

106 3155 191 3212 neque
212 3141 280 3194 enim
294 3142 425 3213 seriptum
439 3149 493 3195 est:
515 3140 583 3196 nihil
605 3139 698 3195 miuus
715 3158 799 3214 quam
821 3139 923 3209 timeri,
945 3158 995 3199 ne.
1009 3185 1015 3198 .
1028 3183 1051 3210 .,
1075 3151 1155 3214 pote·
1267 3176 1270 3181 -

105 3222 172 3292 rat.)
205 3222 293 3291 XXI,
325 3225 358 3278 14
383 3221 615 3296 (Supplementum
636 3223 746 3278 dubium
774 3223 830 3280 Wii
858 3232 904 3279 est.
927 3224 956 3279 P
973 3223 1155 3298 Murgantiae·

106 3313 301 3374 terresecutae,
328 3308 435 3379 paqina
460 3307 571 3378 finiente
603 3309 630 3360 in
661 3304 853 3382 Murgentia.)
890 3307 1004 3374 XXII,
1040 3310 1056 3362 2
1087 3316 1113 3362 et
1137 3310 1154 3363 3

108 3385 251 3461 (Supplen.
275 3388 365 3444 Fabri
391 3397 416 3444 et
450 3388 494 3444 W.
536 3388 681 3445 Edebatur
707 3407 739 3445 eu
761 3391 982 3464 interpolatione:
1012 3389 1154 3446 iuniorum

106 3470 264 3527 declaravit
285 3472 321 3531 T.
344 3471 482 3528 Manlium
506 3473 596 3546 Torq.
618 3481 647 3527 et
668 3473 703 3528 T.
728 3471 892 3531 Otacilium.
935 3471 1069 3541 Manlius,
1092 3473 1154 3547 qui)

106 3555 123 3608 2
147 3562 172 3608 et
194 3557 208 3609 7
233 3554 355 3610 Veturia
376 3563 402 3610 et
416 3554 564 3610 Veturiam
588 3553 708 3629 (Eudora
728 3559 840 3612 nominis
854 3557 949 3629 forma
971 3556 1014 3611 liio
1034 3565 1060 3611 et
1081 3561 1095 3625 ξ
1119 3557 1156 3611 10

105 3637 237 3701 tenendo3
258 3636 383 3693 Voturia
397 3639 572 3710 oontrmatur
593 3639 739 3712 lapidibus,
769 3648 794 3694 et
807 3640 895 3712 facile
915 3639 1097 3695 oberralotur
1117 3639 1157 3695 od

104 3728 196 3775 notum
212 3722 240 3775 in
255 3720 404 3776 hominibus
424 3740 516 3776 nomen
537 3719 728 3796 Veturiorum.)
752 3725 767 3776 7
789 3719 945 3795 (videretur
966 3721 992 3778 ei
1014 3722 1074 3795 Mq.
1088 3722 1154 3781 Em.

104 3801 179 3867 3073
201 3803 363 3860 meminisse
389 3805 443 3859 iam
465 3804 528 3865 edd.
550 3813 612 3861 vett.
634 3805 663 3859 P
680 3803 771 3862 Dralo.
800 3804 956 3874 videretur,
986 3813 1069 3866 et...
1096 3824 1155 3861 me-

105 3882 249 3959 minisset)
285 3888 301 3942 8
325 3887 462 3953 (arserint
482 3889 528 3942 viu
548 3906 640 3944 oerum
667 3897 723 3952 est‚·
753 3887 816 3943 Ena
846 3887 905 3944 308
919 3907 943 3944 n.
972 3888 1000 3943 P
1024 3889 1154 3950 asserint.

109 3967 208 4042 Uesinq
239 3987 345 4043 quassa
376 3968 455 4046 sint.)
493 3972 526 4026 13
559 3971 727 4027 Marcellum
755 3973 812 4027 sine
839 3972 914 4027 unaia
946 3970 1022 4044 (Mq.
1067 3969 1157 4038 Quum

104 4049 203 4108 Liuius
222 4061 366 4127 utrumque
385 4054 517 4111 oonmlen
539 4063 660 4112 areolum
684 4056 853 4133 pronomine
881 4065 909 4114 et
936 4056 1046 4113 neruine
1077 4053 1177 4128 unqe)-
