2700 4426
435 216 512 264 Liber
529 212 617 262 xxn.
656 215 700 276 (Δ.
717 211 766 266 ch.
780 216 851 275 alt.)
885 256 891 262 .
1074 223 1128 276 t07

106 398 176 466 rius,
199 416 286 472 quam
306 399 357 455 ubi
378 417 414 454 ea
435 398 607 473 cogitentur,
630 397 755 454 hostium
772 408 870 456 castra
893 419 964 461 esse.
1009 401 1110 476 Pergit
1130 402 1204 459 iret

107 503 294 576 sequent-ibus
321 502 423 578 paucis
452 502 481 558 in
508 501 664 575 hospitium
695 504 806 560 Metelli
837 514 879 574 et,
910 524 997 579 quum
1021 507 1171 585 concilium

106 607 147 662 ibi
168 607 315 678 iuvenum,
338 608 374 664 de
397 607 501 681 quibus
523 606 641 663 allatum
664 620 742 678 erat,
769 609 942 680 invenisset,
964 611 1063 667 stricto
1086 629 1173 686 super

107 712 206 787 capita
228 713 451 771 consultantium
473 712 582 786 gladio,
609 711 676 781 „Ex
697 713 754 769 mei
776 714 864 770 animi
886 717 1046 772 sententia“
1070 717 1172 791 iuquit,
1190 721 1225 774 [θ
1301 707 1309 719 ’

109 827 160 883 „ut
190 836 245 893 ego
277 838 338 876 rem
369 818 515 894 publicam
543 818 645 893 populi
672 817 798 876 Romani
827 837 885 874 nou
916 820 1048 879 deseram
1078 841 1173 897 neque

107 923 196 979 alium
222 924 313 980 civem
336 925 500 981 Romanum
524 925 656 980 deserere
679 924 787 998 patiar3
826 924 850 979 si
873 925 966 981 sciens
988 925 1074 997 fallo,
1110 938 1171 984 tum
1188 930 1221 984 ll

108 1047 165 1098 me,
186 1029 319 1103 Iuppiter
334 1029 443 1104 optime
466 1030 601 1098 maxime,
624 1031 751 1098 domum,
773 1027 913 1085 familiam
936 1049 1055 1105 remque
1078 1051 1171 1090 meam

108 1133 236 1207 pessimo
258 1133 316 1189 lato
339 1133 460 1191 afficias.
505 1134 540 1189 ln
562 1135 623 1190 lraec
646 1135 747 1202 verba,
772 1135 805 1190 L.
829 1132 936 1204 Caecili,
957 1135 1033 1192 iures
1056 1138 1223 1212 postu1012

108 1237 265 1313 ceterique,
288 1239 337 1314 qui
353 1239 469 1295 adestis.
514 1237 572 1310 Qui
593 1255 652 1294 non
671 1239 819 1309 iuraverit,
841 1241 870 1295 in
893 1258 924 1297 se
945 1242 1022 1298 hunc
1042 1241 1173 1316 gladium

107 1326 239 1400 strictum
263 1363 326 1400 esse
353 1344 453 1399 sciat.“
507 1343 596 1399 Haud
626 1361 708 1400 secus
738 1345 848 1420 pavidi,
876 1365 963 1420 quam
986 1346 1171 1403 siviotorem
1189 1351 1222 1406 13

109 1448 304 1505 Hannibalem
342 1458 507 1518 cernerent,
533 1448 631 1504 iurant
659 1466 758 1504 omues
792 1451 1053 1524 custodiendosque
1082 1462 1172 1506 semet

107 1554 188 1627 ipsos
211 1553 340 1626 Scipioni
361 1553 488 1612 tradunt.

191 1657 237 1714 Εο
260 1667 404 1731 tempore,
437 1676 495 1731 quo
516 1658 577 1714 haec
599 1656 718 1714 Canusii
747 1659 923 1732 agebantur,
951 1660 1110 1717 Venusiam
1133 1661 1171 1717 ad
1222 1661 1270 1728 54

108 1761 255 1819 consulem
279 1762 317 1818 ad
345 1771 483 1835 quattuor
511 1763 602 1818 millia
630 1774 659 1818 et
680 1764 827 1837 quingenti
859 1766 970 1838 pedites
993 1766 1170 1839 equitesque,

109 1868 159 1941 qui
174 1867 269 1942 sparsi
284 1867 354 1941 fuga
370 1885 523 1942 peragras
538 1866 662 1935 fuerant,
677 1886 844 1941 pervenere.
878 1869 940 1924 Eos
955 1889 1055 1926 omnes
1071 1871 1170 1926 Venu-
1185 1876 1201 1930 2

109 1975 164 2030 sini
185 1992 239 2049 par
259 1972 387 2029 familias
408 1972 532 2047 benigne
555 1971 738 2045 accipiendos
764 1974 966 2047 curandosque
988 1992 1076 2048 quum
1099 1975 1171 2031 divi·

108 2079 229 2146 sissent,
261 2078 290 2133 in
313 2077 443 2151 singulos
473 2077 583 2151 equites
613 2088 698 2151 togas
727 2086 755 2132 et
784 2077 895 2134 tunicas
927 2089 955 2135 et
982 2079 1172 2154 quadrigatos

108 2200 242 2240 nummos
276 2183 379 2257 quinos
412 2182 545 2253 vicenos,
580 2193 607 2238 et
638 2182 727 2257 pediti
750 2183 850 2254 denos,
883 2195 912 2239 et
939 2202 1035 2254 arma,
1068 2186 1171 2259 quibus

108 2289 239 2357 deerant,
263 2288 418 2355 dederunt,
449 2297 602 2361 ceteraque
630 2287 746 2362 publice
773 2304 807 2343 ae
828 2287 963 2362 privatim
991 2291 1202 2364 hospitaliter3

108 2395 188 2452 facta
211 2404 426 2468 certatumque,
448 2411 484 2448 ne
506 2411 524 2448 a
545 2393 664 2449 muliere
685 2392 833 2451 Canusina
859 2394 984 2467 populus
1008 2395 1172 2452 Venusinus

64 2570 67 2575 Ι
108 2498 214 2556 officiis
228 2501 401 2562 vinceretur.
441 2498 498 2556 Sed
519 2499 638 2572 gravius
660 2517 733 2554 onus
749 2499 834 2555 Busae
857 2499 1010 2556 multitudo
1032 2500 1202 2568 faciebant

109 2614 138 2660 et
160 2604 218 2661 iarn
243 2606 280 2662 ad
304 2604 403 2662 decem
425 2603 516 2659 millia
537 2603 685 2659 hominum
707 2613 804 2672 erant,
825 2605 1000 2678 Appiusque
1022 2615 1051 2660 et
1073 2605 1202 2685 Scipi05

109 2721 265 2784 postquam
287 2710 460 2767 incolumem
483 2725 547 2765 esse
569 2708 690 2764 altanum
711 2710 857 2765 consulem
881 2719 1069 2784 acceperunt,
1099 2729 1171 2766 nun·

108 2815 180 2870 tium
216 2814 361 2889 extemplo
391 2814 523 2883 mittunt,
554 2823 669 2887 quantae
701 2831 798 2869 secum
831 2814 960 2888 peditum
987 2815 1172 2889 equitumque

109 2918 202 2992 copiae
221 2926 330 2988 essent,
361 2919 596 2992 sciscitatumque
624 2917 724 2987 simul,
748 2925 843 2972 utrum
876 2917 1033 2974 Venusiam
1068 2919 1172 2975 adduci

110 3013 278 3079 exercitum
292 3041 330 3078 an
352 3043 469 3080 manere
493 3023 605 3079 iuberet
626 3021 754 3080 Canusii.
804 3021 901 3077 Varro
929 3022 991 3097 ipse
1014 3022 1203 3084 Canusium6

110 3127 212 3202 copias
239 3128 382 3197 traduxit3
416 3139 445 3185 et
472 3127 529 3184 iam
565 3128 664 3201 aliqua
695 3125 805 3201 species
837 3126 997 3184 consularis
1029 3130 1187 3186 exercitus·

109 3243 173 3288 erat
194 3234 394 3308 moenibusque
417 3250 448 3290 se
470 3243 561 3303 certe,
583 3233 607 3289 si
629 3251 686 3289 uon
709 3230 807 3300 armis,
830 3230 867 3287 ab
895 3232 980 3288 hoste
1000 3233 1173 3290 videbantur

110 3334 264 3396 defensuri.

193 3442 319 3499 Romam
340 3460 378 3499 ne
398 3443 452 3499 has
474 3443 590 3516 quidem
614 3443 752 3516 reliquias
774 3459 925 3516 superesse
947 3441 1052 3497 civium
1074 3441 1202 3496 socio-7

109 3566 243 3623 rumque,
264 3548 317 3605 sod
339 3547 487 3604 occidione
509 3548 634 3604 occisum
660 3566 724 3604 eum
746 3547 860 3603 duobus
886 3546 1041 3603 consulibus
1062 3545 1171 3601 exerci-

109 3666 171 3711 tum
193 3654 362 3726 deletasque
377 3669 477 3709 omnes
499 3652 599 3727 copias
620 3653 740 3709 allatum
758 3652 863 3711 luerat.
908 3652 1067 3724 Nunquam
1089 3650 1204 3707 salvat

109 3759 182 3816 urbe
204 3768 315 3815 tantum
342 3757 461 3830 pavoris
489 3757 685 3830 tumultusque
711 3737 788 3813 intra
818 3755 924 3812 moenia
944 3757 1079 3812 Romano
1107 3753 1171 3813 fuit.

109 3865 216 3937 Itaque
236 3862 424 3920 succumbam
446 3861 527 3918 oneri
548 3880 642 3936 neque
665 3861 821 3936 aggrediar
845 3879 980 3929 narrare,
1012 3878 1076 3934 quar
1098 3859 1171 3916 edis·

109 3968 249 4026 sertando
266 3969 380 4026 minora
402 3986 472 4025 vero
493 3966 608 4028 faciam.
646 3966 772 4026 Consule
793 3967 979 4041 exercituque
1000 3967 1038 4022 ad
1062 3964 1203 4022 'l'rasu-tl
