2700 4426
375 149 455 200 Liber
471 149 586 200 xxvn.
622 148 670 212 (A.
684 146 732 198 Ch.
747 149 819 212 tos.)
1052 150 1089 207 79

64 339 168 406 portus
187 332 285 406 posuit
313 341 419 391 castra.
467 335 585 404 Nares,
622 352 695 408 quas
716 332 818 391 Livius
839 330 967 388 tutandis
988 330 1162 388 commea-5

65 437 142 495 tibus
174 438 333 510 habuerat,
369 439 475 514 partim
508 440 769 498 machinationibus
799 444 902 495 onerat
930 444 1133 511 apparatuque

65 544 202 600 moenium
230 546 508 620 oppugnandarum,
543 545 649 620 partim
672 543 821 629 tormentis
843 551 872 600 et
892 541 972 599 saxis
995 541 1132 614 omnique

65 649 216 706 missilium
244 651 367 708 telorum
390 670 496 726 genere
517 648 647 719 instruit,
681 649 830 706 onerarias
852 664 974 723 quoque,
1008 665 1062 702 ozon
1084 665 1131 704 aaa

64 754 178 825 solum,
216 774 280 831 qum
309 757 397 815 remis
419 765 587 832 agerentur,
625 764 657 812 ut
678 754 728 812 alii
749 753 898 811 machinas
917 751 1069 827 scalasque
1092 750 1162 810 add

66 878 164 917 muros
191 859 313 933 ferrent,
350 862 399 920 alii
427 863 529 938 procul
555 881 593 918 ex
622 861 746 917 navibus
777 859 962 916 vulnerarent
992 855 1130 913 moenium

65 976 307 1041 propugnatores.
350 970 406 1026 Hae
425 984 525 1038 naves,
555 967 593 1024 ab
620 975 721 1041 aperto
750 963 825 1022 mari
852 972 882 1020 ut
904 964 1003 1022 urbem
1026 963 1160 1041 aggre·7
1192 994 1195 1014 ι

64 1071 213 1142 darentur,
248 1072 395 1130 instructa
421 1082 589 1148 parataque
615 1081 695 1142 sunt;
732 1081 761 1128 et
792 1080 854 1128 erat
887 1070 1009 1128 liberum
1041 1089 1130 1142 mare,

64 1176 157 1233 classe
182 1176 314 1247 Punica,
352 1193 439 1249 quum
469 1177 622 1252 Philippus
653 1195 823 1253 oppugnare
853 1175 972 1233 AEtolos
1003 1183 1130 1250 pararet,

64 1280 224 1358 Corcyram
246 1282 425 1339 transmissa.
469 1283 505 1340 In
528 1282 648 1339 Bruttiis
679 1284 792 1342 interim
817 1281 957 1340 Caulonis
977 1280 1161 1356 oppugna-8

64 1397 143 1445 tores
165 1389 219 1446 sub
234 1388 391 1445 adventum
410 1388 594 1459 Hannibalis,
616 1408 653 1446 ne
675 1391 914 1465 opprimerentur,
935 1386 965 1442 in
986 1386 1127 1444 tumulum

65 1511 83 1550 a
106 1493 242 1568 praesenti
263 1493 372 1568 impetu
394 1503 487 1552 tutum
507 1511 539 1551 se
560 1512 702 1570 recepere

156 1598 281 1655 Fabium
304 1601 464 1657 Tarentum
497 1601 677 1660 obsidentem
705 1601 769 1658 leve
799 1600 875 1658 dictu
906 1609 1066 1656 momentum
1087 1596 1157 1656 ad9

62 1723 124 1762 rem
139 1705 283 1780 ingentem
298 1705 468 1780 potiundam
483 1707 603 1764 adiuvit.
647 1706 817 1764 Presidium
833 1706 1012 1763 Bruttiorum
1025 1705 1127 1762 datum

63 1811 101 1867 ab
132 1810 299 1866 Hannibale
329 1811 481 1868 Tarentini
517 1813 672 1869 habebant.
723 1811 796 1868 Eius
823 1809 949 1886 praesidii
975 1809 1129 1884 prefectus

63 1916 214 1990 deperibat
242 1934 342 1973 amore
369 1917 561 1988 mulierculae,
596 1917 677 1974 euius
712 1914 803 1972 frater
830 1915 861 1971 in
888 1915 1016 1972 exercitu
1043 1914 1130 1972 Fabii

63 2021 189 2078 consulis
211 2031 283 2081 erat.
330 2023 362 2078 Is
390 2021 497 2079 certior
523 2021 626 2078 litteris
654 2007 763 2078 sororis
785 2020 879 2078 faetus
903 2021 939 2077 de
960 2039 1038 2078 nova
1060 2039 1129 2077 oon·
1145 2027 1181 2082 10

61 2126 212 2183 suetudine
233 2127 353 2184 advenae
374 2126 525 2201 locupletis
541 2137 628 2201 atque
643 2127 718 2184 inter
732 2126 887 2202 populares
907 2136 967 2184 tam
982 2125 1128 2196 honorati,

61 2250 143 2306 spem
172 2241 289 2303 nactus,
321 2251 374 2307 per
399 2233 687 2307 sororem‘quolibet
718 2232 827 2308 impelli
854 2241 1000 2289 amantem
1032 2248 1128 2306 posse,

62 2337 131 2412 quid
153 2347 301 2412 speraret,
338 2338 376 2394 ad
403 2338 550 2395 consulem
582 2338 690 2395 detulit.
738 2338 812 2411 Qua
839 2356 927 2412 quum
948 2338 1028 2395 haud
1050 2354 1127 2394 vana
1146 2342 1178 2397 11

61 2443 201 2517 cogitatio
233 2443 299 2500 visa
327 2453 418 2514 esset,
451 2462 505 2518 pro
535 2442 659 2519 perfuga
687 2445 782 2502 iussus
804 2445 966 2502 Tarentum
995 2441 1127 2511 transire,

61 2566 96 2604 ao
120 2567 173 2623 per
201 2565 331 2604 sororem
360 2546 497 2623 praefecto
519 2549 704 2620 conciliatus,
739 2551 834 2626 primo
856 2549 969 2608 occulte
989 2547 1128 2606 tentando

61 2653 209 2723 animum,
245 2652 320 2723 dein,
345 2653 415 2709 satis
437 2654 590 2728 explorata
615 2654 742 2724 levitate,
764 2655 911 2714 blanditiis
940 2653 1127 2713 muliebribus

61 2757 187 2833 perpulit
215 2776 280 2815 eum
314 2757 352 2813 ad
379 2756 571 2832 proditionem
598 2759 736 2816 custodiae
770 2759 843 2829 loci,
881 2761 927 2817 oui
956 2760 1128 2835 praepositus

61 2872 134 2920 erat.
183 2862 243 2922 Ubi
274 2873 303 2921 et
330 2863 405 2920 rat-io
433 2862 553 2937 agendae
579 2863 622 2920 rei
657 2872 696 2945 «11Ι
713 2871 827 2940 tempus
858 2865 1007 2936 convenit,
1045 2864 1128 2921 miles
1145 2863 1180 2921 tt

62 2977 147 3026 noete
167 2987 221 3044 per
243 2969 397 3026 intervalla
418 2968 575 3025 stationum
597 2968 672 3026 clam
695 2988 732 3025 ex
753 2971 825 3027 urbe
846 2970 967 3029 emissus
990 2990 1040 3041 ea,
1064 2987 1129 3046 quas

63 3082 128 3131 acta
160 3082 259 3143 erant,
295 3093 417 3149 quaeque
440 3080 472 3130 ut
500 3082 662 3148 agerentur,
691 3084 883 3148 convenerat,
921 3077 960 3134 ad
980 3076 1128 3134 consulem

62 3176 159 3236 refert.
207 3180 318 3237 Fabius
345 3179 445 3255 vigilia
480 3179 590 3254 prima,
622 3180 692 3238 dato
728 3180 811 3256 signo
840 3182 893 3252 iis,
925 3183 975 3257 qui
1001 3182 1032 3239 in
1061 3201 1128 3240 arce
1144 3179 1180 3236 13

62 3293 145 3340 erant
166 3283 273 3359 quique
296 3285 458 3342 custodiam
474 3294 575 3360 portus
589 3286 748 3358 habebant,
769 3287 841 3364 ipse,
863 3288 1013 3346 circumito
1029 3297 1126 3364 portu,

63 3388 101 3444 ab
122 3388 240 3463 ragione
260 3388 340 3448 urbis
361 3391 391 3447 in
413 3391 552 3448 orientem
568 3409 655 3448 versa
675 3393 804 3452 occultus
827 3395 966 3454 consedit.
1015 3393 1128 3454 Genera
1146 3393 1181 3449 14

62 3494 130 3551 inde
151 3495 227 3551 tubae
247 3495 334 3553 simul
355 3495 393 3553 ab
418 3515 500 3567 arce,
528 3495 615 3554 simul
639 3517 657 3555 a
679 3508 765 3574 portu
784 3509 813 3556 et
835 3501 872 3557 ab
895 3499 1034 3569 navibus,
1063 3519 1128 3576 quaa

64 3599 102 3657 ab
125 3608 226 3674 aperto
248 3602 322 3659 mari
345 3602 476 3678 appulsa
497 3611 588 3672 erant,
614 3602 783 3676 clamorque
797 3603 923 3678 undique
938 3623 1004 3663 oum
1018 3605 1128 3681 ingenti

63 3704 206 3774 tumultu,
243 3706 319 3763 unde
350 3707 498 3764 minimum
533 3708 652 3783 perimuli
688 3716 766 3780 erat,
802 3710 838 3767 de
869 3710 1011 3768 industria
1033 3721 1127 3771 ortus.

63 3807 174 3867 Consul
204 3810 317 3870 interim
343 3813 457 3872 silentio
492 3815 659 3874 continebat
687 3815 764 3873 suos.
811 3815 905 3890 Igitur
925 3816 1127 3886 Democrates,
1145 3818 1180 3874 15

64 3915 113 3988 qui
152 3916 306 3992 praefectus
345 3919 443 3978 classis
488 3920 598 3994 fuerat,
644 3920 720 3980 forte
760 3921 811 3978 illo
846 3921 911 3980 loco
944 3922 1126 3999 praepositus,
