2748 4556
322 253 380 310 222
590 249 669 298 Liber
686 248 788 300 XXIX.
825 247 874 308 (Α.
887 263 912 296 o.
926 263 948 296 c.
963 247 1034 307 stu.)

279 435 355 492 stiva
380 433 536 491 iactatione
564 431 727 489 severitatis
755 431 886 496 inflatus.
923 433 965 488 Μ.
989 430 1119 499 Livium,
1154 429 1233 503 quia
1255 426 1350 503 popnll

230 538 385 595 lttindicio
415 529 491 594 esset
519 538 688 604 damnatus,
715 554 821 610 equum
842 537 968 594 vendere
988 536 1082 592 iussit.
1131 535 1213 591 Item
1239 535 1282 590 Μ.
1305 534 1348 589 Li·

280 643 361 712 vius,
398 661 485 716 quum
516 643 554 698 ad
582 641 687 698 tribum
711 641 884 698 Arniensem
907 650 935 698 et
956 659 1064 698 nornen
1086 641 1210 714 colleg-re
1236 648 1348 694 ventum

280 757 365 817 esset,
389 748 514 805 vendere
536 765 641 820 equum
665 744 700 803 C.
718 744 871 804 Claudium
893 745 976 802 iussit
992 747 1118 802 duarum
1138 764 1244 802 rerum
1257 763 1348 805 causa.

281 853 373 920 unius,
396 853 475 926 quod
499 853 604 910 falsum
628 851 768 907 adversus
788 868 819 906 se
845 849 1041 906 testimonium
1065 849 1201 919 dixisset,
1227 848 1347 904 alterius.

170 994 175 1001 -
231 963 264 1016 tl
281 959 358 1030 quod
395 977 452 1014 non
490 957 602 1014 sincera
633 956 690 1012 fide
722 973 819 1012 secum
851 955 880 1010 in
908 953 1033 1028 gratiam
1063 953 1202 1011 redisset.
1256 955 1347 1026 AEqne

279 1060 387 1118 fredum
416 1073 562 1118 certamen
593 1060 763 1134 inquinandi
792 1059 901 1117 famam
932 1057 1051 1116 ulterius
1081 1077 1146 1116 cum
1178 1079 1249 1116 sure
1271 1058 1346 1115 fama

231 1170 266 1226 12
280 1168 388 1224 damno
420 1166 529 1224 iactum
567 1175 610 1222 est
642 1165 721 1222 exitu
754 1182 890 1222 censurae.
940 1165 1037 1237 Quum
1067 1166 1098 1222 in
1118 1166 1205 1241 leges
1228 1167 1344 1223 iurasset

280 1271 314 1329 C.
338 1271 478 1329 Claudius
509 1281 538 1328 et
567 1271 596 1327 in
624 1270 757 1327 aerarium
780 1270 969 1340 escendisset,
999 1271 1075 1327 inter
1096 1271 1223 1326 nomina
1245 1288 1344 1326 eornm.

232 1381 265 1436 13
280 1394 354 1450 quos
377 1376 495 1432 aerarios
517 1375 715 1449 relinquebat,
748 1374 827 1432 dedit
854 1374 973 1449 college
1000 1394 1116 1432 nomen.
1165 1376 1290 1432 Deinde
1312 1375 1344 1429 ll.

280 1481 380 1538 Livius
413 1481 441 1536 in
476 1480 608 1537 aerarium
643 1481 735 1549 venit3
768 1489 874 1554 praeter
902 1481 1035 1538 Maeciam
1069 1481 1195 1551 tribum,
1236 1499 1301 1554 qua
1319 1497 1343 1534 se

279 1605 373 1658 neque
394 1585 616 1642 condemnasset
635 1604 729 1659 neque
747 1585 968 1642 condemnatum
986 1593 1037 1642 aut
1050 1585 1201 1642 consulem
1216 1595 1272 1642 ant
1286 1603 1343 1640 cen·

278 1707 373 1746 sorem
395 1688 528 1758 fecisset,
562 1690 702 1765 populum
724 1691 890 1748 Romanum
914 1707 1044 1757 omnem,
1082 1699 1228 1764 quattuor
1253 1699 1281 1745 et
1300 1689 1341 1744 tri·

230 1801 265 1855 14
278 1794 359 1870 ginta
381 1795 482 1864 tribus,
504 1795 622 1852 aerarios
645 1794 769 1868 reliquit,
792 1795 870 1868 quod
895 1804 924 1852 et
944 1795 1126 1851 innocentem
1149 1815 1184 1852 se
1207 1797 1341 1852 condem-

278 1909 397 1956 nassent
431 1910 460 1956 et
499 1900 719 1957 condemnatum
758 1900 905 1956 consulem
944 1910 973 1956 et
1015 1919 1165 1958 censorem
1201 1901 1338 1960 fecissent.

278 2023 372 2079 neque
394 2005 509 2061 infitiari
532 2013 664 2079 possent,
697 2015 748 2062 aut
779 2005 886 2062 iudicio
908 2006 997 2064 semel
1019 2017 1070 2062 aut
1091 2005 1223 2064 comitiis
1246 2007 1290 2062 bis
1310 2006 1338 2060 ab

230 2115 265 2169 15
278 2127 309 2166 se
331 2119 483 2185 peccatum
506 2127 584 2166 esso:
605 2112 676 2166 inter
697 2119 835 2184 quattuor
856 2121 885 2166 et
905 2110 1026 2186 triginta
1043 2112 1136 2169 tribus
1157 2121 1190 2168 et
1210 2111 1246 2172 C.
1259 2110 1335 2168 Clau·

278 2215 356 2271 dium
387 2215 519 2272 aerarium
551 2214 627 2284 fore3
664 2216 742 2289 quod
776 2215 801 2270 si
823 2216 986 2290 exemplum
1010 2217 1132 2274 haberet
1152 2218 1202 2274 bis
1226 2217 1334 2276 eunden

278 2319 411 2375 erarium
433 2319 626 2393 relinquendi,
650 2317 683 2377 C.
708 2318 861 2376 Claudium
883 2322 1053 2378 nominatim
1075 2341 1107 2379 se
1128 2324 1208 2380 inter
1230 2321 1333 2380 aerarios

229 2428 264 2482 16
278 2421 367 2478 finisse
388 2423 564 2483 relicturum.
612 2424 741 2480 Pravum
772 2435 917 2484 certamen
939 2436 1074 2484 notarum
1096 2429 1172 2485 inter
1196 2442 1331 2486 censores:

279 2527 432 2601 castigatio
454 2528 655 2585 inconstantiae
685 2529 785 2603 populi
808 2531 942 2588 censoria
958 2540 987 2588 et
1007 2533 1154 2606 gravitate
1178 2545 1328 2610 temporum
1369 2543 1370 2623 t

229 2638 263 2691 17
277 2631 391 2689 illorum
420 2634 518 2707 digna.
567 2633 602 2688 In
634 2633 743 2690 invidie
769 2653 904 2692 censores
930 2655 1019 2710 quum
1049 2651 1161 2710 essent,
1199 2639 1328 2700 crescendi
1369 2679 1370 2716 ,

278 2737 371 2794 exiis
393 2748 474 2794 retus
496 2756 559 2794 esse
581 2737 763 2796 occasionem
787 2738 841 2800 On.
864 2739 981 2798 Baebius
1003 2745 1135 2804 tribunus
1158 2748 1255 2820 plebis
1269 2747 1327 2802 dien

277 2842 314 2898 ad
335 2844 474 2919 populum
497 2843 626 2916 utrisque
646 2842 728 2899 dixit.
776 2843 823 2900 Ea
844 2863 890 2900 res
912 2865 1053 2905 consensu
1074 2860 1193 2924 pntrnm
1217 2854 1326 2910 discussa

282 2957 334 3014 est,
358 2966 393 3004 ne
414 2957 517 3022 postea
540 2946 668 3004 obnoxia
689 2947 825 3023 populari
848 2969 927 3008 aurae
948 2971 1070 3011 censura
1092 2969 1179 3014 esset.

181 3048 226 3116 38
363 3053 474 3110 Eadem
506 3063 605 3110 testate
631 3053 661 3110 in
683 3053 805 3110 Bruttiis
828 3053 992 3130 Clampetia
1015 3078 1033 3115 a
1055 3061 1176 3118 consule
1197 3066 1230 3121 vi
1251 3071 1323 3136 capta

280 3153 437 3214 Consentia
469 3168 498 3215 et
532 3159 683 3216 Pandosia
709 3169 738 3216 et
765 3160 906 3235 ignobiles
935 3162 999 3219 aliae
1028 3163 1161 3222 civitates
1194 3169 1324 3225 volontate

247 3259 306 3319 ‘lin
339 3260 480 3318 dicionem
503 3273 652 3320 venerunt.
700 3265 740 3322 Et
772 3284 859 3338 quum
888 3267 1069 3324 comitiorum
1101 3269 1162 3326 iam
1195 3279 1321 3347 appeteret

276 3373 408 3440 tempus,
440 3365 606 3425 Cornelium
632 3371 729 3444 potius
759 3389 796 3426 ex
828 3371 963 3441 Etruria,
1001 3373 1050 3429 ubi
1079 3375 1151 3432 nihil
1180 3377 1251 3434 belli
1269 3385 1318 3431 erat.

245 3469 401 3529 3R0mam
435 3472 522 3530 acciri
551 3473 669 3552 placuit.
721 3475 752 3531 Ie
774 3475 907 3532 consules
929 3475 984 3534 Cn.
1008 3477 1165 3536 Servilium
1192 3481 1318 3558 Coepiorm

244 3581 302 3635 tet
336 3573 366 3634 0.
396 3573 542 3633 Servilium
581 3577 737 3636 Geminum
771 3581 888 3637 creavit.
948 3582 1021 3638 lude
1051 3586 1192 3656 praetoria
1226 3583 1315 3644 comitia

274 3678 384 3734 habita.
436 3677 534 3738 Creati
556 3683 592 3764 Ρ.
613 3680 765 3742 Cornelius
789 3686 942 3755 Lentulus,
975 3688 1010 3744 P.
1034 3686 1211 3759 Quinctilius
1234 3693 1315 3750 varus.

244 3784 309 3843 51².
331 3780 429 3840 AElius
451 3786 568 3857 Paetus,
602 3789 638 3846 P.
662 3789 767 3845 Villius
790 3791 956 3864 Tappulus;
989 3793 1019 3849 hi
1048 3794 1106 3850 duo
1130 3815 1222 3870 quum
1245 3794 1313 3856 atita

273 3887 366 3962 plebis
390 3899 502 3958 essent,
533 3901 672 3967 praetores
693 3894 783 3958 creati
804 3905 879 3950 sunt.
927 3894 1037 3954 Consul
1058 3900 1186 3958 comitiis
1208 3897 1314 3978 perlectis

275 3991 313 4046 ed
335 3993 491 4048 exercitum
516 3993 545 4050 in
567 3997 715 4053 Etruriam
737 3999 819 4056 redit.
