2812 4556
389 259 468 309 Liber
482 259 560 313 m.
596 259 645 321 (A.
659 258 705 310 Ch.
719 258 791 323 als.)
1042 265 1080 320 45

50 439 109 498 lari
135 424 251 501 omnem
267 443 402 518 deinceps
418 461 520 518 agrum
544 461 635 518 usque
650 443 688 501 ad
703 443 780 501 Padi
794 443 874 518 ripas
888 443 978 504 iussit.
1025 446 1123 520 Egcn·
1137 447 1156 503 6

50 555 98 602 tes
121 567 178 623 ope
204 547 295 620 Galli,
328 567 416 622 quum
439 548 529 606 adid
557 549 661 607 dubios
682 557 849 606 servassent
877 549 999 620 animos,
1029 552 1123 609 coacti

51 651 93 706 ab
119 653 288 710 auctoribus
308 652 420 710 iuiusiae
441 653 480 710 ad
501 652 628 710 vindices
649 653 764 712 futuros
786 654 940 724 declinant,
962 654 1125 730 legatisque

52 757 93 811 ad
119 758 251 816 consules
284 758 390 829 missis,
417 757 557 816 auxilium
588 759 789 818 Romanorum
822 769 906 817 umas
938 761 975 816 ob
1005 759 1124 816 nimiam

52 861 200 920 cultorum
227 863 313 919 fidem
340 863 370 919 iu
399 863 549 920 Romanos
580 863 726 922 laboranti
753 875 846 922 orant.
905 862 1041 922 Cornelio
1072 867 1154 920 neci
1186 885 1190 890 ·

53 984 150 1024 causa
169 986 222 1026 nec
250 977 365 1043 tempus
393 968 512 1043 agendae
542 970 584 1026 rei
609 970 757 1045 placebat,
784 979 976 1045 suspectaque
1005 968 1032 1026 ei
1053 986 1124 1043 gens

55 1081 126 1130 erat
145 1091 231 1146 quum
255 1073 293 1130 ob
318 1073 409 1130 infida
430 1074 521 1132 multa
542 1075 690 1146 facinora,
722 1084 799 1144 tum,
830 1082 861 1130 ut
894 1073 953 1132 alia
979 1081 1124 1132 vetustate

56 1178 283 1249 obsolevissent,
317 1178 356 1235 ob
385 1186 530 1237 recentem
560 1181 702 1238 Boiorum
734 1179 902 1256 perfidiam
935 1179 1155 1256 Semproniusd

59 1291 173 1354 conus,
195 1283 374 1340 continendis
395 1283 426 1340 in
443 1283 501 1341 fide
522 1263 612 1343 sociis
630 1286 789 1343 maximum
812 1285 958 1343 vinculum
981 1303 1044 1342 esse
1065 1285 1124 1360 pri·

58 1405 136 1459 moa,
157 1389 205 1462 qui
219 1387 366 1464 eguissent
379 1379 612 1464 opa'defensos,
634 1392 778 1450 censebat.
825 1389 947 1466 Collega
962 1397 1124 1460 cunctante,
1137 1391 1154 1446 9

61 1493 218 1565 equitatum
239 1512 338 1564 suum,
369 1493 447 1551 mille
467 1495 597 1571 peditum
622 1496 830 1555 iaculatoribus
864 1496 956 1554 ferma
978 1495 1123 1565 admixtis,

62 1597 102 1652 ad
123 1597 330 1657 defendendum
352 1600 499 1660 Gallicum
514 1619 617 1675 agrum
637 1609 718 1659 trans
733 1602 872 1660 Trebiam
895 1601 990 1660 mittit.
997 1607 1015 1706 t'
1034 1600 1123 1675 Spar·
1142 1603 1176 1658 10

63 1718 112 1758 sos
134 1713 161 1760 et
190 1697 484 1790 incompositos,jad
505 1707 561 1763 hoc
582 1725 687 1781 graves
719 1707 819 1782 praeda
850 1707 1005 1782 plerosque
1035 1721 1124 1779 quum

63 1806 208 1882 inopinato
231 1809 421 1914 invasissentp
442 1811 588 1886 ingentem
615 1819 756 1868 terrorem
778 1812 944 1886 caedemque
967 1828 1002 1867 ao
1024 1808 1125 1883 fugam

65 1930 154 1986 usque
176 1915 212 1971 ad
227 1922 325 1972 castra
342 1917 539 1990 stationesque
560 1916 688 1974 hostium
711 1915 820 1985 fecere3
843 1916 919 1973 unde
940 1912 1125 1972 multitudine

68 2015 156 2074 effusa
175 2019 249 2093 pulsi
270 2037 370 2078 rursus
392 2020 520 2098 subsidio
543 2041 661 2080 suorum
683 2021 816 2098 proelium
830 2020 1000 2093 restituereq'
1031 2017 1125 2076 Varia
1142 2022 1174 2076 ll

69 2121 131 2178 inde
151 2143 247 2199 pugna
268 2133 422 2200 sequentes
445 2127 625 2202 cedentesque
648 2145 736 2201 quum
764 2126 803 2184 ad
826 2133 987 2182 extremum
1010 2141 1124 2201 aequas-

71 2235 130 2282 sent
149 2237 307 2299 certamen,
340 2229 435 2288 maior
462 2239 559 2288 tamen
579 2231 705 2289 hostium
728 2233 830 2301 cades,
861 2249 946 2306 penes
974 2232 1124 2288 Romanos

71 2331 146 2390 fama
165 2335 290 2392 victoriae
307 2311 405 2446 fuit}
422 2333 557 2393 Ceterum
578 2335 686 2394 nemini
708 2339 836 2394 omnium
858 2335 951 2392 maior
966 2335 1125 2408 iustiorque
1175 2329 1220 2398 53

73 2456 153 2511 quam
173 2440 225 2516 ipsi
247 2438 360 2498 consuli
381 2439 489 2511 videri,
520 2441 628 2515 gaudio
650 2438 761 2512 efferri,
785 2459 845 2515 qua
868 2448 952 2516 parte
974 2438 1124 2514 copiarum

75 2543 140 2601 alter
159 2546 256 2604 consul
277 2545 372 2602 victus
396 2545 486 2618 foret,
521 2565 557 2602 ea
577 2564 610 2602 se
630 2546 747 2604 vicisse:
774 2545 922 2602 restitutos
945 2562 979 2601 ac
1001 2541 1156 2602 refectos2

75 2648 198 2706 militibus
219 2650 348 2720 animos,
380 2669 434 2708 nec
467 2669 641 2726 quemquam
675 2668 738 2708 esso
765 2658 869 2724 praeter
891 2648 1043 2723 collegam,
1078 2645 1127 2720 qui
1171 2657 1173 2664 ’

78 2753 183 2812 dilatem
202 2755 417 2814 dimicationem
436 2756 537 2826 vellet3
559 2777 634 2828 eum,
656 2757 753 2814 animo
776 2754 869 2830 magis
893 2771 982 2828 quam
1003 2768 1126 2824 corpore

77 2875 181 2932 agrum,
206 2862 348 2919 memoria
376 2861 502 2920 vulneris
531 2862 622 2918 aciem
656 2879 690 2918 ac
712 2861 770 2918 tela
801 2861 929 2917 horrere.
987 2853 1046 2912 Sed
1068 2861 1156 2917 non3

78 2977 132 3018 esse
156 2983 215 3021 cnm
244 2982 324 3039 aegro
355 2941 572 3024 senescendum.
628 2966 705 3040 Quid
728 2964 803 3022 enim
838 2962 916 3019 ultra
944 2956 1054 3015 differri
1076 2965 1126 3014 aut

78 3067 123 3122 tari
143 3069 268 3144 tempus?
300 3090 385 3146 quem
413 3073 529 3130 tertium
552 3071 718 3140 consulem,
749 3086 834 3143 quem
857 3066 945 3124 alium
967 3062 1139 3152 exercitum

80 3174 243 3247 exspectari?
280 3175 387 3234 Castra
419 3174 701 3252 Carthaginiensium
723 3175 754 3231 in
786 3172 875 3231 Italia
908 3188 943 3228 ac
973 3186 1066 3245 prope
1097 3166 1157 3230 in4

80 3289 216 3353 conspectu
250 3282 329 3340 urbis
366 3301 440 3345 esse.
497 3283 567 3340 Non
600 3281 728 3340 Siciliam
762 3299 796 3337 ao
829 3276 1005 3345 Sardiniam,
1042 3273 1126 3331 victis

81 3382 230 3458 ademptas,
251 3405 305 3444 nec
327 3388 368 3444 cis
390 3388 533 3444 Hiberum
555 3386 731 3463 Hispaniam
763 3386 832 3462 peti,
861 3384 913 3442 sed
945 3380 1008 3437 solo
1030 3378 1126 3454 patrio

81 3491 206 3562 terraque,
227 3491 256 3548 iu
280 3509 339 3564 qua
360 3492 450 3567 geniti
471 3491 575 3562 forent,
597 3491 666 3567 pelli
686 3494 845 3551 Romanos.
892 3487 1059 3561 „Quantum
1082 3483 1156 3544 in·5

83 3593 239 3664 gemiscent“
261 3596 357 3671 inquit
381 3605 497 3672 „patres
518 3596 621 3667 nostri,
644 3597 721 3654 circa
743 3596 849 3654 moenia
863 3591 1048 3666 Carthaginis
1065 3589 1148 3646 bel-¹

82 3695 131 3754 lare
149 3701 236 3771 soliti,
269 3702 296 3758 si
322 3702 440 3760 videant
460 3719 529 3771 nos,
560 3703 728 3777 progeniem
758 3719 856 3770 suam,
889 3701 962 3756 duos
993 3692 1126 3752 consules

84 3805 286 3882 consularesque
309 3807 463 3877 exereitus,
484 3807 514 3863 in
536 3808 632 3864 media
654 3806 742 3865 Italia
761 3813 900 3882 paventes
921 3805 999 3861 iutra
1020 3811 1126 3874 castra,

83 3906 194 3984 Panum,
215 3913 294 3987 quod
308 3912 384 3970 inter
399 3913 491 3988 Alpes
505 3912 772 3987 Appenninumque
786 3910 849 3986 agri
864 3909 911 3981 sit,
932 3925 991 3966 suae
1006 3907 1126 3965 dicionis

84 4008 202 4073 teitau
229 4018 302 4076 Hoec
326 4017 457 4076 assidens
480 4035 559 4092 sagro
582 4017 715 4091 collegas,
744 4017 805 4073 hasa
826 4015 856 4072 in
878 4013 1014 4090 praetorio
1035 4011 1157 4089 propoli
