<?xml version="1.0" encoding="UTF-8"?>
<!DOCTYPE html PUBLIC "-//W3C//DTD XHTML 1.0 Transitional//EN"
    "http://www.w3.org/TR/xhtml1/DTD/xhtml1-transitional.dtd">
<html xmlns="http://www.w3.org/1999/xhtml" xml:lang="en" lang="en">
 <head>
  <title>
</title>
<meta http-equiv="Content-Type" content="text/html;charset=utf-8" />
  <meta name='ocr-system' content='tesseract 3.04.00' />
  <meta name='ocr-capabilities' content='ocr_page ocr_carea ocr_par ocr_line ocrx_word'/>
</head>
<body>
  <div class='ocr_page' id='page_1' title='image "./titiliviihistor01ussigoog/titiliviihistor01ussigoog_0324.png"; bbox 0 0 2700 4426; ppageno 0'>
   <div class='ocr_carea' id='block_1_1' title="bbox 620 200 656 244">
    <p class='ocr_par' dir='ltr' id='par_1_1' title="bbox 620 200 656 244">
     <span class='ocr_line' id='line_1_1' title="bbox 620 200 656 244; baseline -0.028 0"><span class='ocrx_word' id='word_1_1' title='bbox 620 200 656 244; x_wconf 82' lang='lat' dir='ltr'><strong>lx</strong></span> 
     </span>
    </p>
   </div>
   <div class='ocr_carea' id='block_1_2' title="bbox 98 379 1168 2457">
    <p class='ocr_par' dir='ltr' id='par_1_2' title="bbox 109 379 1167 1037">
     <span class='ocr_line' id='line_1_2' title="bbox 111 379 1166 457; baseline 0.002 -21"><span class='ocrx_word' id='word_1_2' title='bbox 111 379 235 444; x_wconf 76' lang='lat' dir='ltr'><strong>XLIX.</strong></span> <span class='ocrx_word' id='word_1_3' title='bbox 269 385 277 436; x_wconf 90' lang='lat' dir='ltr'><strong>l</strong></span> <span class='ocrx_word' id='word_1_4' title='bbox 307 381 413 456; x_wconf 88' lang='lat' dir='ltr'><strong>quippe</strong></span> <span class='ocrx_word' id='word_1_5' title='bbox 444 399 507 438; x_wconf 86' lang='lat' dir='ltr'><strong>eum</strong></span> <span class='ocrx_word' id='word_1_6' title='bbox 529 381 598 440; x_wconf 88' lang='lat' dir='ltr'><strong>alibi</strong></span> <span class='ocrx_word' id='word_1_7' title='bbox 619 382 660 454; x_wconf 93' lang='lat' dir='ltr'><strong>(P</strong></span> <span class='ocrx_word' id='word_1_8' title='bbox 677 381 817 455; x_wconf 82' lang='lat' dir='ltr'><strong>Intellipo:</strong></span> <span class='ocrx_word' id='word_1_9' title='bbox 840 381 946 457; x_wconf 83' lang='lat' dir='ltr'>quippe</span> <span class='ocrx_word' id='word_1_10' title='bbox 967 382 1001 438; x_wconf 90' lang='lat' dir='ltr'><strong>in</strong></span> <span class='ocrx_word' id='word_1_11' title='bbox 1020 401 1055 438; x_wconf 89' lang='lat' dir='ltr'><strong>ea</strong></span> <span class='ocrx_word' id='word_1_12' title='bbox 1075 401 1116 451; x_wconf 84' lang='lat' dir='ltr'><strong>re,</strong></span> <span class='ocrx_word' id='word_1_13' title='bbox 1138 383 1166 439; x_wconf 90' lang='lat' dir='ltr'><strong>in</strong></span> 
     </span>
     <span class='ocr_line' id='line_1_3' title="bbox 111 462 1165 539; baseline 0.004 -21"><span class='ocrx_word' id='word_1_14' title='bbox 111 462 183 536; x_wconf 81' lang='lat' dir='ltr'><strong>que)</strong></span> <span class='ocrx_word' id='word_1_15' title='bbox 221 463 262 534; x_wconf 83' lang='lat' dir='ltr'><strong>L,</strong></span> <span class='ocrx_word' id='word_1_16' title='bbox 298 464 314 519; x_wconf 84' lang='lat'><strong>2</strong></span> <span class='ocrx_word' id='word_1_17' title='bbox 338 463 545 522; x_wconf 83' lang='lat' dir='ltr'><strong>Celtiberorum</strong></span> <span class='ocrx_word' id='word_1_18' title='bbox 576 465 766 522; x_wconf 77' lang='lat' dir='ltr'><strong>adulescenti:</strong></span> <span class='ocrx_word' id='word_1_19' title='bbox 795 464 917 522; x_wconf 85' lang='lat' dir='ltr'><strong>Aluecio</strong></span> <span class='ocrx_word' id='word_1_20' title='bbox 950 466 1061 539; x_wconf 68' lang='lat' dir='ltr'><strong>(itatem.</strong></span> <span class='ocrx_word' id='word_1_21' title='bbox 1082 465 1165 539; x_wconf 87' lang='lat' dir='ltr'><strong>mut.)</strong></span> 
     </span>
     <span class='ocr_line' id='line_1_4' title="bbox 112 548 1167 623; baseline 0.005 -22"><span class='ocrx_word' id='word_1_22' title='bbox 112 549 129 602; x_wconf 90' lang='grc'>9</span> <span class='ocrx_word' id='word_1_23' title='bbox 165 563 235 620; x_wconf 87' lang='lat' dir='ltr'><strong>erga</strong></span> <span class='ocrx_word' id='word_1_24' title='bbox 263 564 295 603; x_wconf 89' lang='lat' dir='ltr'><strong>se</strong></span> <span class='ocrx_word' id='word_1_25' title='bbox 326 557 401 605; x_wconf 84' lang='lat' dir='ltr'><strong>esset</strong></span> <span class='ocrx_word' id='word_1_26' title='bbox 424 548 572 621; x_wconf 72' lang='lat' dir='ltr'><strong>(Rhenum)</strong></span> <span class='ocrx_word' id='word_1_27' title='bbox 606 549 664 617; x_wconf 83' lang='lat' dir='ltr'><strong>LI,</strong></span> <span class='ocrx_word' id='word_1_28' title='bbox 701 550 717 604; x_wconf 83' lang='lat'>2</span> <span class='ocrx_word' id='word_1_29' title='bbox 751 548 955 623; x_wconf 80' lang='lat' dir='ltr'><strong>quinquereme</strong></span> <span class='ocrx_word' id='word_1_30' title='bbox 989 548 1167 622; x_wconf 80' lang='lat' dir='ltr'><strong>captivisque</strong></span> 
     </span>
     <span class='ocr_line' id='line_1_5' title="bbox 111 630 1166 707; baseline 0.002 -21"><span class='ocrx_word' id='word_1_31' title='bbox 111 630 239 704; x_wconf 86' lang='lat' dir='ltr'><strong>Magone</strong></span> <span class='ocrx_word' id='word_1_32' title='bbox 262 631 326 702; x_wconf 64' lang='grc' dir='ltr'><strong>(Μ).</strong></span> <span class='ocrx_word' id='word_1_33' title='bbox 350 634 409 689; x_wconf 90' lang='lat' dir='ltr'><strong>Em.</strong></span> <span class='ocrx_word' id='word_1_34' title='bbox 432 631 500 688; x_wconf 83' lang='lat'><strong>318.</strong></span> <span class='ocrx_word' id='word_1_35' title='bbox 542 631 697 707; x_wconf 87' lang='lat' dir='ltr'><strong>Captivum</strong></span> <span class='ocrx_word' id='word_1_36' title='bbox 722 649 823 706; x_wconf 86' lang='lat' dir='ltr'><strong>agrum</strong></span> <span class='ocrx_word' id='word_1_37' title='bbox 848 634 940 689; x_wconf 81' lang='lat' dir='ltr'><strong>liuius</strong></span> <span class='ocrx_word' id='word_1_38' title='bbox 963 633 1036 688; x_wconf 70' lang='lat' dir='ltr'><strong>dixit</strong></span> <span class='ocrx_word' id='word_1_39' title='bbox 1056 634 1095 703; x_wconf 86' lang='lat' dir='ltr'><strong>ll,</strong></span> <span class='ocrx_word' id='word_1_40' title='bbox 1118 632 1166 707; x_wconf 74' lang='lat'><strong>48,</strong></span> 
     </span>
     <span class='ocr_line' id='line_1_6' title="bbox 111 714 1167 790; baseline 0.004 -22"><span class='ocrx_word' id='word_1_41' title='bbox 111 731 193 768; x_wconf 90' lang='lat' dir='ltr'><strong>arma</strong></span> <span class='ocrx_word' id='word_1_42' title='bbox 221 715 287 781; x_wconf 79' lang='lat' dir='ltr'><strong>Vtt,</strong></span> <span class='ocrx_word' id='word_1_43' title='bbox 310 714 440 786; x_wconf 78' lang='lat' dir='ltr'><strong><em>14,1X,</em></strong></span> <span class='ocrx_word' id='word_1_44' title='bbox 467 716 515 785; x_wconf 73' lang='lat'><strong>40,</strong></span> <span class='ocrx_word' id='word_1_45' title='bbox 538 715 621 790; x_wconf 85' lang='lat' dir='ltr'><strong>signa</strong></span> <span class='ocrx_word' id='word_1_46' title='bbox 646 718 712 785; x_wconf 86' lang='lat' dir='ltr'><strong>Vtt,</strong></span> <span class='ocrx_word' id='word_1_47' title='bbox 733 715 783 786; x_wconf 85' lang='lat'><strong>37,</strong></span> <span class='ocrx_word' id='word_1_48' title='bbox 810 714 928 788; x_wconf 85' lang='lat' dir='ltr'><strong>navigia</strong></span> <span class='ocrx_word' id='word_1_49' title='bbox 947 718 990 783; x_wconf 88' lang='lat' dir='ltr'><strong>X,</strong></span> <span class='ocrx_word' id='word_1_50' title='bbox 1013 716 1048 782; x_wconf 82' lang='lat'><strong>2,</strong></span> <span class='ocrx_word' id='word_1_51' title='bbox 1077 733 1167 772; x_wconf 86' lang='lat' dir='ltr'><strong>naves</strong></span> 
     </span>
     <span class='ocr_line' id='line_1_7' title="bbox 111 795 1166 872; baseline 0.006 -20"><span class='ocrx_word' id='word_1_52' title='bbox 111 797 215 865; x_wconf 86' lang='lat' dir='ltr'><strong><em>XXVI,</em></strong></span> <span class='ocrx_word' id='word_1_53' title='bbox 238 797 299 869; x_wconf 83' lang='grc'><em>47.)</em></span> <span class='ocrx_word' id='word_1_54' title='bbox 323 799 340 854; x_wconf 89' lang='grc'>8</span> <span class='ocrx_word' id='word_1_55' title='bbox 361 801 392 853; x_wconf 85' lang='lat' dir='ltr'><strong>iu</strong></span> <span class='ocrx_word' id='word_1_56' title='bbox 410 800 502 856; x_wconf 75' lang='lat' dir='ltr'><strong>classe</strong></span> <span class='ocrx_word' id='word_1_57' title='bbox 521 802 635 872; x_wconf 75' lang='lat' dir='ltr'><strong>acieque</strong></span> <span class='ocrx_word' id='word_1_58' title='bbox 651 800 750 855; x_wconf 83' lang='lat' dir='ltr'><strong>uuuuli</strong></span> <span class='ocrx_word' id='word_1_59' title='bbox 767 795 772 872; x_wconf 88' lang='grc' dir='ltr'>Ι</span> <span class='ocrx_word' id='word_1_60' title='bbox 791 799 1074 872; x_wconf 87' lang='lat' dir='ltr'><strong>armamentarioque</strong></span> <span class='ocrx_word' id='word_1_61' title='bbox 1091 799 1166 869; x_wconf 79' lang='lat' dir='ltr'><strong>(edu.</strong></span> 
     </span>
     <span class='ocr_line' id='line_1_8' title="bbox 109 880 1166 956; baseline 0.005 -22"><span class='ocrx_word' id='word_1_62' title='bbox 109 887 177 934; x_wconf 82' lang='lat' dir='ltr'><strong>aett.</strong></span> <span class='ocrx_word' id='word_1_63' title='bbox 199 880 259 938; x_wconf 78' lang='lat' dir='ltr'><strong>Viti.</strong></span> <span class='ocrx_word' id='word_1_64' title='bbox 275 881 313 936; x_wconf 81' lang='lat' dir='ltr'><strong>ud</strong></span> <span class='ocrx_word' id='word_1_65' title='bbox 328 881 412 952; x_wconf 73' lang='lat' dir='ltr'><strong>att,</strong></span> <span class='ocrx_word' id='word_1_66' title='bbox 435 884 466 955; x_wconf 82' lang='grc'><strong>6)</strong></span> <span class='ocrx_word' id='word_1_67' title='bbox 489 883 506 939; x_wconf 90' lang='grc'>9</span> <span class='ocrx_word' id='word_1_68' title='bbox 530 881 672 956; x_wconf 88' lang='lat' dir='ltr'><strong>(quassati</strong></span> <span class='ocrx_word' id='word_1_69' title='bbox 683 885 765 939; x_wconf 85' lang='lat' dir='ltr'><strong>erant</strong></span> <span class='ocrx_word' id='word_1_70' title='bbox 789 883 886 950; x_wconf 83' lang='lat' dir='ltr'><strong>Cren.,·</strong></span> <span class='ocrx_word' id='word_1_71' title='bbox 909 884 1166 956; x_wconf 82' lang='lat' dir='ltr'><strong>qutassaverant3</strong></span> 
     </span>
     <span class='ocr_line' id='line_1_9' title="bbox 110 962 450 1037; baseline 0.009 -19"><span class='ocrx_word' id='word_1_72' title='bbox 110 962 202 1021; x_wconf 85' lang='lat' dir='ltr'><strong>Drult.</strong></span> <span class='ocrx_word' id='word_1_73' title='bbox 226 963 323 1036; x_wconf 80' lang='lat' dir='ltr'><strong>quassi</strong></span> <span class='ocrx_word' id='word_1_74' title='bbox 348 966 450 1037; x_wconf 88' lang='lat' dir='ltr'><strong>erant).</strong></span> 
     </span>
    </p>

    <p class='ocr_par' dir='ltr' id='par_1_3' title="bbox 98 1045 1168 2457">
     <span class='ocr_line' id='line_1_10' title="bbox 193 1045 1166 1123; baseline 0 -18"><span class='ocrx_word' id='word_1_75' title='bbox 193 1045 252 1106; x_wconf 82' lang='lat' dir='ltr'><strong>tit.</strong></span> <span class='ocrx_word' id='word_1_76' title='bbox 271 1046 368 1110; x_wconf 71' lang='lat' dir='ltr'><strong>lllll.</strong></span> <span class='ocrx_word' id='word_1_77' title='bbox 390 1045 462 1123; x_wconf 86' lang='lat' dir='ltr'><strong>Cap.</strong></span> <span class='ocrx_word' id='word_1_78' title='bbox 483 1053 507 1116; x_wconf 84' lang='lat'><strong>1,</strong></span> <span class='ocrx_word' id='word_1_79' title='bbox 530 1052 546 1104; x_wconf 84' lang='lat'>5</span> <span class='ocrx_word' id='word_1_80' title='bbox 569 1055 719 1104; x_wconf 77' lang='lat' dir='ltr'><strong>senserant</strong></span> <span class='ocrx_word' id='word_1_81' title='bbox 742 1048 837 1121; x_wconf 81' lang='lat' dir='ltr'><strong>(codd.</strong></span> <span class='ocrx_word' id='word_1_82' title='bbox 853 1047 940 1119; x_wconf 80' lang='lat' dir='ltr'><strong>rece.)</strong></span> <span class='ocrx_word' id='word_1_83' title='bbox 962 1046 1003 1117; x_wconf 87' lang='grc' dir='ltr'><strong>ΙΙ,</strong></span> <span class='ocrx_word' id='word_1_84' title='bbox 1029 1052 1041 1104; x_wconf 89' lang='lat' dir='ltr'><strong>l</strong></span> <span class='ocrx_word' id='word_1_85' title='bbox 1066 1047 1166 1105; x_wconf 86' lang='lat' dir='ltr'><strong>litteris</strong></span> 
     </span>
     <span class='ocr_line' id='line_1_11' title="bbox 110 1130 1168 1206; baseline 0.004 -24"><span class='ocrx_word' id='word_1_86' title='bbox 110 1145 217 1198; x_wconf 84' lang='lat' dir='ltr'><strong>errore,</strong></span> <span class='ocrx_word' id='word_1_87' title='bbox 238 1138 270 1186; x_wconf 89' lang='lat' dir='ltr'><strong>ut</strong></span> <span class='ocrx_word' id='word_1_88' title='bbox 292 1130 414 1190; x_wconf 80' lang='lat' dir='ltr'><strong>uidetur.</strong></span> <span class='ocrx_word' id='word_1_89' title='bbox 451 1135 468 1188; x_wconf 82' lang='lat'><strong>6</strong></span> <span class='ocrx_word' id='word_1_90' title='bbox 484 1136 539 1188; x_wconf 76' lang='lat' dir='ltr'><strong>etl</strong></span> <span class='ocrx_word' id='word_1_91' title='bbox 557 1130 691 1200; x_wconf 79' lang='lat' dir='ltr'><strong>Baliaris,</strong></span> <span class='ocrx_word' id='word_1_92' title='bbox 710 1162 741 1171; x_wconf 91' lang='lat'>—</span> <span class='ocrx_word' id='word_1_93' title='bbox 757 1130 958 1206; x_wconf 87' lang='lat' dir='ltr'><strong>elephanti...</strong></span> <span class='ocrx_word' id='word_1_94' title='bbox 976 1131 1033 1187; x_wconf 87' lang='lat' dir='ltr'><strong>aeti</strong></span> <span class='ocrx_word' id='word_1_95' title='bbox 1052 1150 1098 1200; x_wconf 90' lang='lat'><strong>-;</strong></span> <span class='ocrx_word' id='word_1_96' title='bbox 1118 1131 1168 1188; x_wconf 84' lang='lat' dir='ltr'><strong>ubi</strong></span> 
     </span>
     <span class='ocr_line' id='line_1_12' title="bbox 111 1211 1166 1290; baseline 0.005 -24"><span class='ocrx_word' id='word_1_97' title='bbox 111 1211 173 1271; x_wconf 89' lang='lat' dir='ltr'><strong>diu.</strong></span> <span class='ocrx_word' id='word_1_98' title='bbox 185 1253 214 1270; x_wconf 88' lang='lat'><strong>..</strong></span> <span class='ocrx_word' id='word_1_99' title='bbox 238 1211 331 1269; x_wconf 85' lang='lat' dir='ltr'><strong>stetit:</strong></span> <span class='ocrx_word' id='word_1_100' title='bbox 353 1213 466 1287; x_wconf 82' lang='lat' dir='ltr'><strong>prima.</strong></span> <span class='ocrx_word' id='word_1_101' title='bbox 479 1258 507 1274; x_wconf 89' lang='lat'><strong>..</strong></span> <span class='ocrx_word' id='word_1_102' title='bbox 529 1233 675 1290; x_wconf 83' lang='lat' dir='ltr'><strong>accepere.</strong></span> <span class='ocrx_word' id='word_1_103' title='bbox 696 1233 803 1271; x_wconf 87' lang='lat' dir='ltr'><strong>novum</strong></span> <span class='ocrx_word' id='word_1_104' title='bbox 827 1213 892 1290; x_wconf 77' lang='lat' dir='ltr'><strong>(Ep.</strong></span> <span class='ocrx_word' id='word_1_105' title='bbox 916 1217 976 1271; x_wconf 88' lang='lat' dir='ltr'><strong>Em.</strong></span> <span class='ocrx_word' id='word_1_106' title='bbox 988 1214 1057 1272; x_wconf 80' lang='lat'><strong>319.</strong></span> <span class='ocrx_word' id='word_1_107' title='bbox 1073 1217 1094 1271; x_wconf 75' lang='lat' dir='ltr'><strong>t&gt;</strong></span> <span class='ocrx_word' id='word_1_108' title='bbox 1110 1215 1166 1271; x_wconf 86' lang='lat' dir='ltr'><strong>aeti</strong></span> 
     </span>
     <span class='ocr_line' id='line_1_13' title="bbox 110 1293 1165 1374; baseline 0.005 -25"><span class='ocrx_word' id='word_1_109' title='bbox 110 1293 170 1365; x_wconf 87' lang='lat' dir='ltr'><strong>diu)</strong></span> <span class='ocrx_word' id='word_1_110' title='bbox 195 1295 283 1350; x_wconf 87' lang='lat' dir='ltr'><strong>8tam</strong></span> <span class='ocrx_word' id='word_1_111' title='bbox 295 1296 376 1370; x_wconf 84' lang='lat' dir='ltr'><strong>segni</strong></span> <span class='ocrx_word' id='word_1_112' title='bbox 399 1299 503 1368; x_wconf 56' lang='lat' dir='ltr'><strong>(Dalm</strong></span> <span class='ocrx_word' id='word_1_113' title='bbox 521 1303 580 1356; x_wconf 88' lang='lat' dir='ltr'><strong>Em.</strong></span> <span class='ocrx_word' id='word_1_114' title='bbox 593 1296 664 1374; x_wconf 85' lang='grc'><strong>319)</strong></span> <span class='ocrx_word' id='word_1_115' title='bbox 692 1301 725 1353; x_wconf 91' lang='grc'><strong>10</strong></span> <span class='ocrx_word' id='word_1_116' title='bbox 739 1306 847 1362; x_wconf 70' lang='lat' dir='ltr'><strong>castrat</strong></span> <span class='ocrx_word' id='word_1_117' title='bbox 869 1297 898 1353; x_wconf 90' lang='lat' dir='ltr'><strong>in</strong></span> <span class='ocrx_word' id='word_1_118' title='bbox 910 1297 1048 1371; x_wconf 85' lang='lat' dir='ltr'><strong>Apuliam</strong></span> <span class='ocrx_word' id='word_1_119' title='bbox 1072 1295 1165 1371; x_wconf 66' lang='lat' dir='ltr'><strong>(codri</strong></span> 
     </span>
     <span class='ocr_line' id='line_1_14' title="bbox 98 1375 1164 1456; baseline 0.004 -24"><span class='ocrx_word' id='word_1_120' title='bbox 98 1375 182 1433; x_wconf 74' lang='lat' dir='ltr'><strong>iere.</strong></span> <span class='ocrx_word' id='word_1_121' title='bbox 205 1381 311 1449; x_wconf 79' lang='lat' dir='ltr'><strong>pauci?</strong></span> <span class='ocrx_word' id='word_1_122' title='bbox 333 1381 397 1440; x_wconf 80' lang='lat' dir='ltr'><strong>eud.</strong></span> <span class='ocrx_word' id='word_1_123' title='bbox 420 1379 500 1456; x_wconf 77' lang='lat' dir='ltr'><strong>vett.)</strong></span> <span class='ocrx_word' id='word_1_124' title='bbox 544 1382 603 1450; x_wconf 87' lang='grc' dir='ltr'><strong>ΙΙΙ,</strong></span> <span class='ocrx_word' id='word_1_125' title='bbox 626 1383 643 1437; x_wconf 92' lang='grc'>9</span> <span class='ocrx_word' id='word_1_126' title='bbox 666 1399 720 1455; x_wconf 87' lang='lat' dir='ltr'><strong>par</strong></span> <span class='ocrx_word' id='word_1_127' title='bbox 740 1398 876 1437; x_wconf 86' lang='lat' dir='ltr'><strong>numerus</strong></span> <span class='ocrx_word' id='word_1_128' title='bbox 897 1379 1040 1437; x_wconf 84' lang='lat' dir='ltr'><strong>sociorum</strong></span> <span class='ocrx_word' id='word_1_129' title='bbox 1064 1380 1164 1437; x_wconf 87' lang='lat' dir='ltr'><strong>eodem</strong></span> 
     </span>
     <span class='ocr_line' id='line_1_15' title="bbox 111 1461 1165 1537; baseline 0.005 -22"><span class='ocrx_word' id='word_1_130' title='bbox 111 1461 187 1533; x_wconf 79' lang='lat' dir='ltr'><strong>(add.</strong></span> <span class='ocrx_word' id='word_1_131' title='bbox 209 1471 276 1518; x_wconf 82' lang='lat' dir='ltr'><strong>vett.</strong></span> <span class='ocrx_word' id='word_1_132' title='bbox 304 1464 327 1519; x_wconf 88' lang='lat' dir='ltr'><em>P</em></span> <span class='ocrx_word' id='word_1_133' title='bbox 355 1482 410 1537; x_wconf 87' lang='lat' dir='ltr'><strong>par·</strong></span> <span class='ocrx_word' id='word_1_134' title='bbox 437 1483 573 1523; x_wconf 90' lang='lat' dir='ltr'><strong>numerus</strong></span> <span class='ocrx_word' id='word_1_135' title='bbox 600 1483 823 1521; x_wconf 87' lang='lat' dir='ltr'><strong>romanorumue</strong></span> <span class='ocrx_word' id='word_1_136' title='bbox 851 1464 962 1522; x_wconf 89' lang='lat' dir='ltr'><strong>eodem.</strong></span> <span class='ocrx_word' id='word_1_137' title='bbox 1004 1467 1165 1524; x_wconf 78' lang='lat' dir='ltr'><strong>Euercitum</strong></span> 
     </span>
     <span class='ocr_line' id='line_1_16' title="bbox 109 1544 1165 1620; baseline 0.003 -21"><span class='ocrx_word' id='word_1_138' title='bbox 109 1544 247 1601; x_wconf 80' lang='lat' dir='ltr'><strong>urbanum</strong></span> <span class='ocrx_word' id='word_1_139' title='bbox 270 1563 330 1602; x_wconf 87' lang='lat' dir='ltr'><strong>cum</strong></span> <span class='ocrx_word' id='word_1_140' title='bbox 353 1549 510 1617; x_wconf 77' lang='lat' dir='ltr'><strong>iepiouibus.</strong></span> <span class='ocrx_word' id='word_1_141' title='bbox 536 1548 653 1605; x_wconf 83' lang='lat' dir='ltr'><strong>urbanis</strong></span> <span class='ocrx_word' id='word_1_142' title='bbox 678 1550 749 1604; x_wconf 81' lang='lat' dir='ltr'><strong>socii</strong></span> <span class='ocrx_word' id='word_1_143' title='bbox 776 1546 951 1620; x_wconf 72' lang='lat' dir='ltr'><strong>explebunt.)</strong></span> <span class='ocrx_word' id='word_1_144' title='bbox 997 1547 1053 1617; x_wconf 73' lang='lat' dir='ltr'><strong>IV,</strong></span> <span class='ocrx_word' id='word_1_145' title='bbox 1076 1549 1092 1603; x_wconf 87' lang='lat'><strong>2</strong></span> <span class='ocrx_word' id='word_1_146' title='bbox 1116 1556 1165 1603; x_wconf 93' lang='lat' dir='ltr'><strong>aut</strong></span> 
     </span>
     <span class='ocr_line' id='line_1_17' title="bbox 109 1628 1165 1705; baseline 0.004 -23"><span class='ocrx_word' id='word_1_147' title='bbox 109 1628 255 1684; x_wconf 83' lang='lat' dir='ltr'><strong>consulem</strong></span> <span class='ocrx_word' id='word_1_148' title='bbox 270 1628 439 1687; x_wconf 84' lang='lat' dir='ltr'><strong>Marcellum</strong></span> <span class='ocrx_word' id='word_1_149' title='bbox 463 1633 573 1705; x_wconf 78' lang='lat' dir='ltr'><strong>(Rieu.)</strong></span> <span class='ocrx_word' id='word_1_150' title='bbox 597 1631 708 1689; x_wconf 80' lang='lat' dir='ltr'><strong>lurbis</strong></span> <span class='ocrx_word' id='word_1_151' title='bbox 730 1631 848 1703; x_wconf 78' lang='lat' dir='ltr'><strong>(Sipou.)</strong></span> <span class='ocrx_word' id='word_1_152' title='bbox 872 1635 888 1686; x_wconf 89' lang='lat'><strong>5</strong></span> <span class='ocrx_word' id='word_1_153' title='bbox 912 1648 1033 1704; x_wconf 83' lang='lat' dir='ltr'><strong>quaeque</strong></span> <span class='ocrx_word' id='word_1_154' title='bbox 1054 1631 1165 1701; x_wconf 68' lang='lat' dir='ltr'><strong>(Atat</strong></span> 
     </span>
     <span class='ocr_line' id='line_1_18' title="bbox 110 1711 1165 1790; baseline 0.002 -24"><span class='ocrx_word' id='word_1_155' title='bbox 110 1712 218 1784; x_wconf 87' lang='lat' dir='ltr'><strong>quoeq.)</strong></span> <span class='ocrx_word' id='word_1_156' title='bbox 241 1716 258 1768; x_wconf 87' lang='grc'><strong>6</strong></span> <span class='ocrx_word' id='word_1_157' title='bbox 281 1711 392 1788; x_wconf 86' lang='lat' dir='ltr'><strong>legatos</strong></span> <span class='ocrx_word' id='word_1_158' title='bbox 411 1715 583 1790; x_wconf 88' lang='lat' dir='ltr'><strong>Hispaniam</strong></span> <span class='ocrx_word' id='word_1_159' title='bbox 606 1715 698 1786; x_wconf 76' lang='lat' dir='ltr'><strong>(codd.</strong></span> <span class='ocrx_word' id='word_1_160' title='bbox 720 1732 792 1774; x_wconf 84' lang='lat' dir='ltr'><strong>rece.</strong></span> <span class='ocrx_word' id='word_1_161' title='bbox 820 1716 880 1774; x_wconf 78' lang='lat' dir='ltr'><strong>Viti.</strong></span> <span class='ocrx_word' id='word_1_162' title='bbox 901 1715 984 1786; x_wconf 67' lang='lat' dir='ltr'><strong>prees.</strong></span> <span class='ocrx_word' id='word_1_163' title='bbox 1008 1715 1064 1769; x_wconf 83' lang='lat' dir='ltr'><strong>vol.</strong></span> <span class='ocrx_word' id='word_1_164' title='bbox 1077 1716 1093 1771; x_wconf 89' lang='grc'><em>1</em></span> <span class='ocrx_word' id='word_1_165' title='bbox 1103 1714 1165 1785; x_wconf 83' lang='lat' dir='ltr'><strong>p.2</strong></span> 
     </span>
     <span class='ocr_line' id='line_1_19' title="bbox 109 1794 1164 1870; baseline 0.004 -22"><span class='ocrx_word' id='word_1_166' title='bbox 109 1794 148 1848; x_wconf 81' lang='lat' dir='ltr'><strong>ud</strong></span> <span class='ocrx_word' id='word_1_167' title='bbox 169 1797 205 1866; x_wconf 84' lang='lat' dir='ltr'><strong>X,</strong></span> <span class='ocrx_word' id='word_1_168' title='bbox 226 1795 274 1864; x_wconf 90' lang='grc'><strong>37,</strong></span> <span class='ocrx_word' id='word_1_169' title='bbox 297 1798 326 1868; x_wconf 95' lang='grc'><strong>1)</strong></span> <span class='ocrx_word' id='word_1_170' title='bbox 353 1801 387 1853; x_wconf 86' lang='grc'><strong>15</strong></span> <span class='ocrx_word' id='word_1_171' title='bbox 411 1797 485 1855; x_wconf 90' lang='lat' dir='ltr'><strong>diem</strong></span> <span class='ocrx_word' id='word_1_172' title='bbox 506 1801 606 1856; x_wconf 85' lang='lat' dir='ltr'><strong>Romae</strong></span> <span class='ocrx_word' id='word_1_173' title='bbox 629 1798 725 1868; x_wconf 81' lang='lat' dir='ltr'><strong>(codd.</strong></span> <span class='ocrx_word' id='word_1_174' title='bbox 748 1816 820 1857; x_wconf 83' lang='lat' dir='ltr'><strong>rece.</strong></span> <span class='ocrx_word' id='word_1_175' title='bbox 844 1800 978 1870; x_wconf 72' lang='lat' dir='ltr'><strong>aliquot?</strong></span> <span class='ocrx_word' id='word_1_176' title='bbox 1000 1798 1063 1855; x_wconf 81' lang='lat' dir='ltr'><strong>edd.</strong></span> <span class='ocrx_word' id='word_1_177' title='bbox 1084 1797 1164 1868; x_wconf 85' lang='lat' dir='ltr'><strong>vett.)</strong></span> 
     </span>
     <span class='ocr_line' id='line_1_20' title="bbox 109 1877 1164 1958; baseline 0.003 -26"><span class='ocrx_word' id='word_1_178' title='bbox 109 1877 147 1946; x_wconf 82' lang='lat' dir='ltr'><strong>V,</strong></span> <span class='ocrx_word' id='word_1_179' title='bbox 171 1881 187 1933; x_wconf 86' lang='lat'>2</span> <span class='ocrx_word' id='word_1_180' title='bbox 219 1881 308 1949; x_wconf 83' lang='lat' dir='ltr'><strong>(Fert.</strong></span> <span class='ocrx_word' id='word_1_181' title='bbox 330 1884 506 1938; x_wconf 79' lang='lat' dir='ltr'><strong>retinendum</strong></span> <span class='ocrx_word' id='word_1_182' title='bbox 535 1892 597 1958; x_wconf 81' lang='lat' dir='ltr'><strong>erut</strong></span> <span class='ocrx_word' id='word_1_183' title='bbox 620 1901 656 1938; x_wconf 79' lang='lat' dir='ltr'><strong>eu</strong></span> <span class='ocrx_word' id='word_1_184' title='bbox 676 1883 799 1952; x_wconf 77' lang='lat' dir='ltr'><strong>eulpatis</strong></span> <span class='ocrx_word' id='word_1_185' title='bbox 820 1882 882 1939; x_wconf 81' lang='lat' dir='ltr'><strong>edd.</strong></span> <span class='ocrx_word' id='word_1_186' title='bbox 905 1879 1013 1937; x_wconf 88' lang='lat' dir='ltr'><strong>babuit.</strong></span> <span class='ocrx_word' id='word_1_187' title='bbox 1057 1878 1102 1936; x_wconf 91' lang='lat' dir='ltr'><strong>Ibi</strong></span> <span class='ocrx_word' id='word_1_188' title='bbox 1129 1879 1164 1935; x_wconf 89' lang='lat' dir='ltr'><strong>de</strong></span> 
     </span>
     <span class='ocr_line' id='line_1_21' title="bbox 108 1960 1163 2039; baseline 0.003 -25"><span class='ocrx_word' id='word_1_189' title='bbox 108 1960 177 2032; x_wconf 85' lang='lat' dir='ltr'><strong>cet.)</strong></span> <span class='ocrx_word' id='word_1_190' title='bbox 211 1965 227 2016; x_wconf 85' lang='grc'><strong>4</strong></span> <span class='ocrx_word' id='word_1_191' title='bbox 250 1963 392 2019; x_wconf 87' lang='lat' dir='ltr'><strong>neminem</strong></span> <span class='ocrx_word' id='word_1_192' title='bbox 417 1963 555 2034; x_wconf 81' lang='lat' dir='ltr'><strong>Siculum,</strong></span> <span class='ocrx_word' id='word_1_193' title='bbox 578 1965 626 2039; x_wconf 90' lang='lat' dir='ltr'><strong>qui</strong></span> <span class='ocrx_word' id='word_1_194' title='bbox 648 1963 740 2038; x_wconf 86' lang='lat' dir='ltr'><strong>fugati</strong></span> <span class='ocrx_word' id='word_1_195' title='bbox 763 1973 838 2020; x_wconf 87' lang='lat' dir='ltr'><strong>metu</strong></span> <span class='ocrx_word' id='word_1_196' title='bbox 860 1964 927 2019; x_wconf 92' lang='lat' dir='ltr'><strong>inde</strong></span> <span class='ocrx_word' id='word_1_197' title='bbox 949 1961 1082 2031; x_wconf 79' lang='lat' dir='ltr'><strong>afuerint,</strong></span> <span class='ocrx_word' id='word_1_198' title='bbox 1106 1981 1163 2018; x_wconf 89' lang='lat' dir='ltr'><strong>non</strong></span> 
     </span>
     <span class='ocr_line' id='line_1_22' title="bbox 109 2044 1163 2121; baseline 0.002 -22"><span class='ocrx_word' id='word_1_199' title='bbox 109 2061 186 2112; x_wconf 80' lang='lat' dir='ltr'><strong>eese3</strong></span> <span class='ocrx_word' id='word_1_200' title='bbox 209 2044 301 2100; x_wconf 90' lang='lat' dir='ltr'><strong>omnis</strong></span> <span class='ocrx_word' id='word_1_201' title='bbox 316 2046 382 2119; x_wconf 63' lang='grc' dir='ltr'>(Μ).</span> <span class='ocrx_word' id='word_1_202' title='bbox 395 2051 452 2108; x_wconf 97' lang='lat' dir='ltr'><strong>Em.</strong></span> <span class='ocrx_word' id='word_1_203' title='bbox 464 2049 535 2120; x_wconf 80' lang='grc'><strong>319)</strong></span> <span class='ocrx_word' id='word_1_204' title='bbox 559 2054 696 2105; x_wconf 72' lang='lat' dir='ltr'><strong>surram</strong></span> <span class='ocrx_word' id='word_1_205' title='bbox 714 2047 839 2114; x_wconf 80' lang='lat' dir='ltr'><strong>tandem,</strong></span> <span class='ocrx_word' id='word_1_206' title='bbox 860 2045 1030 2121; x_wconf 79' lang='lat' dir='ltr'><strong>frugiferam</strong></span> <span class='ocrx_word' id='word_1_207' title='bbox 1052 2047 1163 2117; x_wconf 79' lang='lat' dir='ltr'><strong>(interp.</strong></span> 
     </span>
     <span class='ocr_line' id='line_1_23' title="bbox 107 2125 1161 2206; baseline 0.002 -24"><span class='ocrx_word' id='word_1_208' title='bbox 107 2128 188 2197; x_wconf 88' lang='lat' dir='ltr'><strong>mut.)</strong></span> <span class='ocrx_word' id='word_1_209' title='bbox 213 2131 230 2182; x_wconf 89' lang='grc'><strong>6</strong></span> <span class='ocrx_word' id='word_1_210' title='bbox 252 2127 336 2184; x_wconf 88' lang='lat' dir='ltr'><strong>fidem</strong></span> <span class='ocrx_word' id='word_1_211' title='bbox 350 2149 367 2186; x_wconf 92' lang='lat' dir='ltr'><strong>a</strong></span> <span class='ocrx_word' id='word_1_212' title='bbox 381 2131 496 2187; x_wconf 83' lang='lat' dir='ltr'><strong>consule</strong></span> <span class='ocrx_word' id='word_1_213' title='bbox 507 2131 598 2188; x_wconf 87' lang='lat' dir='ltr'><strong>habiti</strong></span> <span class='ocrx_word' id='word_1_214' title='bbox 614 2132 680 2205; x_wconf 66' lang='lat' dir='ltr'><strong>(Mu.</strong></span> <span class='ocrx_word' id='word_1_215' title='bbox 688 2134 746 2188; x_wconf 88' lang='lat' dir='ltr'><strong>Em.</strong></span> <span class='ocrx_word' id='word_1_216' title='bbox 760 2130 831 2202; x_wconf 83' lang='lat'><strong>320)</strong></span> <span class='ocrx_word' id='word_1_217' title='bbox 854 2131 872 2187; x_wconf 91' lang='grc'>9</span> <span class='ocrx_word' id='word_1_218' title='bbox 887 2130 961 2186; x_wconf 91' lang='lat' dir='ltr'><strong>redit</strong></span> <span class='ocrx_word' id='word_1_219' title='bbox 976 2129 1051 2202; x_wconf 80' lang='lat' dir='ltr'><strong>(edd.</strong></span> <span class='ocrx_word' id='word_1_220' title='bbox 1064 2125 1161 2206; x_wconf 76' lang='lat' dir='ltr'><strong>vett.)(</strong></span> 
     </span>
     <span class='ocr_line' id='line_1_24' title="bbox 109 2207 1166 2288; baseline 0.001 -22"><span class='ocrx_word' id='word_1_221' title='bbox 109 2218 138 2266; x_wconf 86' lang='lat' dir='ltr'><strong>et</strong></span> <span class='ocrx_word' id='word_1_222' title='bbox 155 2207 221 2287; x_wconf 87' lang='lat' dir='ltr'><strong>[ad]</strong></span> <span class='ocrx_word' id='word_1_223' title='bbox 239 2210 366 2269; x_wconf 83' lang='lat' dir='ltr'><strong>Siciliam</strong></span> <span class='ocrx_word' id='word_1_224' title='bbox 379 2214 448 2286; x_wconf 88' lang='lat' dir='ltr'><strong>(Em.</strong></span> <span class='ocrx_word' id='word_1_225' title='bbox 460 2214 532 2286; x_wconf 82' lang='lat'>322)</span> <span class='ocrx_word' id='word_1_226' title='bbox 552 2217 557 2288; x_wconf 86' lang='grc'>1</span> <span class='ocrx_word' id='word_1_227' title='bbox 575 2213 721 2288; x_wconf 82' lang='lat' dir='ltr'><strong>profectus</strong></span> <span class='ocrx_word' id='word_1_228' title='bbox 732 2213 807 2284; x_wconf 82' lang='lat' dir='ltr'><strong>inde.</strong></span> <span class='ocrx_word' id='word_1_229' title='bbox 821 2213 979 2288; x_wconf 76' lang='lat' dir='ltr'><strong>Lilybaeum</strong></span> <span class='ocrx_word' id='word_1_230' title='bbox 993 2211 1069 2287; x_wconf 79' lang='lat' dir='ltr'><strong>(edd.</strong></span> <span class='ocrx_word' id='word_1_231' title='bbox 1081 2223 1166 2281; x_wconf 85' lang='lat' dir='ltr'><strong>uett.;</strong></span> 
     </span>
     <span class='ocr_line' id='line_1_25' title="bbox 107 2292 1165 2372; baseline 0.001 -22"><span class='ocrx_word' id='word_1_232' title='bbox 107 2296 168 2352; x_wconf 90' lang='lat' dir='ltr'><strong>Em.</strong></span> <span class='ocrx_word' id='word_1_233' title='bbox 191 2293 263 2371; x_wconf 84' lang='grc'><em>321)</em></span> <span class='ocrx_word' id='word_1_234' title='bbox 289 2292 324 2352; x_wconf 88' lang='lat'><strong>15</strong></span> <span class='ocrx_word' id='word_1_235' title='bbox 348 2307 442 2353; x_wconf 88' lang='lat' dir='ltr'><strong>antem</strong></span> <span class='ocrx_word' id='word_1_236' title='bbox 468 2297 497 2353; x_wconf 90' lang='lat' dir='ltr'><strong>in</strong></span> <span class='ocrx_word' id='word_1_237' title='bbox 518 2298 605 2355; x_wconf 87' lang='lat' dir='ltr'><strong>Italia</strong></span> <span class='ocrx_word' id='word_1_238' title='bbox 627 2297 720 2372; x_wconf 82' lang='lat' dir='ltr'><strong>(codd.</strong></span> <span class='ocrx_word' id='word_1_239' title='bbox 743 2298 802 2370; x_wconf 82' lang='lat' dir='ltr'><strong>alp.</strong></span> <span class='ocrx_word' id='word_1_240' title='bbox 825 2294 909 2372; x_wconf 81' lang='lat' dir='ltr'><strong>reue.)</strong></span> <span class='ocrx_word' id='word_1_241' title='bbox 935 2297 970 2354; x_wconf 86' lang='grc'><strong>19</strong></span> <span class='ocrx_word' id='word_1_242' title='bbox 993 2295 1069 2370; x_wconf 89' lang='lat' dir='ltr'><strong>plebi</strong></span> <span class='ocrx_word' id='word_1_243' title='bbox 1093 2295 1165 2352; x_wconf 86' lang='lat' dir='ltr'><strong>scito</strong></span> 
     </span>
     <span class='ocr_line' id='line_1_26' title="bbox 110 2366 1164 2457; baseline 0.002 -25"><span class='ocrx_word' id='word_1_244' title='bbox 110 2373 167 2452; x_wconf 74' lang='lat' dir='ltr'><strong>[a]</strong></span> <span class='ocrx_word' id='word_1_245' title='bbox 192 2378 229 2433; x_wconf 74' lang='lat' dir='ltr'><strong>ab</strong></span> <span class='ocrx_word' id='word_1_246' title='bbox 252 2377 287 2450; x_wconf 79' lang='lat' dir='ltr'><strong>Q.</strong></span> <span class='ocrx_word' id='word_1_247' title='bbox 312 2377 402 2456; x_wconf 79' lang='lat' dir='ltr'><strong>(mu.)</strong></span> <span class='ocrx_word' id='word_1_248' title='bbox 439 2381 499 2446; x_wconf 73' lang='lat' dir='ltr'><strong>vn</strong></span> <span class='ocrx_word' id='word_1_249' title='bbox 522 2384 538 2437; x_wconf 86' lang='lat' dir='ltr'><strong>e</strong></span> <span class='ocrx_word' id='word_1_250' title='bbox 563 2366 793 2457; x_wconf 69' lang='lat' dir='ltr'><strong>dixerant‘uuu.</strong></span> <span class='ocrx_word' id='word_1_251' title='bbox 815 2377 896 2455; x_wconf 66' lang='lat' dir='ltr'><strong>aare.)</strong></span> <span class='ocrx_word' id='word_1_252' title='bbox 924 2388 929 2456; x_wconf 58' lang='grc' dir='ltr'>ι</span> <span class='ocrx_word' id='word_1_253' title='bbox 957 2378 998 2454; x_wconf 77' lang='lat' dir='ltr'><strong>(ni</strong></span> <span class='ocrx_word' id='word_1_254' title='bbox 1023 2397 1053 2436; x_wconf 73' lang='lat' dir='ltr'><strong>ee</strong></span> <span class='ocrx_word' id='word_1_255' title='bbox 1076 2379 1164 2436; x_wconf 74' lang='lat' dir='ltr'><strong>urar.</strong></span> 
     </span>
    </p>
   </div>
   <div class='ocr_carea' id='block_1_3' title="bbox 109 2459 1273 2540">
    <p class='ocr_par' dir='ltr' id='par_1_4' title="bbox 109 2459 1273 2540">
     <span class='ocr_line' id='line_1_27' title="bbox 109 2459 1273 2540; baseline 0.003 -25"><span class='ocrx_word' id='word_1_256' title='bbox 109 2462 131 2516; x_wconf 85' lang='lat' dir='ltr'><em>P</em></span> <span class='ocrx_word' id='word_1_257' title='bbox 152 2459 215 2516; x_wconf 85' lang='lat' dir='ltr'><strong>nisi.</strong></span> <span class='ocrx_word' id='word_1_258' title='bbox 239 2462 309 2518; x_wconf 84' lang='lat' dir='ltr'><strong>Edd.</strong></span> <span class='ocrx_word' id='word_1_259' title='bbox 330 2463 360 2518; x_wconf 87' lang='lat' dir='ltr'><strong>ni</strong></span> <span class='ocrx_word' id='word_1_260' title='bbox 379 2463 499 2524; x_wconf 85' lang='lat' dir='ltr'><strong>tribuni.</strong></span> <span class='ocrx_word' id='word_1_261' title='bbox 513 2508 541 2524; x_wconf 89' lang='lat'><strong>..</strong></span> <span class='ocrx_word' id='word_1_262' title='bbox 558 2483 589 2521; x_wconf 91' lang='lat' dir='ltr'><strong>se</strong></span> <span class='ocrx_word' id='word_1_263' title='bbox 601 2463 850 2540; x_wconf 85' lang='lat' dir='ltr'><strong>interposuissent)</strong></span> <span class='ocrx_word' id='word_1_264' title='bbox 875 2469 890 2521; x_wconf 85' lang='lat'>4</span> <span class='ocrx_word' id='word_1_265' title='bbox 916 2463 1032 2520; x_wconf 87' lang='lat' dir='ltr'><strong>Arrenii</strong></span> <span class='ocrx_word' id='word_1_266' title='bbox 1055 2461 1164 2538; x_wconf 80' lang='lat' dir='ltr'><strong>(Hertz.</strong></span> <span class='ocrx_word' id='word_1_267' title='bbox 1270 2476 1273 2482; x_wconf 93' lang='grc'><strong>’</strong></span> 
     </span>
    </p>
   </div>
   <div class='ocr_carea' id='block_1_4' title="bbox 107 2544 1205 3865">
    <p class='ocr_par' dir='ltr' id='par_1_5' title="bbox 107 2544 1205 3865">
     <span class='ocr_line' id='line_1_28' title="bbox 110 2544 1205 2623; baseline 0.003 -24"><span class='ocrx_word' id='word_1_268' title='bbox 110 2544 280 2600; x_wconf 86' lang='lat' dir='ltr'><strong>PArriani.</strong></span> <span class='ocrx_word' id='word_1_269' title='bbox 305 2548 390 2604; x_wconf 83' lang='lat' dir='ltr'><strong>Grau.</strong></span> <span class='ocrx_word' id='word_1_270' title='bbox 413 2545 541 2623; x_wconf 85' lang='lat' dir='ltr'><strong>Afranii)</strong></span> <span class='ocrx_word' id='word_1_271' title='bbox 565 2552 581 2605; x_wconf 88' lang='grc'><strong>6</strong></span> <span class='ocrx_word' id='word_1_272' title='bbox 604 2547 697 2622; x_wconf 87' lang='lat' dir='ltr'><strong>plebis</strong></span> <span class='ocrx_word' id='word_1_273' title='bbox 721 2547 792 2604; x_wconf 86' lang='lat' dir='ltr'><strong>seito</strong></span> <span class='ocrx_word' id='word_1_274' title='bbox 815 2551 832 2605; x_wconf 93' lang='grc'>9</span> <span class='ocrx_word' id='word_1_275' title='bbox 855 2548 890 2604; x_wconf 89' lang='lat' dir='ltr'><strong>iis</strong></span> <span class='ocrx_word' id='word_1_276' title='bbox 919 2552 951 2604; x_wconf 78' lang='lat' dir='ltr'><strong>tt</strong></span> <span class='ocrx_word' id='word_1_277' title='bbox 974 2546 1047 2603; x_wconf 88' lang='lat' dir='ltr'><strong>redit</strong></span> <span class='ocrx_word' id='word_1_278' title='bbox 1070 2545 1163 2621; x_wconf 79' lang='lat' dir='ltr'><strong>(codd.</strong></span> <span class='ocrx_word' id='word_1_279' title='bbox 1204 2616 1205 2621; x_wconf 7' lang='grc' dir='ltr'>ἵ</span> 
     </span>
     <span class='ocr_line' id='line_1_29' title="bbox 109 2624 1164 2706; baseline 0.004 -25"><span class='ocrx_word' id='word_1_280' title='bbox 109 2624 194 2702; x_wconf 83' lang='lat' dir='ltr'><strong>rece.)</strong></span> <span class='ocrx_word' id='word_1_281' title='bbox 228 2631 261 2682; x_wconf 87' lang='grc'><strong>15</strong></span> <span class='ocrx_word' id='word_1_282' title='bbox 285 2626 435 2688; x_wconf 81' lang='lat' dir='ltr'><strong>factus...</strong></span> <span class='ocrx_word' id='word_1_283' title='bbox 461 2628 576 2706; x_wconf 86' lang='lat' dir='ltr'><strong>Crassi,</strong></span> <span class='ocrx_word' id='word_1_284' title='bbox 606 2633 698 2686; x_wconf 84' lang='lat' dir='ltr'><strong>altero</strong></span> <span class='ocrx_word' id='word_1_285' title='bbox 722 2633 801 2706; x_wconf 86' lang='lat' dir='ltr'><strong>loeo,</strong></span> <span class='ocrx_word' id='word_1_286' title='bbox 829 2635 889 2688; x_wconf 79' lang='lat' dir='ltr'><strong>siue</strong></span> <span class='ocrx_word' id='word_1_287' title='bbox 909 2635 988 2688; x_wconf 84' lang='lat' dir='ltr'><strong>uueis</strong></span> <span class='ocrx_word' id='word_1_288' title='bbox 1010 2627 1076 2705; x_wconf 83' lang='lat' dir='ltr'><strong>(Ep.</strong></span> <span class='ocrx_word' id='word_1_289' title='bbox 1102 2633 1164 2686; x_wconf 85' lang='lat' dir='ltr'><strong>Nou</strong></span> 
     </span>
     <span class='ocr_line' id='line_1_30' title="bbox 108 2711 1164 2786; baseline 0.001 -20"><span class='ocrx_word' id='word_1_290' title='bbox 108 2711 199 2766; x_wconf 81' lang='lat' dir='ltr'><strong>solum</strong></span> <span class='ocrx_word' id='word_1_291' title='bbox 219 2729 353 2782; x_wconf 81' lang='lat' dir='ltr'><strong>perquam</strong></span> <span class='ocrx_word' id='word_1_292' title='bbox 375 2714 549 2784; x_wconf 83' lang='lat' dir='ltr'><strong>inelepuuter</strong></span> <span class='ocrx_word' id='word_1_293' title='bbox 570 2715 657 2771; x_wconf 79' lang='lat' dir='ltr'><strong>verbu</strong></span> <span class='ocrx_word' id='word_1_294' title='bbox 678 2717 737 2771; x_wconf 78' lang='lat' dir='ltr'><strong>bum</strong></span> <span class='ocrx_word' id='word_1_295' title='bbox 760 2715 802 2770; x_wconf 71' lang='lat' dir='ltr'><strong>tae</strong></span> <span class='ocrx_word' id='word_1_296' title='bbox 820 2724 980 2786; x_wconf 81' lang='lat' dir='ltr'><strong>ponuntur,</strong></span> <span class='ocrx_word' id='word_1_297' title='bbox 1009 2714 1060 2768; x_wconf 81' lang='lat' dir='ltr'><strong>sed</strong></span> <span class='ocrx_word' id='word_1_298' title='bbox 1080 2715 1164 2768; x_wconf 84' lang='lat' dir='ltr'><strong>uitio·</strong></span> 
     </span>
     <span class='ocr_line' id='line_1_31' title="bbox 107 2794 1166 2870; baseline 0.002 -22"><span class='ocrx_word' id='word_1_299' title='bbox 107 2796 244 2848; x_wconf 80' lang='lat' dir='ltr'><strong>sa&#39;ssimam</strong></span> <span class='ocrx_word' id='word_1_300' title='bbox 268 2794 371 2850; x_wconf 83' lang='lat' dir='ltr'><strong>babent</strong></span> <span class='ocrx_word' id='word_1_301' title='bbox 400 2801 537 2854; x_wconf 80' lang='lat' dir='ltr'><strong>orationis</strong></span> <span class='ocrx_word' id='word_1_302' title='bbox 565 2801 701 2867; x_wconf 73' lang='lat' dir='ltr'><strong>formam,</strong></span> <span class='ocrx_word' id='word_1_303' title='bbox 730 2803 813 2870; x_wconf 84' lang='lat' dir='ltr'><strong>quusi</strong></span> <span class='ocrx_word' id='word_1_304' title='bbox 837 2799 893 2854; x_wconf 80' lang='lat' dir='ltr'><strong>duo</strong></span> <span class='ocrx_word' id='word_1_305' title='bbox 922 2799 1047 2853; x_wconf 72' lang='lat' dir='ltr'><strong>homines</strong></span> <span class='ocrx_word' id='word_1_306' title='bbox 1068 2799 1097 2850; x_wconf 84' lang='lat' dir='ltr'><strong>iu</strong></span> <span class='ocrx_word' id='word_1_307' title='bbox 1120 2798 1166 2851; x_wconf 83' lang='lat' dir='ltr'><strong>sui</strong></span> 
     </span>
     <span class='ocr_line' id='line_1_32' title="bbox 109 2879 1162 2953; baseline 0.004 -22"><span class='ocrx_word' id='word_1_308' title='bbox 109 2879 226 2949; x_wconf 77' lang='lat' dir='ltr'><strong>quisque</strong></span> <span class='ocrx_word' id='word_1_309' title='bbox 257 2879 374 2934; x_wconf 79' lang='lat' dir='ltr'><strong>bominis</strong></span> <span class='ocrx_word' id='word_1_310' title='bbox 408 2882 498 2937; x_wconf 86' lang='lat' dir='ltr'><strong>locum</strong></span> <span class='ocrx_word' id='word_1_311' title='bbox 526 2885 639 2953; x_wconf 78' lang='lat' dir='ltr'><strong>suffecti</strong></span> <span class='ocrx_word' id='word_1_312' title='bbox 668 2884 744 2946; x_wconf 74' lang='lat' dir='ltr'><strong>sint.</strong></span> <span class='ocrx_word' id='word_1_313' title='bbox 776 2899 834 2936; x_wconf 84' lang='lat' dir='ltr'><strong>uon</strong></span> <span class='ocrx_word' id='word_1_314' title='bbox 864 2883 894 2936; x_wconf 82' lang='lat' dir='ltr'><strong>iu</strong></span> <span class='ocrx_word' id='word_1_315' title='bbox 925 2882 1009 2936; x_wconf 80' lang='lat' dir='ltr'><strong>unius</strong></span> <span class='ocrx_word' id='word_1_316' title='bbox 1036 2888 1162 2950; x_wconf 82' lang='lat' dir='ltr'><strong>uterque.</strong></span> 
     </span>
     <span class='ocr_line' id='line_1_33' title="bbox 111 2956 1164 3038; baseline 0.002 -25"><span class='ocrx_word' id='word_1_317' title='bbox 111 2960 276 3029; x_wconf 77' lang='lat' dir='ltr'><strong>offenderat</strong></span> <span class='ocrx_word' id='word_1_318' title='bbox 298 2965 381 3018; x_wconf 87' lang='lat' dir='ltr'><strong>etium</strong></span> <span class='ocrx_word' id='word_1_319' title='bbox 406 2956 479 3036; x_wconf 73' lang='lat' dir='ltr'><strong>Ues.)</strong></span> <span class='ocrx_word' id='word_1_320' title='bbox 515 2967 549 3021; x_wconf 93' lang='grc'><strong>19</strong></span> <span class='ocrx_word' id='word_1_321' title='bbox 572 2963 709 3038; x_wconf 88' lang='lat' dir='ltr'><strong>temporis</strong></span> <span class='ocrx_word' id='word_1_322' title='bbox 731 2963 815 3020; x_wconf 91' lang='lat' dir='ltr'><strong>huius</strong></span> <span class='ocrx_word' id='word_1_323' title='bbox 844 2965 941 3036; x_wconf 75' lang='lat' dir='ltr'><strong>(libera.</strong></span> <span class='ocrx_word' id='word_1_324' title='bbox 966 2965 1057 3033; x_wconf 75' lang='lat' dir='ltr'><strong>Loupe</strong></span> <span class='ocrx_word' id='word_1_325' title='bbox 1079 2964 1164 3016; x_wconf 85' lang='lat' dir='ltr'><strong>aliter</strong></span> 
     </span>
     <span class='ocr_line' id='line_1_34' title="bbox 109 3043 1162 3121; baseline 0.001 -23"><span class='ocrx_word' id='word_1_326' title='bbox 109 3044 213 3099; x_wconf 80' lang='lat' dir='ltr'><strong>dieitur</strong></span> <span class='ocrx_word' id='word_1_327' title='bbox 249 3062 340 3100; x_wconf 87' lang='lat' dir='ltr'><strong>annus</strong></span> <span class='ocrx_word' id='word_1_328' title='bbox 374 3045 436 3115; x_wconf 77' lang='lat' dir='ltr'><strong>hie,</strong></span> <span class='ocrx_word' id='word_1_329' title='bbox 475 3051 505 3104; x_wconf 85' lang='lat' dir='ltr'><strong>iu</strong></span> <span class='ocrx_word' id='word_1_330' title='bbox 538 3067 593 3121; x_wconf 81' lang='lat' dir='ltr'><strong>quo</strong></span> <span class='ocrx_word' id='word_1_331' title='bbox 625 3050 755 3102; x_wconf 84' lang='lat' dir='ltr'><strong>narratio</strong></span> <span class='ocrx_word' id='word_1_332' title='bbox 786 3065 861 3103; x_wconf 82' lang='lat' dir='ltr'><strong>nuuc</strong></span> <span class='ocrx_word' id='word_1_333' title='bbox 892 3050 980 3117; x_wconf 82' lang='lat' dir='ltr'><strong>ipsum</strong></span> <span class='ocrx_word' id='word_1_334' title='bbox 1010 3043 1162 3116; x_wconf 79' lang='lat' dir='ltr'><strong>uersatur.)</strong></span> 
     </span>
     <span class='ocr_line' id='line_1_35' title="bbox 108 3125 1163 3203; baseline 0.004 -23"><span class='ocrx_word' id='word_1_335' title='bbox 108 3125 180 3194; x_wconf 83' lang='lat' dir='ltr'><strong>vll.</strong></span> <span class='ocrx_word' id='word_1_336' title='bbox 203 3129 219 3182; x_wconf 88' lang='lat'><strong>3</strong></span> <span class='ocrx_word' id='word_1_337' title='bbox 244 3127 353 3197; x_wconf 75' lang='lat' dir='ltr'><strong>(Recte,</strong></span> <span class='ocrx_word' id='word_1_338' title='bbox 376 3133 493 3203; x_wconf 75' lang='lat' dir='ltr'><strong>opinor,</strong></span> <span class='ocrx_word' id='word_1_339' title='bbox 517 3132 666 3189; x_wconf 67' lang='lat' dir='ltr'><strong>:lucensius</strong></span> <span class='ocrx_word' id='word_1_340' title='bbox 688 3130 768 3186; x_wconf 76' lang='grc'><em>1513</em></span> <span class='ocrx_word' id='word_1_341' title='bbox 790 3130 877 3186; x_wconf 91' lang='lat' dir='ltr'><strong>armis</strong></span> <span class='ocrx_word' id='word_1_342' title='bbox 900 3129 1099 3197; x_wconf 78' lang='lat' dir='ltr'><strong>obsistentem,</strong></span> <span class='ocrx_word' id='word_1_343' title='bbox 1128 3145 1163 3184; x_wconf 81' lang='lat' dir='ltr'><strong>eu</strong></span> 
     </span>
     <span class='ocr_line' id='line_1_36' title="bbox 109 3213 1165 3284; baseline 0.001 -20"><span class='ocrx_word' id='word_1_344' title='bbox 109 3226 165 3280; x_wconf 81' lang='lat' dir='ltr'><strong>quo</strong></span> <span class='ocrx_word' id='word_1_345' title='bbox 187 3213 328 3281; x_wconf 78' lang='lat' dir='ltr'><strong>pemiauto</strong></span> <span class='ocrx_word' id='word_1_346' title='bbox 352 3229 365 3266; x_wconf 89' lang='lat' dir='ltr'><strong>s</strong></span> <span class='ocrx_word' id='word_1_347' title='bbox 387 3215 459 3269; x_wconf 84' lang='lat' dir='ltr'><strong>illud</strong></span> <span class='ocrx_word' id='word_1_348' title='bbox 480 3225 576 3272; x_wconf 80' lang='lat' dir='ltr'><strong>autum</strong></span> <span class='ocrx_word' id='word_1_349' title='bbox 598 3217 742 3272; x_wconf 81' lang='lat' dir='ltr'><strong>contraria</strong></span> <span class='ocrx_word' id='word_1_350' title='bbox 765 3232 864 3270; x_wconf 84' lang='lat' dir='ltr'><strong>errare</strong></span> <span class='ocrx_word' id='word_1_351' title='bbox 891 3217 930 3281; x_wconf 81' lang='lat' dir='ltr'><strong>ei,</strong></span> <span class='ocrx_word' id='word_1_352' title='bbox 960 3230 1039 3284; x_wconf 87' lang='lat' dir='ltr'><strong>quem</strong></span> <span class='ocrx_word' id='word_1_353' title='bbox 1066 3213 1165 3266; x_wconf 85' lang='lat' dir='ltr'><strong>notaui</strong></span> 
     </span>
     <span class='ocr_line' id='line_1_37' title="bbox 108 3293 1163 3358; baseline 0.002 -10"><span class='ocrx_word' id='word_1_354' title='bbox 108 3294 166 3351; x_wconf 89' lang='lat' dir='ltr'><strong>Em.</strong></span> <span class='ocrx_word' id='word_1_355' title='bbox 204 3293 274 3357; x_wconf 85' lang='lat'><strong>218.</strong></span> <span class='ocrx_word' id='word_1_356' title='bbox 337 3294 498 3354; x_wconf 83' lang='lat' dir='ltr'><strong>Subsistere</strong></span> <span class='ocrx_word' id='word_1_357' title='bbox 534 3316 594 3355; x_wconf 88' lang='lat' dir='ltr'><strong>cum</strong></span> <span class='ocrx_word' id='word_1_358' title='bbox 636 3299 733 3354; x_wconf 78' lang='lat' dir='ltr'><strong>{latinu</strong></span> <span class='ocrx_word' id='word_1_359' title='bbox 769 3316 849 3354; x_wconf 85' lang='lat' dir='ltr'><strong>uemo</strong></span> <span class='ocrx_word' id='word_1_360' title='bbox 888 3299 1034 3353; x_wconf 82' lang='lat' dir='ltr'><strong>meliorum</strong></span> <span class='ocrx_word' id='word_1_361' title='bbox 1071 3296 1163 3358; x_wconf 66' lang='lat' dir='ltr'><strong>uiuit,-</strong></span> 
     </span>
     <span class='ocr_line' id='line_1_38' title="bbox 107 3378 1163 3452; baseline 0.003 -22"><span class='ocrx_word' id='word_1_362' title='bbox 107 3393 173 3430; x_wconf 84' lang='lat' dir='ltr'><strong>aum</strong></span> <span class='ocrx_word' id='word_1_363' title='bbox 201 3379 232 3431; x_wconf 82' lang='lat' dir='ltr'><strong>iu</strong></span> <span class='ocrx_word' id='word_1_364' title='bbox 260 3381 338 3447; x_wconf 82' lang='lat' dir='ltr'><strong>epist.</strong></span> <span class='ocrx_word' id='word_1_365' title='bbox 363 3381 443 3434; x_wconf 84' lang='lat' dir='ltr'><strong>Bruti</strong></span> <span class='ocrx_word' id='word_1_366' title='bbox 463 3382 539 3452; x_wconf 79' lang='lat' dir='ltr'><strong>apud</strong></span> <span class='ocrx_word' id='word_1_367' title='bbox 562 3383 617 3440; x_wconf 84' lang='lat' dir='ltr'><strong>Cic.</strong></span> <span class='ocrx_word' id='word_1_368' title='bbox 648 3382 686 3436; x_wconf 86' lang='lat' dir='ltr'><strong>ud</strong></span> <span class='ocrx_word' id='word_1_369' title='bbox 714 3383 790 3438; x_wconf 79' lang='lat' dir='ltr'><strong>Eum.</strong></span> <span class='ocrx_word' id='word_1_370' title='bbox 814 3379 868 3450; x_wconf 72' lang='lat' dir='ltr'><strong>XI,</strong></span> <span class='ocrx_word' id='word_1_371' title='bbox 897 3382 934 3435; x_wconf 86' lang='lat'><strong>10</strong></span> <span class='ocrx_word' id='word_1_372' title='bbox 960 3388 988 3434; x_wconf 89' lang='lat' dir='ltr'><strong>et</strong></span> <span class='ocrx_word' id='word_1_373' title='bbox 1009 3378 1163 3434; x_wconf 87' lang='lat' dir='ltr'><strong>subsistere</strong></span> 
     </span>
     <span class='ocr_line' id='line_1_39' title="bbox 108 3458 1164 3538; baseline 0.001 -24"><span class='ocrx_word' id='word_1_374' title='bbox 108 3467 136 3514; x_wconf 82' lang='lat' dir='ltr'><strong>et</strong></span> <span class='ocrx_word' id='word_1_375' title='bbox 158 3458 296 3515; x_wconf 86' lang='lat' dir='ltr'><strong>obsistere</strong></span> <span class='ocrx_word' id='word_1_376' title='bbox 316 3478 436 3531; x_wconf 86' lang='lat' dir='ltr'><strong>prauum</strong></span> <span class='ocrx_word' id='word_1_377' title='bbox 458 3473 500 3519; x_wconf 81' lang='lat' dir='ltr'><strong>est</strong></span> <span class='ocrx_word' id='word_1_378' title='bbox 520 3464 752 3538; x_wconf 77' lang='lat' dir='ltr'><strong>seribendumque</strong></span> <span class='ocrx_word' id='word_1_379' title='bbox 773 3462 904 3520; x_wconf 83' lang='lat' dir='ltr'><strong>sufficere</strong></span> <span class='ocrx_word' id='word_1_380' title='bbox 925 3460 1065 3535; x_wconf 81' lang='lat' dir='ltr'><strong>sumptui3</strong></span> <span class='ocrx_word' id='word_1_381' title='bbox 1087 3460 1164 3532; x_wconf 86' lang='lat' dir='ltr'><strong>apud</strong></span> 
     </span>
     <span class='ocr_line' id='line_1_40' title="bbox 111 3541 1164 3624; baseline 0.001 -27"><span class='ocrx_word' id='word_1_382' title='bbox 111 3541 263 3611; x_wconf 76' lang='lat' dir='ltr'><strong>Tibullum,</strong></span> <span class='ocrx_word' id='word_1_383' title='bbox 294 3546 320 3599; x_wconf 84' lang='lat' dir='ltr'><strong>si</strong></span> <span class='ocrx_word' id='word_1_384' title='bbox 343 3545 468 3602; x_wconf 77' lang='lat' dir='ltr'><strong>Tibullus</strong></span> <span class='ocrx_word' id='word_1_385' title='bbox 495 3558 552 3617; x_wconf 84' lang='lat' dir='ltr'><strong>est,</strong></span> <span class='ocrx_word' id='word_1_386' title='bbox 584 3550 597 3605; x_wconf 92' lang='lat' dir='ltr'><strong>l</strong></span> <span class='ocrx_word' id='word_1_387' title='bbox 605 3551 635 3624; x_wconf 87' lang='lat' dir='ltr'><strong>V,</strong></span> <span class='ocrx_word' id='word_1_388' title='bbox 659 3548 686 3617; x_wconf 83' lang='lat'><strong>1,</strong></span> <span class='ocrx_word' id='word_1_389' title='bbox 709 3547 766 3603; x_wconf 79' lang='lat'><strong>195</strong></span> <span class='ocrx_word' id='word_1_390' title='bbox 795 3547 872 3603; x_wconf 87' lang='lat' dir='ltr'><strong>solus</strong></span> <span class='ocrx_word' id='word_1_391' title='bbox 903 3544 996 3601; x_wconf 88' lang='lat' dir='ltr'><strong>densis</strong></span> <span class='ocrx_word' id='word_1_392' title='bbox 1025 3543 1164 3600; x_wconf 86' lang='lat' dir='ltr'><strong>obsistere</strong></span> 
     </span>
     <span class='ocr_line' id='line_1_41' title="bbox 108 3625 1163 3700; baseline 0.001 -20"><span class='ocrx_word' id='word_1_393' title='bbox 108 3625 209 3680; x_wconf 90' lang='lat' dir='ltr'><strong>turmis</strong></span> <span class='ocrx_word' id='word_1_394' title='bbox 241 3635 335 3684; x_wconf 85' lang='lat' dir='ltr'><strong>tuetur</strong></span> <span class='ocrx_word' id='word_1_395' title='bbox 365 3645 517 3687; x_wconf 82' lang='lat' dir='ltr'><strong>consensus</strong></span> <span class='ocrx_word' id='word_1_396' title='bbox 545 3632 671 3688; x_wconf 80' lang='lat' dir='ltr'><strong>codicum</strong></span> <span class='ocrx_word' id='word_1_397' title='bbox 700 3632 817 3686; x_wconf 78' lang='lat' dir='ltr'><strong>ulterius</strong></span> <span class='ocrx_word' id='word_1_398' title='bbox 846 3633 976 3700; x_wconf 56' lang='lat' dir='ltr'><strong>perierim·</strong></span> <span class='ocrx_word' id='word_1_399' title='bbox 1009 3625 1163 3682; x_wconf 88' lang='lat' dir='ltr'><strong>subsistere</strong></span> 
     </span>
     <span class='ocr_line' id='line_1_42' title="bbox 107 3708 1162 3787; baseline 0.004 -25"><span class='ocrx_word' id='word_1_400' title='bbox 107 3717 205 3764; x_wconf 84' lang='lat' dir='ltr'><strong>nutum</strong></span> <span class='ocrx_word' id='word_1_401' title='bbox 227 3719 269 3765; x_wconf 86' lang='lat' dir='ltr'><strong>est</strong></span> <span class='ocrx_word' id='word_1_402' title='bbox 291 3714 468 3782; x_wconf 77' lang='lat' dir='ltr'><strong>corripeudo,</strong></span> <span class='ocrx_word' id='word_1_403' title='bbox 491 3734 574 3787; x_wconf 82' lang='lat' dir='ltr'><strong>quum</strong></span> <span class='ocrx_word' id='word_1_404' title='bbox 595 3722 708 3771; x_wconf 82' lang='lat' dir='ltr'><strong>inuersa</strong></span> <span class='ocrx_word' id='word_1_405' title='bbox 722 3714 822 3768; x_wconf 81' lang='lat' dir='ltr'><strong>ordine</strong></span> <span class='ocrx_word' id='word_1_406' title='bbox 838 3715 971 3783; x_wconf 86' lang='lat' dir='ltr'><strong>scriptum</strong></span> <span class='ocrx_word' id='word_1_407' title='bbox 984 3719 1056 3766; x_wconf 80' lang='lat' dir='ltr'><strong>esset</strong></span> <span class='ocrx_word' id='word_1_408' title='bbox 1067 3708 1162 3766; x_wconf 85' lang='lat' dir='ltr'><strong>densis</strong></span> 
     </span>
     <span class='ocr_line' id='line_1_43' title="bbox 108 3790 1160 3865; baseline 0.002 -19"><span class='ocrx_word' id='word_1_409' title='bbox 108 3790 195 3847; x_wconf 83' lang='lat' dir='ltr'><strong>solus.</strong></span> <span class='ocrx_word' id='word_1_410' title='bbox 239 3792 402 3850; x_wconf 88' lang='lat' dir='ltr'><strong>Subsistere</strong></span> <span class='ocrx_word' id='word_1_411' title='bbox 428 3814 489 3853; x_wconf 86' lang='lat' dir='ltr'><strong>eum</strong></span> <span class='ocrx_word' id='word_1_412' title='bbox 516 3801 678 3854; x_wconf 80' lang='lat' dir='ltr'><strong>accusativo</strong></span> <span class='ocrx_word' id='word_1_413' title='bbox 704 3799 796 3852; x_wconf 78' lang='lat' dir='ltr'><strong>Liuius</strong></span> <span class='ocrx_word' id='word_1_414' title='bbox 820 3794 862 3850; x_wconf 80' lang='lat' dir='ltr'><strong>bis</strong></span> <span class='ocrx_word' id='word_1_415' title='bbox 888 3793 992 3865; x_wconf 80' lang='lat' dir='ltr'><strong>iubet.)</strong></span> <span class='ocrx_word' id='word_1_416' title='bbox 1046 3798 1076 3850; x_wconf 90' lang='lat' dir='ltr'><strong>ll</strong></span> <span class='ocrx_word' id='word_1_417' title='bbox 1102 3801 1160 3848; x_wconf 88' lang='lat' dir='ltr'><strong>tum</strong></span> 
     </span>
    </p>
   </div>
   <div class='ocr_carea' id='block_1_5' title="bbox 106 3911 1280 4106">
    <p class='ocr_par' dir='ltr' id='par_1_6' title="bbox 106 3911 1280 4106">
     <span class='ocr_line' id='line_1_44' title="bbox 106 3911 1163 4020; baseline -0.002 -16"><span class='ocrx_word' id='word_1_418' title='bbox 106 3946 165 4004; x_wconf 91' lang='lat' dir='ltr'><strong>iam</strong></span> <span class='ocrx_word' id='word_1_419' title='bbox 190 3945 316 4004; x_wconf 86' lang='lat' dir='ltr'><strong>Arimini</strong></span> <span class='ocrx_word' id='word_1_420' title='bbox 339 3947 415 4019; x_wconf 81' lang='lat' dir='ltr'><strong>(Lau.</strong></span> <span class='ocrx_word' id='word_1_421' title='bbox 437 3950 466 4020; x_wconf 77' lang='grc'><strong>4,</strong></span> <span class='ocrx_word' id='word_1_422' title='bbox 488 3952 518 4016; x_wconf 77' lang='lat'><strong>5.</strong></span> <span class='ocrx_word' id='word_1_423' title='bbox 540 3952 599 4007; x_wconf 85' lang='lat' dir='ltr'><strong>alii.</strong></span> <span class='ocrx_word' id='word_1_424' title='bbox 622 3952 644 4006; x_wconf 85' lang='lat' dir='ltr'><em>P</em></span> <span class='ocrx_word' id='word_1_425' title='bbox 665 3911 898 4008; x_wconf 68' lang='lat' dir='ltr'><strong>tumbmarimini.</strong></span> <span class='ocrx_word' id='word_1_426' title='bbox 941 3948 1019 4004; x_wconf 66' lang='lat' dir='ltr'><strong>bittit</strong></span> <span class='ocrx_word' id='word_1_427' title='bbox 1038 3947 1082 4002; x_wconf 84' lang='lat' dir='ltr'><strong>bic</strong></span> <span class='ocrx_word' id='word_1_428' title='bbox 1104 3949 1163 4018; x_wconf 82' lang='lat' dir='ltr'><strong>upit</strong></span> 
     </span>
     <span class='ocr_line' id='line_1_45' title="bbox 106 4029 1280 4106; baseline -0.001 -20"><span class='ocrx_word' id='word_1_429' title='bbox 106 4029 187 4101; x_wconf 87' lang='lat' dir='ltr'><strong>iam.)</strong></span> <span class='ocrx_word' id='word_1_430' title='bbox 215 4033 248 4088; x_wconf 86' lang='lat'><strong>16</strong></span> <span class='ocrx_word' id='word_1_431' title='bbox 273 4039 323 4087; x_wconf 82' lang='lat' dir='ltr'><strong>aut</strong></span> <span class='ocrx_word' id='word_1_432' title='bbox 344 4031 436 4106; x_wconf 84' lang='lat' dir='ltr'><strong>ipsum</strong></span> <span class='ocrx_word' id='word_1_433' title='bbox 449 4033 490 4089; x_wconf 90' lang='lat' dir='ltr'><strong>M.</strong></span> <span class='ocrx_word' id='word_1_434' title='bbox 503 4033 651 4090; x_wconf 86' lang='lat' dir='ltr'><strong>Valerium</strong></span> <span class='ocrx_word' id='word_1_435' title='bbox 666 4029 813 4089; x_wconf 87' lang='lat' dir='ltr'><strong>Laevinum</strong></span> <span class='ocrx_word' id='word_1_436' title='bbox 831 4033 958 4098; x_wconf 75' lang='lat' dir='ltr'><strong>traicere,</strong></span> <span class='ocrx_word' id='word_1_437' title='bbox 981 4039 1030 4086; x_wconf 86' lang='lat' dir='ltr'><strong>aut</strong></span> <span class='ocrx_word' id='word_1_438' title='bbox 1052 4029 1163 4086; x_wconf 87' lang='lat' dir='ltr'><strong>mittere</strong></span> <span class='ocrx_word' id='word_1_439' title='bbox 1273 4057 1280 4081; x_wconf 82' lang='lat'><strong>.›</strong></span> 
     </span>
    </p>
   </div>
   <div class='ocr_carea' id='block_1_6' title="bbox 0 0 1354 4426">
    <p class='ocr_par' dir='ltr' id='par_1_7' title="bbox 0 0 1354 4426">
     <span class='ocr_line' id='line_1_46' title="bbox 0 0 1354 4426; baseline 0 1"><span class='ocrx_word' id='word_1_440' title='bbox 0 0 1354 4426; x_wconf 95' lang='lat' dir='ltr'><strong> </strong></span> 
     </span>
    </p>
   </div>
  </div>
 </body>
</html>
