2700 4426
386 217 466 268 mter
481 210 573 268 xxv.¹
606 217 652 284 (a
665 214 803 276 ch.2rs.)
1017 214 1075 270 22⁷

56 400 135 464 vicit.
183 403 263 458 Ante
282 401 359 456 hunc
379 400 455 456 intra
474 411 588 459 centum
610 419 702 457 annos
727 409 756 457 et
778 399 880 479 viginti
907 415 991 454 nemo
1016 403 1121 471 praeter

57 506 103 562 Pr
117 503 282 562 Cornelium
305 503 456 562 Calussam
479 505 612 580 pontifex
633 505 776 562 maximus
798 514 912 561 creatus
933 501 1044 571 fuerat,
1071 501 1120 575 qui

57 610 132 667 sella
152 611 243 667 curuli
264 628 322 666 non
344 611 473 667 sedisset.

142 712 283 772 Consules
308 715 443 771 dilectum
473 734 561 790 quum
591 733 668 790 aegre
690 714 879 781 conficerent,
911 712 990 785 qnod
1021 711 1150 785 inopia5

56 816 202 874 iuniorum
224 835 283 874 non
304 817 390 876 facile
410 819 440 875 in
462 830 626 894 utrumqne,
646 830 678 876 ut
698 828 726 876 et
747 837 831 875 novas
851 817 971 874 urbanae
991 816 1120 890 legiones

58 931 88 980 et
108 923 339 998 supplementum
362 923 508 985 ueteribus
530 925 711 994 scriberetur,
734 923 905 990 sufficiebat,
927 931 1044 976 senatus
1068 920 1150 987 seb-6

58 1025 161 1083 sistere
192 1044 243 1084 eos
262 1027 380 1101 incepto
412 1029 518 1099 vetnit,
551 1038 580 1085 et
611 1029 777 1085 triumviros
800 1028 883 1084 binos
915 1022 1007 1083 creari
1028 1026 1120 1094 iussit,

58 1130 176 1201 alteros,
198 1131 247 1204 qui
263 1131 344 1201 citra,
366 1131 483 1203 alteros,
505 1135 553 1207 qni
569 1134 645 1190 ultra
666 1133 935 1208 quinquagesimum
951 1129 1075 1203 lapidem
1091 1128 1120 1184 in

57 1237 143 1312 pagis
164 1235 294 1310 forisque
316 1245 345 1292 et
366 1237 563 1294 conciliabulis
586 1257 700 1295 omnem
729 1238 843 1313 copiam
865 1237 1054 1310 ingenuorum
1076 1232 1119 1288 in-

57 1341 203 1416 spicerent
229 1349 267 1410 et,
288 1341 314 1396 si
336 1340 386 1414 qui
409 1341 524 1399 roboris
541 1342 612 1398 satis
642 1342 678 1398 ad
704 1339 825 1398 ferenda
849 1358 930 1397 arma
948 1339 1057 1396 habere
1077 1338 1149 1405 vi-7
1206 1332 1208 1341 ¹

57 1445 210 1515 dereutur,
242 1444 355 1520 etiamsi
376 1445 503 1501 nondum
527 1446 643 1503 militari
664 1457 750 1505 aetate
769 1456 879 1516 essent,
909 1440 1014 1501 milites
1041 1443 1120 1500 lace·
1174 1432 1176 1437 ¹

55 1559 137 1617 rent3
167 1547 275 1604 tribuni
295 1548 398 1623 plebis,
419 1548 445 1604 si
465 1550 501 1606 iis
522 1551 682 1627 videretur,
712 1553 750 1608 ad
771 1552 909 1627 populum
932 1549 1054 1619 ferrent,
1079 1559 1152 1619 ut,8

56 1653 109 1726 qui
138 1652 264 1709 minores
291 1653 486 1728 septendecim
512 1656 594 1712 annis
616 1667 798 1714 sacramento
820 1656 974 1725 dixissent,
1000 1655 1036 1715 iis
1054 1674 1120 1730 per-

55 1754 137 1836 inde]
157 1758 303 1832 stipendia
328 1759 533 1833 procederent,
566 1779 601 1818 ae
629 1763 654 1818 si
680 1761 873 1836 septendecim
901 1779 1042 1816 annorum
1071 1768 1123 1816 aut
1225 1780 1228 1787 ·

56 1863 186 1920 maiores
208 1863 313 1920 milites
336 1846 407 1920 lacti
428 1875 532 1921 essent.
582 1866 630 1922 Ex
654 1867 711 1922 hoc
731 1876 848 1923 senatus
875 1865 1007 1922 consulto
1031 1864 1151 1929 creati9

54 1966 203 2024 triumviri
243 1967 304 2025 bini
344 1969 584 2044 conquisitionem
620 1971 812 2046 ingenuorum
850 1989 902 2045 per
943 1987 1031 2044 agros
1067 1969 1120 2025 ha-

53 2074 193 2132 buerunt

141 2177 254 2234 Eodem
276 2186 407 2253 tempore
427 2198 466 2236 ex
487 2178 586 2237 Sicilia
607 2178 710 2235 litterae
736 2179 780 2236 Μ.
803 2179 935 2236 Marcelli
963 2180 999 2236 de
1019 2189 1120 2255 postu·
1136 2189 1172 2242 10

52 2285 125 2342 latis
146 2282 278 2355 militnm,
301 2284 437 2358 quicum
458 2287 495 2342 P.
516 2275 651 2342 Lentulo
664 2284 837 2353 militabant,
866 2284 897 2340 in
918 2296 1020 2342 senatu
1047 2285 1120 2342 reci·

52 2381 128 2446 tatas
161 2399 237 2446 sunt.
294 2387 456 2446 Cannensis
492 2389 622 2462 reliquiae
657 2389 747 2446 cladis
785 2388 832 2445 bic
870 2391 1013 2447 exercitus
1049 2399 1170 2461 erat,1t

54 2495 204 2568 relegatus
229 2494 260 2550 in
289 2492 428 2564 Siciliam,
453 2493 528 2550 sicut
554 2504 621 2551 ante
651 2494 757 2551 dictum
780 2505 839 2565 est,
869 2514 906 2552 ne
927 2505 995 2553 ante
1017 2496 1121 2553 Punici

54 2599 127 2657 belli
147 2599 232 2657 finem
264 2598 295 2654 in
326 2597 443 2654 Italiam
474 2590 703 2672 reportarentur.
759 2601 800 2656 Hi
831 2601 972 2675 permissu
1005 2601 1120 2658 Lentuli
1194 2602 1215 2670 6

54 2703 200 2779 primores
233 2703 362 2778 equitum
398 2703 655 2778 centurionumque
687 2713 716 2761 at
746 2705 855 2761 robora
891 2724 928 2761 ex
959 2705 1121 2780 legionibus

54 2808 187 2884 peditum
208 2807 322 2883 legatos
342 2808 373 2864 in
395 2807 517 2864 hiberna
538 2808 576 2864 ad
597 2809 640 2864 Μ.
655 2784 825 2865 Marcellum
848 2810 996 2880 miserunt,
1018 2830 1034 2866 e
1056 2810 1122 2883 qni-

56 2912 115 2969 bus
133 2927 219 2982 nnus,
240 2921 383 2985 potestate
404 2912 517 2969 dicendi
538 2912 630 2970 facta:
655 2912 829 2983 „Consulem
852 2923 890 2984 te,
912 2917 955 2971 M.
974 2914 1152 2983 Marcelle,2

55 3015 89 3072 in
107 3015 197 3072 ltalia
217 3016 387 3086 adissemus,
409 3035 498 3090 quum
519 3019 643 3093 primum
660 3019 696 3074 de
715 3018 810 3088 nobis,
831 3019 886 3075 etsi
906 3038 965 3075 non
981 3019 1121 3093 iniquum,

57 3129 137 3178 certe
157 3121 241 3178 triste·
260 3130 377 3178 senatus
398 3123 560 3179 consultum
589 3121 698 3180 factum
721 3131 778 3194 est,
807 3123 863 3179 nisi
892 3124 949 3180 hoc
975 3142 1122 3198 sperasse·

57 3242 135 3295 mus,
153 3224 184 3281 in
204 3226 384 3300 provinciam
406 3245 460 3283 nos
481 3236 575 3284 morte
595 3245 696 3302 regum
718 3227 865 3284 turbatam
888 3227 925 3283 ad
947 3246 1038 3303 grave
1059 3229 1122 3285 bel-

56 3320 281 3388 lnm'adversus
302 3330 417 3389 Siculos
443 3331 529 3388 simul
555 3333 721 3406 Poenosque
752 3332 826 3388 mitti
858 3341 887 3389 et
908 3334 1048 3408 sanguine
1069 3341 1152 3395 no=3

58 3443 123 3492 stro
143 3435 369 3509 vulneribusque
389 3453 443 3493 nos
465 3436 578 3493 senatui
599 3434 800 3494 satisfacturos
822 3455 894 3507 esse,
912 3439 986 3495 sicut
1006 3448 1121 3512 patrum

59 3540 217 3613 memoria,
247 3536 296 3614 qni
317 3537 395 3612 capti
415 3557 435 3594 a
458 3540 574 3616 Pyrrho
599 3542 637 3598 ad
661 3541 834 3599 Heracleam
857 3549 953 3612 erent,
983 3544 1123 3600 adversus

10 3681 12 3687 ,
57 3645 207 3720 Pyrrhum
230 3645 325 3720 ipsum
343 3653 507 3717 pugnantes
529 3644 738 3706 satisfecerunt.
787 3644 973 3728 Quanquam·
985 3648 1063 3721 qnod
1085 3649 1154 3706 obt

58 3750 196 3806 maritum
225 3759 356 3806 nostrum
377 3749 602 3818 ,succensuistim
633 3760 733 3824 patres
754 3751 924 3824 conscripti,
953 3752 1037 3808 nobis
1073 3761 1124 3808 aut

59 3851 256 3916 succensetis?
284 3854 384 3911 Ambo
412 3854 483 3910 mihi
510 3853 644 3911 consules
670 3863 699 3911 et
726 3842 892 3911 universum
924 3866 1055 3912 senatum
1077 3856 1154 3915 ἑτι-5

59 3959 138 4029 tueri
158 3958 271 4029 videor,
293 3977 382 4034 quum
397 3968 435 4030 te,
457 3960 498 4017 M.
516 3959 665 4031 Marcelle,
682 3959 808 4030 intueor,
830 3978 916 4032 quem
938 3961 963 4017 si
985 3961 1023 4016 ad
1044 3959 1124 4017 Can·
1153 3979 1156 3982 ·

851 4071 854 4077 “
880 4061 927 4113 lb*
