2700 4426
410 143 487 194 Liber
503 143 617 196 XXVII.
659 142 704 208 (A.
717 139 766 191 ch.
782 139 856 202 210.)
1091 143 1131 200 63

107 335 141 395 et,
163 327 311 400 pastione
330 329 433 383 aerim
453 327 556 398 habita,
577 327 705 383 manati
723 303 883 400 nmuuquu
904 323 1039 382 indicibus
1060 325 1174 382 uberae

107 441 134 488 et
153 433 218 488 auc
239 432 310 488 data
329 433 416 488 millia
438 433 516 488 duta.
554 431 708 488 qucerinoe
730 441 757 489 et
777 432 936 488 Acerranos
956 438 1105 504 quantas,
1127 430 1176 486 udi
1186 430 1205 494 6

106 537 278 604 habitarent,
312 555 366 592 aon
387 556 459 606 esse,
481 538 597 596 Acerris
620 557 654 594 eu
669 546 755 615 parte
775 539 905 603 usnemu,
927 534 1051 592 Nuceria
1073 535 1172 604 delete,

104 641 224 698 Romam
253 640 371 698 Fltlvius
397 643 437 698 ad
464 653 587 700 salutum
617 646 700 704 misit.
754 643 906 699 Acerranis
928 644 1108 716 permissum,
1141 643 1202 698 ut'l

104 748 282 821 edificarent,
305 765 366 820 qua
387 750 496 805 incensa
513 758 610 814 erant,-
632 747 765 806 Nucerini
779 747 910 817 Atellam,
933 746 1002 821 qnia
1022 747 1053 804 id
1074 748 1174 805 malu-

105 861 199 923 erant,
221 851 365 910 Atellanis
388 852 532 911 Calatiam
556 854 683 928 migrare
702 852 797 924 iussis,
819 853 952 912 traducti.

199 958 281 1021 Inter
311 958 419 1014 multas
448 977 630 1034 magnasque
655 977 722 1030 res,
752 977 816 1033 qua
834 976 910 1014 nunc
931 959 1073 1028 secunda,
1090 957 1202 1016 *nuncil
1255 969 1264 983 ⁴

107 1064 240 1120 adversm
277 1066 460 1140 occupabant
502 1065 692 1139 cogitationes
730 1063 895 1134 hominum,
933 1082 971 1119 ne
1006 1065 1172 1122 Tarentinae

108 1171 224 1244 quidem
253 1169 327 1226 arcis
359 1170 466 1227 excidit
491 1168 642 1230 memoria.
686 1170 728 1226 M.
750 1168 892 1243 Ogulnius
920 1177 950 1224 et
969 1170 1004 1226 P.
1035 1167 1203 1244 Aquiliusb

106 1275 135 1330 in
157 1275 304 1331 Etruriam
328 1275 417 1350 legati
439 1276 477 1332 ad
498 1275 673 1333 frumentum
689 1275 886 1342 coemendum,
909 1275 987 1349 quod
1011 1276 1173 1333 Tarentum

107 1387 291 1454 portaretur,
312 1380 448 1455 proiecti,
481 1390 510 1438 et
533 1381 611 1438 mille
634 1380 738 1437 milites
760 1380 796 1436 de
818 1381 945 1438 exercitu
967 1382 1097 1452 urbano,
1119 1400 1174 1456 par

106 1503 243 1543 numerus
265 1486 464 1544 &manorum
494 1489 694 1561 sonorumque,
721 1486 823 1542 eodem
853 1486 884 1542 in
912 1485 1077 1560 presidium
1107 1505 1172 1543 cum

106 1590 252 1648 frumento
274 1591 366 1663 missi,

198 1697 263 1752 Iam
296 1705 382 1764 aestas
415 1697 444 1754 in
477 1696 557 1754 exitu
592 1709 655 1754 erat
694 1695 935 1770 comitiorumque
976 1696 1171 1753 consularium
1225 1685 1247 1754 4

106 1801 235 1858 instabat
263 1811 389 1875 tempus3
422 1801 472 1858 sed
493 1802 596 1858 littera
629 1800 770 1871 Marcelli,
797 1799 929 1874 negantis
949 1819 974 1856 e
1002 1802 1173 1875 republica

108 1925 170 1964 esse
192 1907 346 1982 vestigium
368 1906 485 1965 abscedi
512 1908 549 1963 ab
564 1906 740 1978 Hannibale,
762 1906 808 1963 cui
826 1905 939 1962 cedenti
969 1909 1175 1980 certamenque
1209 1904 1211 1907 ’

107 2013 245 2070 abnuenti
269 2014 367 2087 gravis
389 2013 451 2087 ipse
472 2013 607 2082 instaret,
639 2030 738 2068 curam
770 2011 942 2080 iniecerunt,
976 2030 1014 2068 ne
1032 2022 1083 2067 aut
1104 2011 1203 2068 con-2

107 2119 199 2175 sulem
227 2128 289 2175 tum
318 2118 444 2175 maxime
473 2135 520 2175 res
546 2125 679 2192 agentem
709 2137 727 2174 a
752 2115 828 2172 bello
858 2124 1031 2186 avocarent,
1064 2124 1114 2172 aut
1142 2117 1172 2172 in

107 2238 214 2281 annum
247 2223 380 2281 consules
413 2225 555 2281 deessent.
601 2222 760 2297 Optimum
779 2220 880 2280 'visum
912 2231 970 2292 est,
1003 2223 1202 2296 quanquam3

107 2338 192 2385 extra
224 2330 339 2386 Italiam
373 2337 464 2398 esset,
501 2328 651 2385 Valerium
679 2326 785 2403 potius
822 2326 969 2384 consulem
1003 2346 1040 2384 ex
1073 2327 1173 2394 Sicilia

107 2434 249 2492 revocari.
283 2435 333 2492 Ad
356 2453 421 2491 eum
443 2434 544 2490 litteren
565 2433 645 2489 iussu
666 2445 783 2490 senatus
805 2435 842 2490 ab
860 2435 894 2490 L.
914 2432 1026 2490 Manlio
1048 2437 1203 2508 praetore4

108 2541 220 2596 urbano
242 2538 337 2594 misses
358 2555 423 2594 cum
444 2538 546 2596 litteris
570 2539 695 2596 consulis
717 2541 758 2596 M.
782 2539 930 2609 Marcelli,
952 2548 984 2596 ut
1005 2556 1041 2595 ex
1063 2538 1098 2595 iis
1120 2557 1173 2595 no·

107 2652 215 2714 sceret,
252 2661 317 2716 quae
336 2659 426 2699 causa
453 2643 584 2717 patribus
606 2663 671 2702 eum
696 2646 792 2720 potius
815 2663 902 2719 quam
926 2645 1066 2720 collegam
1088 2662 1172 2700 revo-

108 2749 193 2807 candi
215 2768 252 2806 ex
273 2748 424 2828 provincia
445 2756 528 2806 esset.

197 2855 244 2912 Eo
266 2853 327 2912 fere
349 2864 479 2930 tempore
493 2854 581 2930 legati
597 2855 634 2912 ab
653 2872 722 2929 rege
734 2854 867 2932 Syphace
881 2856 1007 2912 Romam
1023 2862 1171 2923 venerunt,
1186 2851 1203 2905 5

109 2962 173 3036 dure
207 2979 350 3037 prospera
382 2960 485 3035 proelia
524 2979 577 3015 rex
619 2978 683 3016 cnm
700 2959 1008 3034 ‘Carthaginiensibus
1047 2958 1171 3035 fecisset,

108 3076 311 3124 memorantes.
359 3067 470 3141 Regem
499 3083 553 3122 nec
574 3065 762 3122 inimiciorem
785 3064 835 3121 ulli
856 3065 966 3140 populo
989 3083 1075 3140 quam
1099 3061 1205 3123 Car-li

108 3172 281 3246 thaginiensi
302 3189 356 3229 nec
383 3170 548 3229 amiciorem
584 3190 671 3246 quam
704 3172 839 3228 Romano
872 3189 935 3228 essa
969 3170 1172 3239 affirmabant3

108 3277 220 3334 misisse
252 3297 318 3335 eum
345 3286 431 3333 antea
458 3276 571 3350 legatos
601 3279 629 3334 in
658 3276 833 3352 Hispaniam
856 3276 893 3333 ad
916 3274 968 3335 Cn.
991 3285 1020 3331 et
1041 3277 1076 3334 P.
1101 3274 1172 3332 Cor-

108 3381 199 3438 aelios
220 3383 411 3457 imperatores
432 3384 597 3451 Roman0s3
623 3398 700 3438 nunc
722 3382 759 3438 ab
781 3381 845 3456 ipso
867 3380 946 3437 velut
967 3378 1048 3436 fonte
1075 3388 1174 3454 petere

108 3486 274 3543 Romanam
305 3488 461 3545 amicitiam
493 3488 628 3544 voluisse
690 3487 814 3546 Senatus
850 3505 908 3543 non
945 3484 1048 3558 legatis
1087 3483 1203 3540 model

108 3589 233 3663 benigne
261 3593 428 3667 respondit,
464 3593 517 3649 sed
542 3603 570 3649 et
599 3593 661 3667 ipse
689 3593 800 3667 legatos
823 3608 887 3647 cum
911 3589 998 3646 donis
1017 3589 1054 3646 ad
1075 3608 1173 3664 regem

109 3695 196 3765 misit,
219 3697 255 3753 L.
280 3695 452 3769 Genucium,
473 3699 506 3754 P.
526 3698 690 3767 Poetelium,
713 3699 749 3757 P.
765 3696 930 3771 Popillium.
974 3697 1065 3753 Dona
1083 3691 1206 3752 tulered

108 3810 208 3874 togam
233 3810 262 3857 et
283 3802 409 3860 tunicam
430 3822 626 3878 purpureum,
657 3803 757 3859 sellam
779 3803 951 3872 eburneam,
984 3812 1115 3876 pateram
1137 3820 1174 3858 ex
1267 3818 1270 3822 ·

111 3907 240 3981 quinque
258 3907 358 3983 pondo
381 3908 444 3965 auri
465 3907 583 3966 factam.
627 3908 765 3968 Protinus
789 3918 818 3965 et
839 3907 913 3964 alias
927 3905 1037 3964 Africa
1058 3902 1205 3980 regulosll
