2674 4542
298 269 357 324 250
568 268 646 318 Liber
662 267 750 318 xxv.
788 271 837 332 (Δ.
850 283 876 321 ιι.
890 285 911 318 c.
924 274 998 325 sss.)

222 449 334 507 eliberi
368 469 386 506 a
408 449 586 526 Carthagine
612 461 790 510 commeatus
818 453 942 524 alerent,
974 462 1089 523 tamen,
1115 471 1162 508 ue
1193 449 1258 525 quid
1279 448 1317 506 iu·

252 563 402 630 expertum
435 556 626 629 relinqueret,
659 557 828 632 transfugas
855 557 1061 633 Syracusanos
1098 563 1206 623 (erant
1235 563 1321 611 autem

252 660 331 735 apud
364 663 513 718 Romanos
542 661 632 736 aliqui
660 663 831 720 nobilissimi
859 663 930 734 viri,
963 664 1040 720 inter
1071 660 1269 720 defectionem
1285 659 1318 716 ab

252 767 402 834 Romanis,
424 766 494 840 quia
515 767 552 823 ab
575 767 659 823 novis
678 767 804 825 consiliis
826 767 1034 835 abhorrebant,
1055 767 1157 842 pulsi)
1181 765 1317 839 colloquiis

252 891 311 928 suoe
333 872 425 947 partis
446 882 559 929 tentare
579 873 729 950 hominurn
757 873 871 930 animos
895 871 980 929 iussit
1014 881 1043 928 et
1071 873 1169 929 tidem
1191 873 1272 939 dare,
1296 869 1317 926 si

252 977 364 1034 tradita
385 976 481 1034 forent
502 977 670 1053 Syracusa,
699 978 806 1034 liberos
832 995 883 1034 eos
915 995 949 1033 ac
973 977 1033 1033 suis
1055 977 1183 1052 legibus
1206 977 1315 1033 victuros

222 1082 324 1139 besse.
367 1083 437 1139 Non
459 1091 521 1138 erat
543 1081 679 1156 colloquii
701 1084 796 1158 copia,
819 1083 888 1157 quia
902 1083 1058 1139 multorum
1083 1082 1184 1138 animi
1208 1079 1316 1154 suspecti

252 1186 379 1244 omnium
405 1204 503 1242 curam
531 1188 689 1262 oculosque
712 1196 929 1256 converterant,
962 1206 998 1243 ne
1026 1186 1098 1261 quid
1131 1188 1253 1244 falleret
1270 1185 1317 1240 tale

221 1291 420 1357 dadmissum.
467 1293 576 1351 Servus
607 1313 680 1351 unus
701 1294 849 1362 exsulum,
879 1311 932 1368 pro
960 1290 1117 1366 transfuga
1143 1293 1316 1350 intromissus

251 1397 279 1454 in
295 1399 406 1464 urbem,
427 1397 576 1454 conventis
597 1397 708 1471 paucis,
724 1399 835 1455 initium
858 1397 1041 1471 colloquendi
1063 1397 1177 1454 detali
1200 1417 1233 1454 re
1252 1395 1312 1453 fecit

251 1501 327 1558 Dein
348 1504 376 1557 in
390 1502 548 1575 piscatoria
564 1504 680 1576 quidam
697 1521 772 1560 nave
786 1504 895 1560 retibus
911 1502 1004 1578 operti
1018 1502 1271 1577 circumvectique
1283 1503 1315 1556 ita

251 1607 288 1664 ad
311 1617 408 1664 castra
422 1608 557 1664 Romana
571 1609 764 1684 collocarique
784 1629 848 1664 curn
872 1587 1039 1682 transfugis,
1062 1617 1093 1663 et
1113 1608 1209 1666 iidem
1226 1606 1315 1681 saepiua

252 1714 352 1770 eodem
376 1714 463 1769 modo
486 1715 584 1770 etalii
607 1723 695 1788 atque
727 1715 790 1783 alii3
824 1725 971 1789 postremo
1004 1713 1042 1768 ad
1067 1714 1229 1788 octoginta
1249 1711 1314 1770 iacti.

221 1820 290 1877 'lllt
312 1838 399 1892 quum
422 1818 480 1875 iam
503 1819 665 1893 composita
687 1818 785 1876 omnia
809 1818 846 1874 ad
868 1818 1062 1892 proditionem
1086 1829 1200 1888 essent,
1221 1816 1312 1874 indicio

251 1925 348 1982 delato
377 1926 414 1981 ad
443 1924 592 1999 Epicyden
619 1943 673 1998 per
700 1923 832 1980 Attalum
856 1923 1011 1996 quendam,
1029 1922 1238 1998 indignantem
1269 1919 1312 1976 sibi

251 2050 311 2087 rem
345 2031 481 2088 creditam
515 2047 573 2085 non
605 2047 683 2097 esse,
717 2029 812 2085 necati
847 2045 947 2084 omnes
980 2044 1045 2084 cum
1080 2027 1217 2084 cruciatu
1250 2037 1311 2083 suut.

221 2137 322 2196 satia
353 2135 481 2194 subinde·
509 2153 585 2210 spes,
621 2143 775 2209 postquam
809 2134 871 2189 haec
903 2150 980 2187 vana
1012 2142 1167 2201 evaserat,
1201 2131 1310 2204 excepit.

248 2241 418 2315 ,Damippus
452 2240 568 2313 quidum
600 2239 855 2302 Lacedaemonius,
891 2236 994 2292 missus
1025 2236 1065 2291 ab
1096 2235 1254 2312 Syracusis
1280 2233 1308 2290 ad

222 2345 420 2420 9Philippum
451 2363 564 2418 regem,
597 2353 698 2417 captus
726 2345 764 2399 ab
786 2343 927 2401 Romanis
948 2341 1074 2397 navibus
1104 2353 1180 2403 erat.
1230 2342 1328 2400 Huius

254 2450 353 2523 utique
385 2448 545 2506 redimendi
575 2458 604 2504 et
630 2447 770 2522 Epicydea
791 2465 862 2503 cura
891 2457 954 2503 erat
982 2447 1101 2520 ingens,
1133 2467 1190 2505 nec
1226 2445 1307 2503 abnuit

253 2554 425 2622 Marcellus,
458 2554 516 2609 iam
546 2561 606 2608 turn
641 2553 827 2619 AEtolorum‚
858 2545 963 2624 quibus
995 2552 1068 2608 socii
1107 2547 1308 2608 Lacedaemonii

204 2664 350 2726 iderant,
383 2658 538 2715 amicitiem
556 2655 771 2714 'affectantibus
799 2658 948 2714 Romanis.
1002 2657 1052 2714 Ad
1086 2656 1263 2730 colloquium
1281 2654 1308 2708 de

252 2764 450 2838 redemptione
472 2764 532 2820 eius
555 2763 649 2819 missis
669 2764 779 2818 medius
803 2763 929 2819 maxime
950 2771 1038 2835 atque
1059 2763 1196 2844 utrisque
1217 2777 1308 2835 oppor-

253 2880 338 2925 tunus
369 2869 450 2924 locus
488 2869 526 2926 ad
559 2878 674 2942 portum
706 2869 893 2942 Trogilorum
931 2874 1051 2941 propter
1081 2867 1203 2930 turrim,
1234 2883 1306 2940 quan

204 2979 237 3033 11
253 2983 360 3029 vocant
382 2961 571 3048 Galeagram,
594 2983 637 3029 est
658 2974 747 3029 visus.
796 2973 862 3045 Quo
877 2989 964 3046 quum
986 2971 1093 3045 saepius
1115 2979 1306 3031 commearent·

252 3095 326 3133 unus
348 3095 384 3133 ex
406 3079 546 3134 Romanis
568 3097 606 3134 ex
641 3079 805 3153 propinquo
829 3095 942 3133 murum
971 3078 1190 3151 contemplans,
1220 3094 1304 3132 nume·

252 3183 345 3238 rando
367 3182 477 3256 lapides
499 3184 728 3257 aestimandoque
749 3182 812 3257 ipse
831 3199 944 3250 secum,
976 3183 1045 3256 quid
1067 3183 1096 3239 in
1119 3182 1218 3238 fronte
1237 3189 1304 3255 pute·

203 3289 317 3345 tarent
345 3286 465 3360 singuli,
494 3287 672 3344 altitudinem
702 3287 790 3356 muri,
821 3299 960 3361 quantum
992 3287 1129 3361 proxime
1155 3286 1302 3342 coniectura

253 3400 377 3465 poterat,
399 3409 577 3466 permensus,
599 3391 840 3465 humilioremque
865 3392 1015 3466 aliquanto
1037 3392 1163 3465 pristina
1184 3391 1302 3465 opinione

252 3514 307 3551 sua
328 3505 357 3553 et
378 3508 538 3553 ceterorum
562 3481 688 3552 omnium
711 3505 791 3553 ratus
816 3513 880 3552 esse
901 3505 930 3552 et
950 3496 997 3552 vel
1019 3496 1215 3553 mediocribus
1234 3491 1302 3550 scalis

203 3602 240 3658 13
253 3601 461 3674 superabilem,
497 3602 534 3657 ad
570 3601 739 3657 Marcellum
773 3619 833 3657 rem
869 3599 971 3658 defert.
1033 3601 1124 3658 Haud
1158 3596 1301 3675 spernenda

252 3706 328 3774 visa3
351 3707 403 3762 sed
427 3725 515 3780 quum
537 3705 611 3762 adiri
625 3705 716 3771 locus,
739 3706 808 3780 quia
829 3706 867 3762 ob
889 3706 917 3761 id
939 3706 1033 3782 ipsum
1056 3707 1195 3763 intentius
1221 3715 1301 3759 custo·

202 3815 239 3870 ¹4
253 3810 395 3880 diebutur,
417 3829 475 3868 non
496 3820 604 3886 posset,
626 3811 742 3866 occasio
766 3812 961 3885 quaerebatur3
984 3831 1071 3886 quam
1097 3812 1203 3869 obtulit
1223 3822 1301 3866 traus-

252 3915 324 3989 iuga
345 3916 496 3986 nuntians,
529 3917 603 3972 diem
627 3916 731 3973 festum
748 3915 861 3972 'Dianae
883 3935 936 3990 per
964 3917 1090 3974 triduum
1121 3917 1171 3991 agi
1191 3927 1228 3984 et,
1248 3912 1299 3988 quit

253 4019 312 4073 alia
333 4018 362 4073 in
385 4019 535 4075 obsidione
562 4019 670 4088 desint,
701 4019 770 4075 vino
800 4019 910 4093 largius
938 4020 1039 4095 epulas
1061 4020 1203 4078 celebrari
1230 4029 1256 4076 et
1273 4018 1299 4073 ab
