2674 4542
279 225 335 280 tta
537 221 614 272 nisa
632 221 732 274 xxw.
770 223 816 287 (s.
833 238 856 274 u.
872 237 895 274 ο.
911 221 983 286 aar.)

234 405 382 474 contione,
420 425 507 480 quum
535 415 564 463 et
589 406 752 464 levissimus
786 405 909 480 quisque
936 423 1029 463 novas
1058 425 1107 462 res
1141 421 1305 478 novamque

235 510 402 568 societatem
428 510 560 578 mallent,
583 520 628 582 et,
652 529 774 585 quorum
801 511 958 586 propinqui
981 519 1067 568 extra
1092 513 1203 569 urbem
1228 513 1304 568 inter·
1328 508 1329 575 l

234 616 305 673 elusi
327 617 365 673 ab
386 616 517 673 hostibus
540 625 631 685 erant,
653 615 732 672 velut
754 617 903 674 obsidibus
925 617 1000 674 datis
1018 617 1200 692 pigneratos
1223 617 1302 674 habe·
1329 655 1330 718 p

189 724 298 778 ¹trent
320 721 447 790 animos,
477 721 563 795 pauci
591 721 685 795 magis
712 721 793 778 taciti
821 723 980 796 probarent
1010 731 1202 780 constantem
1226 724 1300 779 fidem
1329 787 1330 822 1

235 843 322 898 quam
351 824 504 900 propalam
527 826 600 882 tueri
625 826 781 896 auderent,
811 827 889 883 haud
918 827 1005 884 dubio
1027 829 1057 884 in
1080 829 1217 903 speciem
1243 846 1300 884 eon·
1329 895 1330 904 χ

204 933 320 987 9sensn
335 930 536 988 fitadPoenos
556 931 673 988 deditio.
708 930 740 986 L.
754 929 857 1000 Atilio,
871 917 1016 1004 ¹praefecto
1032 934 1176 1008 praesidii,
1203 935 1299 1010 quique

234 1054 299 1093 cnm
319 1054 353 1092 eo
376 1035 480 1092 milites
495 1035 621 1116 Rotnani
643 1043 739 1105 erant,
765 1035 839 1092 clani
862 1037 891 1092 in
913 1047 1029 1112 portum
1053 1037 1194 1095 deductis
1222 1047 1297 1112 atque

234 1141 377 1216 impositis
410 1140 439 1196 in
467 1159 574 1208 naves,
611 1151 643 1196 ut
675 1139 799 1215 Regium
833 1141 1059 1210 deveherentur,
1102 1143 1295 1200 Hamilcarem

234 1247 401 1320 Poenosque
431 1265 465 1302 ea
495 1246 678 1314 condicione,
710 1254 742 1301 ut
769 1243 864 1302 loedns
895 1247 1041 1322 extemplo
1069 1249 1165 1322 oeqnis
1195 1248 1295 1323 legibus

188 1354 222 1407 10
236 1351 325 1419 lieret,
347 1351 375 1407 in
399 1351 497 1407 urbem
521 1360 708 1426 acceperunt;
731 1350 811 1420 cuius
833 1351 875 1407 rei
893 1340 990 1426 'prope
1010 1371 1068 1408 non
1091 1363 1215 1410 servata
1235 1353 1294 1409 tides
1329 1337 1330 1356 l

236 1457 340 1514 deditis
363 1465 425 1524 est,
455 1473 542 1530 quum
564 1457 673 1514 Poenus
695 1456 762 1512 dolo
786 1456 935 1528 dimissum
957 1459 1125 1514 Romanum
1149 1458 1293 1526 incusaret
1329 1535 1330 1540 ἵ

187 1564 219 1616 ll
236 1563 396 1618 Locrenses
411 1557 575 1636 profugisse
596 1559 691 1633 ipsum
707 1571 904 1618 causarentur.
943 1562 1071 1618 Insecuti
1086 1562 1179 1619 etiam
1195 1563 1293 1636 equites
1329 1559 1330 1566 '

236 1677 319 1735 sunt,
341 1667 365 1723 si
388 1686 446 1741 qno
468 1682 538 1722 casu
560 1665 589 1720 in
611 1664 686 1721 freto
710 1675 796 1722 aestns
821 1666 928 1721 morari
949 1675 999 1722 aut
1023 1665 1139 1723 deferre
1162 1685 1251 1723 naves
1269 1668 1290 1720 in
1329 1666 1330 1671 ’

236 1783 342 1832 terram
370 1780 477 1847 posset.
526 1771 565 1828 Et
587 1788 636 1827 eos
659 1771 786 1845 quidem,
814 1789 888 1845 qnos
913 1772 1121 1845 sequebantur,
1150 1791 1210 1828 non
1236 1783 1290 1826 sunt

172 1873 173 1877 ’
237 1877 349 1953 adepti;
379 1878 452 1936 alias
475 1896 494 1934 a
516 1877 653 1934 Messana
677 1874 851 1932 traiicientes
872 1875 947 1934 freto
972 1876 1096 1952 Regium
1120 1894 1214 1934 naves
1234 1893 1289 1932 eon·
1329 1851 1330 1884 l

188 1985 222 2041 12
236 1993 401 2059 spexerunt.
445 1981 553 2040 Milites
574 1991 656 2037 erant
678 1980 804 2038 Romani
827 1999 845 2037 a
867 1979 990 2039 Claudio
1012 1993 1139 2056 praetore
1162 1982 1240 2038 missi
1260 1979 1289 2035 ad
1329 1956 1330 1988 l

237 2089 422 2146 obtinendam
442 2088 544 2144 urbem
568 2085 712 2161 prasidio.
774 2086 879 2160 Itaque
901 2086 994 2160 Regio
1016 2086 1166 2161 extemplo
1189 2088 1287 2144 abscee

132 2243 135 2248 .
187 2197 298 2252 l3surn
321 2203 373 2249 est.
423 2192 616 2250 Locrensibus
646 2191 726 2246 iussu
751 2189 926 2248 Hannibalis
959 2191 1028 2248 data
1052 2211 1129 2266 pax,
1160 2201 1195 2248 ut
1219 2189 1286 2247 liberi

234 2299 294 2356 suis
316 2297 428 2372 legibus
449 2297 596 2366 viverent,
619 2297 688 2354 urbs
711 2304 824 2370 pat-eret
844 2295 959 2364 Poenis,
980 2305 1083 2371 portus
1104 2297 1135 2354 in
1156 2305 1286 2371 potestate
1329 2273 1330 2306 ³

236 2403 422 2460 Locrensium
439 2411 524 2470 esset,
545 2403 669 2459 societas
690 2420 725 2457 eo
746 2400 809 2458 iure
831 2411 930 2471 staret,
953 2402 1108 2474 ntPoenus
1121 2385 1284 2459 ⁴Locrensem
1329 2377 1330 2412 l

235 2508 447 2583 Locrensisque
469 2511 590 2566 Poenum
614 2525 687 2582 paee
711 2525 745 2562 ac
772 2506 848 2564 bello
872 2506 993 2563 iuvaret.
1028 2515 1038 2523 ‘
1329 2483 1330 2490 ἵ

114 2597 161 2681 ’2
321 2613 369 2672 Sic
402 2633 420 2671 a
452 2612 527 2670 freto
559 2611 644 2669 Poeni
675 2613 799 2683 reducti,
833 2611 1022 2670 frementibus
1051 2610 1191 2682 Bruttiis,
1220 2608 1283 2683 qnod
1329 2585 1330 2622 l

236 2721 358 2795 Regium
388 2737 422 2777 ae
446 2719 574 2786 Locros,
604 2736 676 2791 quas
703 2718 790 2774 urbes
813 2717 978 2791 direpturos
1010 2735 1042 2774 se
1073 2696 1284 2778 destinaverant,
1329 2697 1330 2726 ¹

205 2825 359 2884 lintactas
380 2823 572 2898 reliquissent
627 2822 732 2896 Itaque
752 2841 806 2897 per
826 2841 857 2880 se
878 2821 948 2897 ipsi,
971 2820 1143 2896 conscriptis
1165 2799 1330 2876 anneta--1

236 2951 292 3005 qne
319 2929 476 2987 inventutis
506 2946 564 2984 suae
595 2927 758 3002 quindecim
782 2928 924 3014 millibus,
946 2928 983 2984 ad
1004 2926 1164 2986 Crotonem
1185 2901 1330 3000 oppug-1

204 3035 361 3093 3nandum
385 3041 508 3108 pergunt
530 3031 587 3102 ire,
614 3032 748 3092 Graecam
775 3041 804 3090 et
824 3033 917 3107 ipsam
941 3034 1040 3090 urbem
1064 3043 1094 3088 et
1115 3033 1281 3096 maritimam,
1329 3031 1330 3040 ’

235 3139 389 3214 plurimum
412 3155 596 3194 accessurum
622 3138 742 3213 opibus,
764 3138 789 3196 si
811 3138 840 3194 in
863 3157 916 3196 ora
937 3137 1026 3194 maris
1048 3139 1150 3196 urbem
1174 3157 1206 3195 ac
1224 3154 1280 3211 por·

145 3297 157 3312 ,
204 3249 301 3304 ltnm
319 3243 460 3302 moenibus
481 3242 792 3320 validamtenuissent,
814 3244 971 3301 credentes.
1011 3244 1058 3301 Eu
1072 3261 1144 3300 eura
1164 3242 1279 3316 angebat,
1329 3233 1330 3304 f

236 3350 314 3424 quod
335 3367 430 3422 neque
451 3365 508 3402 non
531 3365 681 3406 accersere
703 3350 740 3406 ad
764 3349 902 3406 auxilium
918 3349 1027 3414 Poenos
1049 3349 1122 3406 satis
1144 3348 1278 3414 audebunt,

236 3475 271 3512 ne
294 3453 362 3528 quid
384 3471 443 3510 non
464 3471 518 3527 pro
540 3454 626 3542 sociis
649 3453 743 3528 egisse
764 3454 939 3522 viderentur,
963 3464 1000 3524 et,
1022 3455 1047 3510 si
1068 3455 1178 3512 Poenus
1199 3467 1277 3511 rursus

237 3561 329 3636 magis
359 3559 468 3616 arbiter
495 3559 576 3634 pacis
604 3578 691 3632 quam
721 3559 837 3616 adiutor
864 3558 934 3616 belli
954 3557 1071 3627 diisset,
1102 3578 1140 3615 ne
1158 3559 1189 3616 in
1208 3558 1277 3614 libu-

236 3674 325 3724 tatem
358 3663 508 3734 Crotonis,
547 3665 621 3722 sicut
654 3672 720 3720 ante
749 3665 929 3733 Locrorum,
970 3661 1082 3722 frustra
1109 3670 1277 3740 pugnaretur.

206 3773 341 3844 tltaque
374 3771 513 3846 optimum
549 3769 642 3828 risum
682 3778 741 3841 est,
774 3769 811 3827 ad
843 3768 1039 3826 Hannibalern
1077 3770 1153 3827 mitti
1187 3769 1277 3843 legans

206 3877 391 3965 beaveriqqe
411 3875 448 3932 ab
470 3895 521 3947 eo,
553 3887 585 3932 ut
610 3885 743 3948 receptus
765 3873 859 3942 Croto
878 3874 1059 3950 Bruttiorum
1082 3885 1168 3935 esset.
1213 3875 1276 3932 llan-

235 3980 314 4036 nibal
336 3999 425 4053 quum
449 3981 633 4054 praesentium
656 3999 720 4036 eam
746 3961 986 4060 consultationem
1018 3997 1081 4036 esso
1102 3981 1277 4057 respondisset
