2674 4542
295 229 353 284 tut
570 227 649 278 utu
665 227 754 280 xxv.
795 225 1006 290 (raama.)

253 420 349 468 castra
371 420 471 468 vetera
495 413 694 470 Romanorum
715 410 835 468 adortus
856 419 913 480 est,
938 410 1049 484 quibus
1074 408 1235 483 Crispinus
1258 425 1332 482 pra·

253 527 330 586 eret,
364 526 393 574 at
413 517 559 593 Epicydes
587 516 766 591 eruptionem
794 516 822 572 in
854 515 994 572 stationes
1017 514 1162 572 Marcelli
1193 512 1270 580 fecit,
1294 524 1332 597 a,

253 623 354 680 classis
376 623 489 680 Punice
510 621 597 690 litori,
617 621 695 694 quod
716 620 791 677 inter
813 621 913 677 urbem
936 631 964 677 et
985 629 1087 677 cestra
1103 621 1247 676 Romana
1260 629 1318 684 eret,

254 728 378 804 appulsa
400 738 458 796 est,
490 745 527 782 ne
551 725 619 798 quid
650 726 776 799 presidii
798 725 933 800 Crispino
966 724 1114 783 summitti
1147 745 1168 782 a
1192 723 1332 781 Mareu

225 833 361 909 bposset.
410 830 579 890 Tumultum
606 840 703 887 tamen
730 831 869 887 maiorem
898 832 996 906 hostes
1018 831 1219 906 prebuerunt
1246 845 1332 914 quau¹¹

254 949 413 1006 certamen3
443 955 511 993 nam
542 946 571 992 et
593 933 743 1010 Crispinus
764 936 964 1012 Hippocraten
993 954 1053 992 non
1083 935 1202 1009 repulit
1221 943 1317 990 tantun

256 1042 454 1110 munimentis,
484 1040 535 1098 sed
571 1041 716 1098 insecutus
748 1042 834 1098 etiam
867 1051 912 1098 est
942 1040 1055 1114 trepide
1086 1038 1269 1114 fugientem,
1295 1047 1332 1112 et

225 1148 404 1223 6Epieyden
436 1146 590 1204 Marcellus
622 1147 652 1202 in
680 1149 781 1204 urbem
809 1144 962 1221 compulit3
994 1143 1132 1216 satisque
1161 1145 1224 1202 iam
1246 1123 1334 1202 euml

254 1254 283 1308 in
305 1261 451 1327 posterum
475 1251 629 1308 videbatur
648 1253 808 1326 provisum,
829 1271 866 1308 ne
887 1251 956 1325 quid
978 1251 1015 1307 ab
1037 1248 1209 1324 repentinis
1232 1267 1333 1324 eorung

224 1357 473 1415 7excursionibus
495 1357 615 1431 periculi
634 1357 719 1418 foret.
767 1357 901 1415 Accessit
924 1365 953 1412 et
973 1355 1154 1429 pestilentia,
1177 1368 1335 1414 communit

255 1463 378 1532 malum,
400 1463 478 1536 quod
500 1461 586 1518 facile
607 1474 796 1536 utrorumque
817 1461 930 1518 animos
951 1469 1097 1516 averteret
1120 1478 1141 1516 a
1166 1460 1238 1516 belli
1260 1477 1335 1518 con-t

254 1568 335 1625 siliis.
383 1567 461 1624 Nem
485 1578 615 1642 tempore
638 1567 768 1625 autumni
790 1577 820 1623 et
840 1566 912 1622 locis
933 1575 1038 1620 natura
1058 1566 1220 1638 gravibus,
1242 1566 1335 1622 multet

255 1682 352 1728 tamen
386 1673 479 1746 magis
512 1685 597 1729 extra
628 1675 728 1730 urbem
759 1691 847 1745 quam
883 1671 914 1727 in
942 1670 1029 1736 urbe,
1060 1661 1256 1727 intoleranda
1282 1650 1335 1735 viti

169 1821 172 1826 .
225 1775 340 1833 8aestus
362 1796 415 1851 per
436 1787 559 1851 utreque
580 1788 676 1834 cestra
704 1777 832 1834 omnium
854 1774 945 1832 ferme
971 1793 1100 1849 corpora
1130 1776 1237 1834 movit,
1281 1779 1316 1830 At
1327 1750 1336 1834 1

255 1882 348 1955 primo
381 1882 519 1955 temporis
552 1900 586 1939 ac
612 1883 669 1939 loci
695 1883 767 1939 vitio
794 1891 823 1938 et
850 1881 920 1956 aegri
947 1891 1030 1938 erant
1059 1890 1089 1936 et
1112 1846 1336 1946 moriebantou!t

254 1997 357 2062 postea
379 1987 490 2043 curatio
512 1987 577 2061 ipsa
598 2000 627 2043 et
648 1999 798 2046 contactus
813 2005 955 2061 aegrorum
977 1984 1122 2058 vulgabat
1145 1988 1275 2054 morbos,
1292 1962 1336 2051 uti

255 2103 305 2150 aut
328 2092 451 2168 neglecti
477 2092 657 2166 desertique,
689 2091 738 2166 qui
765 2092 948 2159 incidissent,
973 2100 1161 2146 morerentur
1183 2101 1235 2147 aut
1256 2074 1336 2158 esst}

255 2197 354 2254 dentes
377 2206 567 2270 curantesque
596 2198 697 2254 eedem
724 2197 754 2254 vi
776 2197 869 2254 morbi
889 2195 1015 2270 repletos
1045 2212 1148 2252 secum
1171 2197 1336 2261 traherent,;

225 2301 485 2376 9quotidianaque
506 2301 610 2359 funera
631 2313 660 2359 et
682 2320 760 2359 mors
775 2304 812 2361 ob
836 2301 935 2358 oeulos
957 2307 1043 2369 esset,
1066 2308 1096 2354 et
1119 2299 1249 2372 undique
1265 2298 1335 2352 dies·

210 2407 243 2460 to
256 2417 413 2480 noctesque
434 2408 565 2481 ploratus
588 2408 764 2464 audirentur.
811 2409 965 2464 Postremo
985 2404 1030 2460 ite
1045 2405 1237 2460 assuetudine
1257 2401 1313 2459 mali

256 2510 449 2568 efferaverant
470 2512 592 2582 animos,
616 2523 647 2570 ut
668 2530 725 2568 non
741 2512 828 2567 modo
843 2509 969 2567 lacrimis
989 2509 1130 2582 iustoque
1145 2509 1312 2583 comploratu

182 2657 186 2665 .
257 2624 498 2689 prosequerentur
520 2628 665 2686 mortuos,
695 2617 747 2673 sed
773 2635 810 2672 ne
839 2614 974 2672 efferrent
1003 2613 1123 2686 quidem
1149 2626 1202 2672 aut
1221 2613 1312 2688 sepeli-

256 2729 329 2788 rent,
350 2718 535 2792 iacerentque
556 2729 649 2777 strata
671 2720 807 2777 exanima
828 2738 954 2794 corpora
976 2718 1006 2774 in
1021 2731 1184 2794 conspeetu
1206 2719 1311 2776 similem

209 2825 240 2878 ll
257 2835 379 2881 mortem
402 2825 640 2898 exspectantium,
663 2825 827 2899 mortuique
853 2843 963 2898 aegros,
995 2824 1066 2898 oegri
1098 2825 1217 2896 validos
1237 2841 1311 2897 quun

258 2941 345 3001 metu,
367 2939 427 2986 tum
450 2930 518 2985 tabe
540 2948 574 2986 ac
589 2929 726 3003 pestifero
749 2931 840 2987 odore
860 2948 1014 3004 corporum
1037 2931 1228 2998 conficerent;
1249 2939 1275 2986 et
1289 2937 1312 2982 ut

257 3035 335 3094 ferro
358 3036 454 3112 potius
477 3048 665 3103 morerentur,
693 3035 810 3109 quidam
831 3034 1008 3091 invadebant
1028 3032 1085 3089 soli
1115 3035 1242 3091 bostium
1262 3045 1311 3088 sta-

210 3138 361 3197 tttiones.
412 3140 506 3196 Multo
529 3150 626 3196 tamen
647 3140 692 3196 vis
715 3140 808 3197 maior
828 3139 917 3213 pestis
939 3141 1099 3196 Poenorum
1126 3151 1310 3212 castraquan

260 3245 394 3300 Romana
416 3247 603 3318 corruptum,-
635 3265 699 3300 nam
723 3244 770 3300 diu
803 3243 1049 3300 circumsedendo·
1063 3245 1229 3320 Syracusas
1254 3240 1310 3298 calo

210 3348 246 3403 13
261 3347 403 3422 equisque
433 3361 586 3406 assuerant
612 3349 716 3425 magis.
773 3347 821 3404 Ex
849 3348 975 3405 hostium
1005 3351 1135 3406 exercitu
1158 3348 1262 3416 Siculi,
1288 3357 1309 3399 ut

260 3456 384 3530 primum
419 3454 531 3525 videre,
565 3475 601 3512 ex
633 3454 777 3530 gravitate
802 3453 859 3509 loci
891 3451 1005 3527 v'ulgari
1036 3455 1172 3522 morbos,
1207 3452 1237 3509 in
1257 3466 1309 3506 suas

213 3567 247 3619 14
262 3562 383 3636 quisque
405 3561 584 3635 propinques
606 3561 692 3616 urbes
714 3559 820 3633 dilapsi
851 3569 933 3623 sunt;
969 3555 1026 3634 [et]
1060 3557 1310 3633 Carthaginienses.

261 3667 365 3741 quibus
387 3685 529 3740 nusquam
552 3675 683 3740 receptus
706 3676 785 3733 eret,
816 3683 880 3720 cum
902 3663 973 3738 ipsis
1002 3663 1124 3720 ducibus
1146 3657 1310 3737 Hippocrate

213 3777 350 3846 ibatque
381 3770 545 3828 Himilcone
576 3771 614 3826 ad
643 3770 866 3826 internecionem
885 3786 1000 3825 vornnes
1031 3768 1188 3842 perierunt.
1248 3769 1310 3824 ttu-

262 3877 365 3947 cellus,
398 3886 430 3933 ut
464 3885 546 3933 tanta
575 3875 619 3932 vis
653 3875 808 3950 ingruebat
839 3875 923 3944 mali,
959 3873 1132 3930 traduxerat
1166 3874 1196 3930 in
1228 3873 1310 3930 urben
