2748 4556
296 248 355 305 262
564 245 641 296 hiber
657 243 744 294 XXX.
785 245 831 307 (Δ.
844 261 869 294 ιι.
883 261 906 295 e.
919 245 993 307 ⁵52.)

252 430 330 488 aliud
356 447 526 505 responsum
554 430 668 500 datum,
707 449 794 505 quam
816 439 848 487 nt
868 431 1012 507 Tynetem
1033 431 1190 495 venirent3
1224 444 1259 482 eo
1285 443 1311 481 se

252 545 395 594 moturum
410 545 515 594 castra.
563 535 630 611 lpse
657 535 694 592 ed
722 535 974 612 contemplandum
1004 533 1205 611 Carthaginis
1226 531 1313 591 eitun.

251 652 389 701 nontam
413 641 549 700 noscendi
569 641 598 699 in
620 642 772 718 praesentia
794 660 880 716 quam
903 641 1082 719 deprimendi
1098 641 1204 698 hostis
1225 655 1316 696 causa

222 749 237 803 7
246 756 392 824 provectus
413 747 547 816 Uticam,
580 748 680 806 endem
703 757 732 805 et
753 746 877 805 Octavio
898 757 1055 818 revocato,
1087 749 1195 806 rediit.
1252 745 1316 802 Inde

251 853 470 930 procedentibus
493 854 531 910 ad
548 853 690 930 Tynetem
712 853 827 910 nuntius
842 841 957 926 allatus,
976 854 1156 911 Verminam
1174 851 1319 930 Syphacis

251 958 339 1015 filium
368 977 433 1016 cum
463 960 606 1034 equitibus
636 959 765 1036 pluribus
787 977 875 1032 qnam
896 960 1040 1036 peditibus
1060 961 1173 1018 venire
1196 959 1318 1018 Cartha·

221 1062 426 1140 dginiensibns
465 1065 582 1123 auxilio.
645 1067 720 1122 Pars
761 1065 903 1122 exercitus
941 1085 1005 1122 cum
1041 1067 1125 1123 omni
1177 1066 1319 1141 equitatu.

251 1169 460 1227 maturantibus
487 1171 601 1246 primis,
636 1189 739 1246 agmen
761 1189 899 1246 aggressa
920 1172 1113 1229 Numidarum
1138 1174 1208 1230 levi
1232 1183 1318 1229 certa-

251 1274 326 1332 mine
353 1274 435 1332 fudit.
483 1275 572 1333 Exitu
598 1295 714 1352 quoqne
742 1278 818 1354 fuge
839 1277 1011 1348 intercluso,
1046 1287 1134 1353 parte
1158 1280 1246 1336 omni
1266 1280 1316 1335 cir-

250 1382 392 1438 cumdatis
414 1381 572 1456 equitibus,
601 1383 761 1456 quindecim
784 1384 874 1440 millia
894 1384 1043 1440 hominum
1065 1401 1166 1454 ooesa,
1190 1384 1273 1442 mille
1293 1393 1317 1438 et

252 1487 365 1544 ducenti
388 1488 447 1544 vivi
468 1489 547 1564 capti
568 1499 651 1560 sunt,
684 1498 713 1545 et
740 1489 807 1564 equi
828 1489 974 1546 Numidici
1000 1489 1079 1545 mille
1102 1499 1132 1546 et
1155 1489 1315 1565 quingenti.

251 1593 334 1666 signa
355 1592 491 1651 militaria
518 1596 575 1652 duo
602 1605 631 1651 et
651 1596 849 1671 septuaginta3
877 1595 994 1669 regulus
1015 1595 1080 1671 ipse
1104 1596 1185 1654 inter
1209 1593 1314 1652 tumul·

220 1698 310 1756 9tum
330 1718 393 1756 cum
417 1700 517 1775 paucis
538 1699 648 1776 effugit.
693 1701 770 1758 Tum
792 1700 829 1756 nd
851 1702 993 1776 Tynetem
1015 1702 1131 1771 eodem,
1156 1721 1218 1777 quo
1241 1711 1313 1765 anta,

250 1807 315 1864 loco
336 1821 433 1863 castra
453 1807 557 1882 posita,
579 1807 724 1882 legatique
744 1807 862 1882 triginta
883 1805 1061 1880 Carthagine
1083 1807 1125 1862 ad
1147 1807 1311 1884 Scipionem

250 1923 397 1972 venerunt.
443 1913 482 1970 Et
502 1913 544 1970 illi
565 1913 678 1986 quidem
702 1913 792 1970 multo
814 1913 1004 1970 miserabilius
1027 1931 1119 1986 qnam
1136 1921 1233 1982 antea,
1256 1929 1311 1985 quo

252 2020 343 2094 magis
371 2020 495 2094 cogebat
519 2017 654 2088 fortuna,
686 2027 821 2093 egerunt3
854 2019 905 2074 sed
933 2018 1085 2092 aliquanto
1111 2019 1225 2076 minore
1249 2036 1307 2075 curn

203 2123 237 2176 1⁰
251 2125 447 2182 misericordia
482 2125 519 2182 ab
551 2125 657 2182 recenti
693 2125 834 2181 memoria
867 2123 994 2200 perfidie
1030 2124 1125 2180 auditi
1153 2136 1231 2184 sunt.
1277 2124 1306 2180 In

251 2230 370 2289 coasilio
401 2248 566 2304 quanquam
597 2229 674 2286 iusta
699 2231 743 2287 ira
772 2249 871 2288 omnes
894 2231 932 2286 ad
958 2229 1113 2286 delendam
1140 2230 1304 2286 stimulabat

251 2335 470 2412 Carthaginem,
491 2345 587 2392 tamen
602 2355 700 2411 quum,
722 2346 750 2392 et
774 2345 884 2410 quanta
903 2355 949 2392 res
971 2346 1048 2392 esset
1070 2345 1097 2392 et
1119 2355 1213 2410 quarn
1234 2335 1305 2409 longi

251 2444 388 2519 temporis
410 2442 521 2502 obsidio
549 2451 607 2499 tam
632 2442 747 2499 munitae
769 2451 797 2498 et
811 2451 870 2497 tam
893 2441 997 2498 validae
1019 2441 1108 2510 urbis,
1133 2453 1305 2517 reputarent.

203 2546 234 2598 ll
252 2559 280 2606 et
308 2550 402 2625 ipsum
425 2547 587 2622 Scipionem
616 2546 793 2621 exspectatio
820 2547 995 2603 successoris
1022 2547 1140 2604 venturi
1165 2549 1206 2604 ad
1227 2567 1306 2624 para·

251 2663 310 2710 tam
333 2655 450 2712 alterius
470 2653 570 2711 labore
601 2673 636 2711 ae
663 2652 791 2728 periculo
812 2652 884 2708 finiti
907 2652 973 2708 belli
995 2651 1105 2709 famam
1129 2653 1305 2710 sollicitaret⁴

157 2749 199 2818 37
252 2759 289 2814 ad
318 2778 419 2834 pacem
450 2761 577 2817 omnium
607 2758 695 2816 animi
722 2756 798 2814 versi
825 2767 899 2814 sunt.
947 2759 1071 2816 Postero
1095 2758 1145 2816 die
1167 2761 1306 2818 revocatis

250 2864 353 2940 legatis
385 2875 413 2922 et
445 2885 507 2922 cum
543 2866 634 2922 multa
668 2863 858 2938 castigatione
889 2862 1017 2938 perfidiae
1045 2865 1180 2936 monitis,
1218 2877 1251 2923 ut
1270 2877 1306 2921 tot

250 2970 379 3027 cladibus
408 2971 502 3028 edocti
528 2972 641 3028 tandem
673 2970 743 3026 deos
764 2979 793 3025 et
815 2968 859 3025 ius
887 2969 1039 3026 iurandum
1062 2989 1127 3028 esse
1150 2973 1306 3030 crederent

219 3075 431 3134 icondiciones
453 3077 533 3152 pacis
555 3077 653 3144 dictae,
685 3086 717 3131 ut
738 3075 821 3132 liberi
843 3075 954 3150 legibus
975 3076 1035 3133 suis
1057 3078 1207 3148 viverent,
1239 3097 1308 3154 quas

250 3183 336 3238 urbes
358 3200 488 3256 quosque
510 3201 597 3257 agros
618 3183 779 3256 quibusque
800 3180 904 3237 finibus
929 3191 995 3238 ante
1011 3183 1120 3238 bellam
1139 3183 1305 3240 tenuissent.

221 3289 397 3358 3tenerent,
429 3289 645 3363 populandique
671 3290 755 3344 tinem
787 3305 822 3344 eo
844 3287 890 3343 die
912 3287 1062 3344 Romanus
1084 3289 1212 3362 faceret3
1244 3311 1305 3368 pcr-

251 3391 335 3468 fngas
357 3393 552 3468 fugitivosque
578 3405 607 3450 et
636 3394 767 3469 captivos
794 3410 893 3448 omnes
914 3392 1066 3450 redderent
1087 3395 1247 3466 Romanis,
1279 3411 1303 3452 et

250 3517 340 3556 naves
360 3510 501 3557 rostratas
526 3509 629 3576 praeter
650 3499 748 3555 decem
779 3498 910 3554 triremes
940 3498 1089 3556 traderent
1122 3503 1302 3579 elephantos-

221 3611 326 3679 4qne,
361 3625 433 3680 quos
454 3607 593 3664 haberent
614 3604 754 3674 domitos,
786 3623 880 3678 neque
902 3605 1052 3660 domarent
1073 3605 1164 3678 alios;
1201 3610 1299 3666 hellam

250 3729 323 3768 neve
356 3711 385 3767 iu
407 3711 510 3770 Africa
540 3729 612 3768 neve
644 3721 727 3768 extra
755 3709 886 3768 Africam
917 3711 1026 3766 iniussu
1051 3714 1153 3787 populi
1182 3715 1298 3774 Romani

250 3825 395 3891 gererent;
418 3817 578 3875 Masinissa
600 3836 646 3876 res
668 3818 820 3874 redderent
840 3815 992 3890 foedusque
1014 3833 1078 3872 cum
1096 3837 1133 3876 eo
1162 3820 1297 3883 facerent:

221 3922 422 3979 birumentnm
455 3922 684 3996 stipendiumque
720 3921 853 3990 auxiliis,
889 3920 980 3978 donec
1012 3923 1050 3978 ab
1086 3925 1184 3983 Roma
1219 3925 1295 4002 legati

250 4027 397 4095 redissent,
419 4036 601 4101 praestarent3
623 4026 721 4083 decem
744 4027 833 4084 millia
855 4025 993 4088 talentum
1016 4028 1139 4102 argenti,
1161 4029 1294 4105 descripta
