2700 4426
392 131 821 199 praememorati.)
955 92 958 96 4
1057 133 1096 190 25

73 317 161 374 citum
183 316 343 374 successori
365 315 529 386 iussissent,
563 319 641 391 quod
672 317 728 374 nisi
763 325 898 374 manente
927 316 957 372 in
989 316 1140 390 provincia

73 421 150 480 bello
172 439 231 478 non
252 423 462 493 decerneretur,
484 441 550 478 eum
573 423 658 497 quasi
679 422 823 480 debellato
838 422 1028 495 triumphare,
1050 440 1139 497 quum

75 527 218 586 exercitus
239 527 320 583 testis
344 528 437 584 meriti
459 535 547 602 atque
564 527 699 584 immeriti
714 527 851 602 triumphi
866 528 991 598 abesset,
1013 528 1138 585 medium

73 634 178 703 visum,
199 642 232 690 ut
253 650 345 690 ovans
364 634 467 690 urbem
488 631 583 691 iniret.
631 632 755 689 Tribuni
775 632 868 706 plebis
897 651 934 689 ex
967 629 1176 708 auctorisasset

74 745 192 794 senatus
214 739 252 794 ad
276 739 414 815 populum
439 739 574 807 tulerunt,
597 746 628 793 ut
649 737 691 794 Μ.
714 738 864 808 Marcello,
888 757 945 812 quo
968 739 1015 795 dio
1038 739 1138 795 urbem

74 860 167 898 ovans
188 842 283 914 iniret,
303 844 455 918 imperium
479 851 562 900 esset.
623 843 722 901 Pridie
745 863 832 918 quam
855 845 955 900 urbem
978 845 1078 915 iniret,
1109 840 1170 900 inb

74 956 172 1005 monte
195 948 312 1005 Albano
335 949 537 1024 triumphavit;
559 949 625 1005 inde
650 967 742 1007 ovans
758 950 876 1006 multam
893 968 953 1024 prae
969 951 1139 1025 sepraedam

73 1053 104 1108 in
125 1053 226 1109 urbem
248 1052 352 1110 intulit.
395 1052 468 1111 Cum
491 1054 645 1111 simulacro
666 1062 816 1129 captarum
833 1053 1044 1129 Syracusarum
1060 1052 1168 1114 cate-7

75 1158 163 1231 pultae
184 1156 363 1235 ballistaeque
385 1167 414 1215 ct
432 1160 491 1217 alia
513 1159 611 1216 omnia
631 1159 821 1217 instrumenta
842 1160 909 1217 belli
929 1162 990 1218 lata
1011 1171 1040 1219 et·
1059 1163 1139 1237 pacis

75 1262 216 1319 diuturna
238 1263 384 1338 regiaeque
405 1266 559 1340 opulentia
576 1275 756 1336 ornamenta,
779 1267 892 1340 argenti
908 1267 1030 1341 aerisque
1043 1261 1169 1323 fabre-8

74 1366 145 1425 facti
176 1367 235 1439 vis,
268 1369 327 1426 alia
359 1371 490 1444 supellex
518 1372 704 1446 pretiosaque
735 1371 824 1426 vestis
853 1380 881 1427 et
912 1373 1015 1432 multa.
1030 1371 1140 1429 nobilia

75 1471 173 1547 signa,
206 1473 310 1547 quibus
342 1475 418 1532 inter
449 1475 559 1551 primas
589 1475 710 1534 Graecias
741 1476 826 1531 urbes
849 1474 1001 1550 Syracusae
1031 1485 1140 1535 ornatae
1199 1460 1203 1466 ¹

75 1576 200 1637 fueraut.
248 1580 367 1637 Punicae
390 1599 505 1654 quoque
526 1580 655 1637 victoriae
676 1580 789 1654 signum
809 1589 875 1638 octo
892 1582 969 1639 ducti
985 1577 1170 1658 elephanti,9

75 1693 103 1739 et
124 1702 183 1741 non
206 1685 354 1741 minimum
378 1684 459 1742 fuere
474 1685 669 1760 spectaculum
692 1703 756 1742 cum
781 1686 895 1741 coronis
918 1687 1012 1743 aureis
1034 1707 1140 1762 praece·
1235 1699 1238 1704 '

75 1790 174 1846 dentes
189 1789 271 1848 Sosis
295 1789 495 1865 Syracusanus
518 1799 547 1846 et
568 1790 705 1847 Moericus
726 1791 886 1865 Hispanus,
909 1808 1031 1863 quorum
1049 1792 1140 1849 altero
1157 1789 1192 1842 10

75 1892 148 1950 duce
168 1904 310 1951 nocturno
327 1894 489 1970 Syracusas
506 1895 653 1951 introitum
679 1903 750 1966 erat,
773 1895 847 1951 alter
860 1896 983 1966 Nasum,
1007 1896 1142 1970 quodque

74 1998 116 2055 ibi
137 1999 264 2072 praesidii
286 2010 357 2071 erat,
389 2001 568 2075 prodiderat.
615 2000 671 2057 His
705 2000 847 2056 ambobus
880 1999 982 2056 civitas
1015 2001 1084 2057 data
1114 2010 1143 2058 et
1157 1998 1189 2052 ll

76 2106 222 2179 quingena
250 2106 351 2180 iugera
383 2106 462 2180 agri,
495 2105 592 2164 Sosidi
618 2105 648 2162 in
678 2123 750 2180 agro
779 2104 978 2179 Syracusano,
1013 2106 1062 2180 qui
1092 2118 1143 2164 aut

75 2210 172 2284 regius
193 2219 243 2267 aut
264 2211 388 2267 hostium
414 2210 516 2285 populi
538 2211 665 2268 Romani
686 2209 803 2280 fuisset,
832 2219 861 2266 et
883 2210 959 2266 aedes
982 2210 1143 2287 Syracusis,

76 2315 157 2373 cuius
180 2317 267 2372 vellet
290 2334 405 2385 eorum,
436 2316 465 2372 in
499 2334 572 2390 quos
606 2315 674 2373 belli
701 2316 763 2373 iure
791 2317 1025 2373 animadversum
1058 2328 1142 2387 esset,

76 2421 198 2478 Moerico
219 2421 433 2495 Hispanisque,
464 2422 594 2494 quicum
616 2439 651 2478 eo
673 2421 857 2492 transierant,
877 2421 945 2478 urbs
968 2441 1095 2498 agerque
1112 2424 1141 2480 in
1160 2415 1193 2471 ¹2

77 2526 176 2584 Sicilia
198 2545 235 2583 ex
261 2527 310 2595 iis,
345 2527 393 2601 qui
416 2547 434 2582 a
454 2527 563 2602 populo
585 2528 720 2584 Romano
743 2525 929 2597 defecissent,
961 2527 1041 2584 iussa
1070 2530 1142 2586 dari,

77 2630 114 2686 Id
131 2631 173 2690 M.
187 2630 322 2688 Cornelio
338 2631 516 2702 mandatum,
539 2639 580 2700 ut,
603 2630 652 2687 ubi
674 2631 699 2686 ei
721 2631 876 2699 videretur,
900 2633 1005 2689 urbem
1024 2629 1193 2708 agrum-13

77 2753 133 2808 quc
155 2736 195 2792 eis
219 2737 387 2810 assignaret.
434 2737 471 2792 In
494 2736 595 2792 eodem
618 2754 690 2811 agro
712 2735 864 2809 Belligeni,
886 2755 939 2810 per
961 2755 1046 2810 quem
1062 2739 1142 2796 illec-

76 2849 123 2898 tus
144 2842 182 2897 ad
207 2841 405 2898 transitionem
427 2840 564 2898 Moericus
593 2849 671 2912 erat,
706 2840 917 2915 quadringenta
946 2842 1048 2916 iugera
1080 2847 1143 2920 agri

77 2947 202 3004 decreta.

160 3053 234 3109 Post
255 3049 463 3126 profectionem
483 3071 520 3108 ex
543 3052 643 3111 Sicilia
664 3050 797 3108 Marcelli
818 3051 931 3107 Punica
953 3053 1053 3111 classis
1076 3061 1141 3112 octo
1158 3048 1193 3102 ¹4

78 3157 168 3214 millia
188 3156 333 3231 peditum,
366 3157 423 3212 tria
443 3156 638 3214 Numidarum
660 3157 788 3229 equitum
812 3157 964 3232 exposuit⁸⁴
1014 3161 1064 3216 Ad
1092 3178 1142 3216 eos

76 3262 243 3336 Murgentia
278 3270 306 3318 et
337 3262 482 3336 Ergetium
509 3263 590 3318 urbes
621 3263 749 3333 defecere.
806 3261 918 3321 Secutae
953 3261 1141 3320 defectionem

78 3385 176 3423 earum
198 3366 299 3441 Hybla
327 3376 356 3423 et
390 3367 516 3424 Macella
551 3375 579 3424 et
614 3367 801 3442 ignobiliores
835 3368 967 3440 quaedam
1001 3366 1079 3437 alise,
1115 3377 1144 3424 et
1158 3363 1193 3417 ¹5

79 3471 216 3528 Numidae
236 3472 373 3547 praefecto
395 3472 519 3528 Muttine
547 3471 616 3546 vagi
643 3489 697 3544 per
724 3480 815 3529 totam
840 3472 968 3530 Siciliam
998 3471 1141 3529 sociorum

78 3577 179 3651 populi
200 3577 327 3636 Romani
345 3595 432 3651 agros
454 3577 587 3634 urebant.
637 3577 732 3652 Super
751 3578 814 3633 haec
836 3577 978 3633 exercitus
992 3577 1143 3634 Romanus
1158 3574 1194 3629 16

77 3682 183 3751 iratus,
211 3682 316 3756 partim
340 3682 418 3756 quod
440 3699 504 3738 cum
526 3683 702 3758 imperatore
725 3700 784 3739 non
807 3682 942 3738 devectus
967 3700 1004 3737 ex
1025 3681 1142 3756 provin·

77 3787 122 3843 cia
143 3794 227 3856 esset,
249 3787 355 3861 partim
377 3789 456 3861 quod
480 3788 510 3845 in
532 3787 646 3863 oppidis
671 3788 824 3844 hibernare
846 3785 928 3842 vetiti
949 3795 1040 3856 erant,
1062 3786 1143 3860 segni

76 3891 272 3966 fungebantur
294 3892 410 3964 militia,
439 3894 590 3970 magisque
615 3892 655 3949 eis
678 3900 781 3949 auctor
803 3892 840 3949 ad
861 3892 1030 3949 seditionem
1055 3909 1142 3964 quam
