2812 4556
293 271 331 326 54
570 267 650 319 Liber
666 265 739 316 m
777 265 826 328 (Α.
840 277 865 313 u.
881 280 904 316 c.
918 265 992 328 5³6.)

333 452 436 510 Rome
457 461 508 510 out
539 451 617 510 circe
638 451 740 508 urbem
773 447 865 506 multa
894 468 930 506 ea
955 449 1049 506 hieme
1077 448 1215 522 prodigis
1248 446 1340 522 facta

250 564 315 625 eut,
348 555 427 630 quod
456 556 572 614 evenire
603 555 678 612 solet
706 553 792 612 motis
821 552 911 610 semel
938 553 968 610 in
1000 553 1173 627 religionem
1207 553 1341 620 animis,
1380 572 1386 587 ¹

217 660 339 718 2mnlta
360 657 493 716 nuntiate
517 669 546 717 et
567 669 677 718 temere
698 658 810 716 credita
834 667 915 727 sunt,
947 657 976 713 iu
999 657 1074 732 quis,
1094 657 1264 733 ingenuum
1293 657 1339 714 in-

216 763 355 823 3funtem
389 771 556 822 semestrem
589 764 620 822 in
651 763 718 822 foro
745 764 862 822 olitorio
891 762 1069 836 triumphum
1100 763 1271 830 clamasse,
1309 771 1339 818 et
1383 780 1390 799 ³·

246 868 312 927 ioro
342 869 445 927 boario
481 870 588 926 hovem
625 868 656 924 in
692 868 808 926 tertiam
845 866 1090 941 contignationem
1128 886 1192 925 sue·
1216 877 1338 943 sponte
1383 888 1391 893 ·

246 973 409 1032 escendisse
428 982 516 1048 atque
537 974 605 1030 inde
627 974 752 1030 tumultu
774 973 971 1030 habitatorum
994 973 1126 1030 territum
1151 991 1217 1030 sese
1242 973 1334 1030 deie·
1388 985 1395 1020 ¹

215 1079 335 1150 scisse,
362 1089 391 1134 et
419 1078 538 1135 nuvium
568 1078 693 1153 speciem
718 1077 755 1136 de
776 1077 847 1134 cselo
875 1075 1035 1146 effulsisse,
1068 1086 1098 1134 et
1119 1079 1213 1136 sedem
1241 1077 1337 1153 Spei,
1394 1073 1395 1080 '

246 1200 311 1257 qirae
333 1190 377 1239 eet
398 1183 427 1240 in
448 1184 514 1241 foro
531 1183 655 1252 olitorio,
677 1182 798 1241 fulmine
820 1183 923 1252 ictam,
946 1193 975 1240 et
996 1183 1122 1242 Lanuvii
1147 1183 1272 1240 bustam
1300 1201 1336 1238 se
1387 1215 1395 1230 .

246 1287 440 1348 commovisse
478 1297 506 1345 et
533 1288 970 1346 corvumin·aedem1uuouis
995 1287 1149 1344 devolasse
1178 1296 1274 1362 etque
1301 1287 1332 1342 in

179 1413 182 1418 ·
216 1393 311 1469 5ips0
332 1393 479 1469 pulvinari
500 1393 675 1462 consedisse,
708 1393 788 1450 etin
809 1411 883 1468 agro
904 1391 1088 1450 Amiternino
1118 1393 1217 1452 multis
1246 1391 1331 1449 locis
1390 1411 1396 1429 ·‘

246 1500 394 1558 hominum
427 1499 523 1573 specie
554 1498 656 1574 procul
687 1498 812 1556 candida
844 1505 925 1554 veste
954 1496 1032 1552 visos
1071 1515 1125 1556 nec
1155 1516 1220 1554 cum
1260 1498 1332 1556 ullo

244 1621 432 1678 congressos,
464 1611 493 1660 et
520 1603 550 1660 in
572 1604 682 1662 Piceno
714 1603 860 1678 lapidibus
889 1601 1031 1676 pluvisse,
1062 1613 1091 1658 et
1112 1601 1196 1660 Caere
1223 1613 1329 1661 sortes
1393 1617 1397 1660 ἱ

244 1715 425 1778 extenuatas,
448 1708 527 1764 etin
549 1708 650 1768 Gallia
675 1709 776 1784 lupum
797 1708 880 1783 vigili
906 1707 1034 1781 gladium
1057 1726 1095 1764 ex
1116 1709 1231 1783 vagina·
1246 1729 1327 1784 rep·
1396 1741 1397 1762 ι

213 1821 304 1876 6tum
334 1813 496 1873 abstulisse.
549 1813 597 1872 Ob
625 1823 722 1872 cetera
753 1812 889 1888 prodigia
921 1813 1012 1870 libros
1048 1813 1129 1870 adire
1159 1813 1328 1894 decemviri
1394 1837 1397 1868 ε

243 1918 330 1986 iussi;
357 1919 436 1992 quod
463 1928 560 1978 eutem
587 1920 733 1995 lapidibus
766 1918 908 1994 pluvisset
935 1917 964 1973 iu
987 1917 1111 1986 Piceno,
1141 1919 1327 1978 novendiale

1394 1939 1398 1976 l

242 2041 358 2082 sacrum
381 2024 521 2093 edictum;
545 2036 574 2084 et
594 2025 717 2082 subinde
738 2023 803 2080 eliis
826 2023 1018 2098 procurandis
1048 2041 1141 2097 prope
1162 2032 1227 2080 tota
1247 2025 1325 2082 civi·
1395 2049 1398 2082 2

212 2135 288 2188 llas
318 2137 440 2204 operata
470 2129 535 2186 fuit.
585 2131 650 2188 Iam
681 2129 807 2204 primum
842 2127 971 2185 omnium
1005 2129 1074 2185 urbs
1106 2129 1232 2186 lustrata
1264 2139 1327 2200 est,
1397 2155 1398 2160 ¹

212 2234 402 2308 dhostioeque
429 2235 571 2305 maiores,
604 2234 710 2308 quibus
738 2233 847 2291 editum
870 2242 923 2304 est,
957 2233 1012 2290 diis
1038 2251 1128 2304 csesae,
1155 2243 1184 2290 et
1205 2234 1324 2292 donum
1397 2271 1398 2278 κ

242 2359 279 2396 ex
311 2340 375 2396 auri
405 2341 506 2416 pondo
539 2339 735 2414 quadraginta
757 2338 922 2395 Lanuvium
955 2337 1061 2396 Iunoni
1081 2347 1231 2413 portatum
1267 2351 1326 2410 est,

242 2453 271 2502 et
291 2446 405 2520 signum
428 2462 549 2502 aeneum
572 2451 712 2500 mutrouae
733 2444 840 2501 Iunoni
870 2445 899 2500 iu
925 2443 1072 2500 Aventino
1100 2443 1324 2515 dedicaverunt,

242 2560 271 2607 et
291 2550 497 2608 lectisternium
520 2546 620 2617 Caere,
641 2547 693 2604 ubi
714 2558 807 2606 sortes
837 2557 994 2606 attenuate
1016 2557 1108 2618 erant,
1130 2549 1326 2624 imperatum,

210 2654 274 2712 9et
294 2653 467 2730 supplicatio
489 2654 629 2710 Fortuuae
649 2653 679 2710 in
701 2653 825 2728 Algid03
857 2655 960 2712 Rome
985 2672 1101 2728 quoque
1123 2662 1152 2710 et
1176 2655 1321 2715 lectister-

243 2759 322 2817 nium
354 2767 382 2815 et
409 2757 583 2832 supplicatio
616 2758 759 2816 iuventuti
789 2758 826 2814 ad
856 2757 946 2814 aedem
975 2757 1110 2814 Herculis
1133 2759 1324 2831 nominatim,

242 2864 345 2922 deinde
380 2863 516 2920 universo
548 2861 659 2936 populo
691 2863 770 2922 circa
803 2863 902 2920 omnia
932 2862 1097 2936 pulvinaria
1128 2864 1255 2936 indicte,
1293 2878 1322 2924 et

193 2970 229 3024 10
242 2970 339 3030 Genio
360 2969 486 3026 maiores
508 2967 611 3024 bustioe
643 2985 724 3025 cesse
751 2967 895 3042 quinque,
926 2975 956 3024 et
983 2966 1016 3027 C.
1040 2967 1149 3025 Atilius
1171 2971 1321 3029 Serranus

241 3084 349 3150 pretor
370 3083 442 3130 voto
461 3073 608 3148 suscipere
628 3071 740 3142 iussus,
769 3073 846 3129 siin
868 3073 968 3130 decem
997 3092 1089 3130 annos
1116 3092 1164 3131 res
1198 3076 1322 3150 publicu

194 3180 227 3235 11
243 3180 344 3236 eodem
378 3179 504 3236 stetisset
536 3187 625 3236 stetu.
669 3177 744 3234 Haec
765 3187 923 3252 procurata
946 3189 1073 3254 votaque
1105 3198 1142 3236 ex
1163 3180 1245 3238 libris
1269 3179 1323 3240 Si-

242 3285 358 3361 byllinis
383 3303 491 3360 magne
514 3303 551 3340 ex
573 3291 657 3359 parte
678 3282 851 3340 levaverunt
871 3284 1011 3360 religione
1035 3286 1157 3344 animos.

146 3383 193 3452 83
325 3386 484 3446 Consulum
506 3389 725 3464 designatorum
747 3387 822 3444 alter
843 3389 1021 3460 Flaminius,
1044 3391 1090 3448 cui
1112 3409 1154 3446 eoe
1175 3390 1322 3464 legiones,

241 3509 307 3566 quse
327 3492 485 3550 Placentiae
509 3493 719 3560 hibernabant,
749 3500 829 3549 sorte
852 3503 1024 3563 evenerant,
1058 3495 1183 3553 edictum
1216 3505 1246 3552 et
1265 3495 1320 3554 lit-
1398 3555 1399 3564 ,

241 3606 318 3654 teres
341 3599 379 3654 ud
400 3599 546 3656 consulem
575 3595 662 3666 misit,
692 3605 725 3652 ut
752 3596 777 3652 is
807 3599 950 3656 exercitus
977 3600 1073 3658 idibus
1103 3601 1219 3658 Martiis
1241 3602 1319 3660 Ari-

209 3701 311 3760 2miui
343 3703 458 3761 adesset
488 3704 521 3759 in
548 3701 662 3760 castris.
721 3699 830 3760 Hicin
854 3704 1006 3778 provincia
1030 3706 1212 3763 consulatum
1241 3707 1321 3766 inire

240 3807 391 3865 consilium
424 3815 487 3864 erut
520 3805 642 3864 memori
675 3812 807 3866 veterum
849 3810 1039 3868 certaminum
1069 3830 1134 3869 cum
1170 3813 1319 3886 patribus,

242 3929 307 3986 qum
327 3913 460 3969 tribunus
480 3909 573 3985 plebis
596 3917 625 3968 et
647 3926 712 3983 quse
734 3920 837 3985 postea
860 3914 962 3972 consul
990 3917 1071 3990 prins
1092 3917 1129 3976 de
1150 3919 1319 3992 consulatu,
