2748 4556
377 258 454 309 Liber
471 261 560 313 XXX.
596 262 639 322 (A.
654 259 701 312 Oh.
716 265 790 325 20³.)
1016 269 1075 324 239

13 461 88 498 res
120 443 243 512 sineret,
274 443 341 501 fidei
363 462 423 501 suae
444 455 552 502 temere
579 446 724 504 obstricta
752 447 914 504 consuleret
940 447 1148 521 (promisisse2

17 549 127 605 enim
152 550 235 605 sein
263 547 368 604 nullius
397 559 570 624 potestatem
600 567 664 606 eam
687 552 890 622 traditurum),
923 571 960 608 ex
982 554 1117 628 praetorio

17 653 64 708 in
101 655 323 711 tabernaculum
348 672 430 710 suum
453 654 591 712 confusus
613 657 763 714 concessit.
807 659 862 725 Ibi,
888 657 1002 715 arbitris
1024 662 1148 716 remo·3

19 761 104 829 tis,
130 777 220 833 quum
244 760 344 816 erebro
367 759 504 834 suspiritu
527 771 555 816 et
575 761 703 834 gemitu,
727 763 804 836 quod
827 761 913 819 facile
936 763 973 819 ab
997 764 1118 820 circum-

18 863 197 919 stantibus
228 864 445 921 tabernaeulum
475 866 606 924 exaudiri
627 877 743 941 posset,
778 867 957 940 aliquantum
980 867 1118 943 temporis

22 968 294 1050 consumpsisset,
329 969 437 1043 ingenti
471 972 509 1026 ad
536 979 714 1045 postremum
740 973 817 1040 edito
845 972 962 1046 gemitu,
991 973 1078 1029 fidum
1102 979 1148 1030 e4

22 1073 145 1129 sorvis
168 1083 270 1141 vocat,
302 1075 356 1132 sub
385 1075 465 1131 euius
495 1076 619 1132 custodia
647 1075 728 1150 regio
757 1094 838 1132 more
867 1077 904 1132 ad
926 1077 1036 1134 ineerta
1057 1077 1117 1134 for·

24 1189 128 1235 tunsa
152 1197 293 1236 venenum
316 1189 394 1249 arat,
428 1190 456 1237 et
485 1181 606 1237 mixtum
636 1181 665 1236 in
687 1181 792 1255 poculo
814 1181 890 1238 ferre
912 1183 950 1238 ad
973 1183 1117 1257 Sophoni-

26 1283 119 1339 bam
142 1281 223 1341 iubet
245 1302 280 1341 ao
302 1285 388 1341 simul
408 1286 558 1354 nuntiare,
592 1285 779 1343 Masinissam
801 1287 924 1344 libenter
944 1289 1068 1362 primam
1092 1289 1147 1345 eib

26 1389 137 1445 fidem
162 1398 362 1463 praestaturum
383 1390 487 1461 fuisse,
518 1411 605 1466 quam
628 1392 674 1447 vir
692 1391 777 1447 uxori
799 1391 943 1462 debuerit;
980 1393 1115 1466 quoniam

30 1495 112 1550 eius
136 1493 297 1562 arbitrium,
323 1496 371 1570 qui
391 1498 511 1571 possint,
534 1497 673 1564 adimant,
696 1498 850 1553 secundam
869 1498 954 1554 fidem
970 1510 1116 1574 praestare,

30 1621 82 1657 ne
121 1599 193 1656 viva
231 1600 259 1655 in
292 1610 465 1675 potestatem
499 1603 697 1659 Romanorum
732 1603 845 1671 veniat;
884 1623 995 1660 memor
1025 1605 1147 1678 patriai

33 1705 237 1779 imperatoris
260 1705 418 1780 patriaque
440 1716 469 1762 et
491 1708 612 1764 duorum
636 1727 748 1782 regum,
772 1709 875 1782 quibus
897 1718 989 1783 nupta
1006 1709 1116 1778 fuisset,

34 1809 105 1866 sibi
128 1809 195 1884 ipsa
216 1811 386 1872 consuleret.
435 1813 521 1869 Hunc
543 1814 673 1870 nuntium
697 1831 731 1868 ac
753 1813 838 1870 simul
859 1831 1000 1870 venenum
1021 1814 1115 1872 ferens

36 1915 183 1972 minister
215 1935 303 1991 quum
336 1916 372 1972 ad
406 1916 605 1992 Sophonibam
642 1919 786 1985 venisset,
826 1918 987 1992 „Accipio“
1023 1919 1145 1994 inquit?

39 2021 201 2096 „nuptiale
230 2039 347 2090 munus,
381 2041 474 2096 neque
491 2023 666 2097 ingratum,
700 2023 724 2079 si
753 2023 824 2079 nihil
852 2025 944 2081 maius
965 2026 1011 2081 vir
1031 2027 1116 2082 uxori

37 2137 190 2202 praestare
218 2128 319 2202 potuit.
366 2129 432 2184 Hoc
461 2139 559 2186 tamen
589 2129 705 2196 nuntia,
741 2128 842 2184 meiius
872 2148 917 2184 me
946 2129 1113 2186 morituram

38 2233 156 2301 fuisse,
192 2233 216 2288 si
245 2251 302 2289 uon
329 2233 359 2290 in
390 2232 491 2290 funere
518 2251 583 2290 meo
614 2234 805 2308 nupsissem.“
855 2236 925 2292 Non
953 2235 1051 2291 locuta
1073 2234 1147 2292 est8

40 2338 177 2395 ferocius
209 2357 295 2412 quam
329 2349 478 2413 acceptum
508 2339 658 2414 poculum,
691 2339 770 2396 nullo
802 2339 1001 2415 trepidationis
1032 2339 1115 2413 signo

42 2445 141 2511 dato,
163 2443 309 2518 impavide
329 2443 435 2500 hausit.
482 2444 568 2517 Quod
592 2445 641 2500 ubi
663 2446 824 2502 nuntiatum
848 2453 892 2500 est
914 2443 1057 2519 Scipioni,
1080 2446 1146 2502 ne9

44 2549 122 2622 quid
152 2567 229 2623 ager
259 2548 347 2604 animi
377 2547 461 2605 ferox
490 2549 602 2606 iuvenis
637 2551 757 2623 gravius
784 2550 959 2619 consuleret,
993 2550 1115 2608 accitum

44 2673 116 2710 eum
140 2654 285 2728 extemplo
307 2671 383 2709 nunc
398 2653 517 2723 solatur,
540 2672 624 2724 nune,
647 2657 726 2728 quod
745 2655 934 2711 temeritatem
954 2656 1116 2713 temeritate
1132 2658 1167 2712 10
1231 2703 1236 2710 .

46 2759 110 2816 alia
139 2759 224 2816 luerit
255 2759 469 2832 tristioremque
502 2777 582 2827 rem,
614 2779 702 2833 quam
730 2777 847 2816 necesse
868 2760 970 2830 fuerit,
1006 2760 1116 2830 feeerit,

44 2865 154 2921 leuiter
181 2865 312 2939 castigat.
357 2865 481 2920 Postero
509 2863 574 2931 die,
606 2873 639 2918 ut
666 2863 690 2921 a¹
713 2865 847 2940 praesenti
869 2875 948 2921 motu
972 2875 1116 2922 averteret
1131 2870 1163 2924 11

46 2969 179 3026 animum
200 2971 269 3038 eius,
291 2971 319 3025 iu
344 2967 471 3026 tribunal
493 2969 620 3025 escendit
642 2979 671 3025 et
689 2969 850 3025 contionem
875 2969 1114 3025 advocariiussit.

46 3073 99 3132 Ibi
121 3075 323 3145 Masinissam,
358 3075 481 3150 primum
515 3091 610 3148 regem
638 3074 815 3149 appellatum
838 3074 1008 3149 eximiisque
1030 3093 1115 3130 orna·

46 3189 112 3236 tum
141 3179 291 3249 laudibus,
323 3199 413 3236 aurea
439 3198 562 3246 corona,
599 3197 689 3236 aurea
719 3188 840 3254 patera,
873 3177 944 3234 sella
971 3178 1062 3235 curuli
1088 3189 1117 3236 et

49 3285 182 3359 scipione
204 3287 329 3354 eburno,
360 3296 430 3360 toga
453 3285 532 3358 pieta
554 3293 583 3340 et
604 3284 735 3358 palmata
757 3282 856 3339 tunica
878 3283 975 3339 donat.
1024 3283 1117 3342 Addit
1133 3284 1167 3341 12

49 3390 149 3447 verbis
185 3392 342 3457 honorem,
379 3409 473 3463 nequa
512 3389 741 3465 magnificentius
782 3388 937 3462 quicquam
970 3388 1116 3463 triumpho

50 3494 130 3570 apud
161 3497 332 3566 Romanos,
364 3513 458 3568 neque
489 3495 733 3570 triumphantibus
763 3491 932 3567 ampliorem
956 3511 990 3548 eo
1012 3501 1116 3548 ornatu

50 3619 130 3670 esse,
166 3619 225 3674 quo
260 3619 347 3658 unum
386 3600 512 3659 omnium
549 3609 734 3656 externorum
778 3599 896 3672 dignum
930 3597 1115 3656 Masinissam

50 3706 178 3781 populus
199 3708 349 3764 Romanus
372 3706 469 3766 ducat.
517 3705 637 3762 Laelium
668 3703 771 3760 deinde
800 3712 829 3758 et
849 3702 944 3776 ipsum
969 3702 1116 3760 collauda·
1133 3705 1167 3760 13

51 3821 113 3866 tum
136 3829 225 3888 aurea
248 3829 356 3868 corona
378 3813 483 3880 donat;
515 3821 544 3868 et
566 3809 616 3866 eiii
638 3808 778 3866 militares
799 3807 871 3876 viri,
893 3817 980 3882 prout
1004 3827 1022 3864 a
1045 3825 1116 3881 quo·

53 3933 109 3986 que
136 3924 245 3972 navata
266 3933 355 3990 opera
376 3926 455 3984 erat,
482 3915 592 3973 donati.
635 3914 690 3970 His
712 3912 870 3969 honoribus
892 3911 1019 3967 mollitus
1041 3909 1116 3985 regis
1133 3917 1168 3970 14
