2700 4426
435 238 615 293 Luam,
651 241 700 305 (A.
713 239 761 291 ch.
773 241 846 305 are.)
1072 243 1130 300 22³

106 422 160 479 sed
183 423 211 479 in
234 423 351 498 publico
373 424 460 482 etiam
483 442 517 482 ac
539 425 605 481 foro
622 423 828 500 Capitolioque
843 425 997 482 mulierum
1011 425 1176 482 turbasset
1226 463 1230 473 .

108 545 161 585 nec
183 529 404 586 sacrificantium
431 546 485 587 nec
515 529 694 604 precantium
726 530 799 603 deos
823 529 921 605 patrio
944 547 1033 586 more.
1077 528 1205 599 Sacri-8

107 633 186 691 ficuli
215 653 249 692 ac
281 643 363 690 vates
390 643 527 709 ceperant
550 634 698 691 hominum
722 644 846 700 mentes3
877 653 999 708 quomm
1023 653 1172 692 numerum

108 739 191 796 auxit
211 740 321 797 rustica
340 739 431 814 plebs,
460 757 496 795 ex
518 739 632 798 incultis
661 740 771 796 diutino
794 739 870 795 bello
892 737 1062 812 infestisque
1096 738 1174 813 agris

106 852 236 919 egoetate
268 853 297 901 et
322 852 400 900 metu
431 844 461 900 in
489 821 590 902 urbem
615 847 781 920 compulsa,
810 854 838 900 et
861 853 987 918 quaestue
1014 861 1052 899 ex
1079 843 1173 899 alieno

107 967 206 1005 errore
227 949 330 1018 facilis,
352 969 437 1025 quem
460 951 539 1006 velut
562 949 628 1027 [ex]
652 968 796 1009 concessae
820 951 891 1007 artis
913 967 968 1006 usu
991 950 1174 1008 exercebant.

108 1054 209 1110 Primo
249 1062 366 1112 secretae
403 1056 545 1112 bonorum
578 1055 793 1129 indignationes
827 1058 1032 1123 audiebantur3
1071 1054 1204 1112 deiudab

108 1159 147 1215 ad
190 1168 288 1233 patres
326 1160 413 1217 etiam
451 1180 486 1218 ac
521 1160 666 1235 publicam
711 1162 920 1234 querimoniam
959 1159 1082 1217 excessit
1118 1175 1174 1216 ree.

108 1264 237 1321 Incusati
258 1266 386 1339 graviter
408 1268 445 1323 ab
467 1274 568 1322 senatu
595 1267 692 1322 aediles
706 1266 908 1341 triumvirique
923 1264 1073 1340 capitales,
1095 1265 1226 1339 quodid

106 1387 165 1425 non
187 1370 381 1444 prohiberent,
409 1390 496 1445 quum
528 1389 663 1428 emovere
686 1391 749 1427 eam
778 1371 988 1428 multitudinem
1012 1388 1028 1425 e
1050 1368 1116 1426 foro
1139 1388 1174 1426 ac
1215 1378 1219 1382 '

71 1479 72 1484 ’
105 1473 239 1531 disiicere
261 1485 420 1550 apparatus
442 1493 592 1532 sacrorum
615 1476 712 1532 conati
737 1488 840 1543 essent,
868 1477 946 1533 haud
968 1475 1070 1549 procul
1091 1473 1173 1539 aluit,

106 1580 178 1652 quin
199 1580 386 1638 violarentur.
430 1579 489 1637 Ubi
514 1581 659 1654 potentius
681 1581 739 1638 iam
763 1599 825 1637 esse
848 1581 876 1637 id
897 1580 1005 1637 malum
1029 1580 1173 1654 apparuit,
1191 1584 1223 1639 ll

107 1702 196 1759 quam
219 1693 251 1741 ut
272 1679 397 1742 minores
418 1704 471 1759 per
492 1685 679 1760 magistratus
707 1687 866 1755 sederetur,
887 1687 929 1743 M.
956 1685 1078 1744 AEmilio
1099 1704 1173 1760 prae·

106 1790 166 1847 tori
187 1792 299 1848 urbano
321 1790 468 1864 negotium
485 1791 522 1847 ab
544 1799 646 1847 senatu
669 1791 768 1846 datum
791 1800 843 1860 est,
865 1799 898 1846 ut
920 1791 960 1847 eis
984 1789 1171 1865 religionibus

105 1895 247 1971 populum
268 1895 415 1957 liberaret.
456 1896 487 1952 Is
510 1904 538 1953 et
563 1895 592 1952 in
621 1896 756 1952 contione
775 1903 892 1953 senatus
917 1894 1078 1952 consultum
1101 1893 1225 1954 reci-12

104 1999 181 2082 terit
202 2009 231 2056 et
251 2001 351 2072 edixit,
370 2010 410 2071 ut,
434 2002 596 2076 quicunque
611 2000 701 2058 libros
725 2000 867 2057 vaticinos
890 1999 1109 2074 precationesve
1125 2006 1175 2055 aut

106 2113 201 2162 artem
223 2106 404 2164 sacrificandi
426 2107 618 2182 conscriptam
642 2107 772 2175 haberet,
795 2123 845 2162 eos
866 2105 956 2162 libros
979 2096 1079 2192 omnes
1100 2105 1175 2162 litte-

111 2228 221 2284 rasque
236 2212 274 2267 ad
289 2231 321 2268 se
343 2221 409 2269 ante
431 2212 566 2269 calendas
582 2212 701 2287 Apriles
723 2209 861 2279 deferret3
884 2228 939 2266 neu
963 2210 1027 2284 quis
1049 2210 1078 2267 in
1101 2212 1173 2286 pub-

99 2311 168 2373 'lico
190 2333 312 2373 sacrove
331 2317 396 2374 loco
417 2335 495 2374 noro
518 2325 570 2373 aut
591 2327 711 2375 externo
734 2318 790 2374 ritu
813 2314 998 2372 sacrificaret

196 2421 320 2496 Aliquot
341 2421 448 2494 publici
470 2423 636 2479 sacerdotes
659 2423 767 2479 mortui
792 2440 826 2479 eo
843 2439 919 2478 anuo
945 2429 1030 2491 sunt,
1044 2422 1078 2480 L.
1104 2419 1176 2478 Cor·
1229 2422 1252 2491 2

111 2525 206 2583 nelius
228 2526 368 2583 Lentulus
383 2525 515 2601 pontifex
536 2527 685 2584 maximus
701 2536 729 2584 et
742 2525 775 2588 C.
788 2525 926 2600 Papirius
942 2523 975 2582 Ο.
998 2526 1074 2583 filius
1089 2526 1175 2582 Maso

114 2629 249 2705 pontifex
280 2641 308 2687 et
328 2632 364 2690 P.
389 2631 496 2688 Furius
522 2632 624 2689 Philus
649 2651 743 2707 augur
766 2640 795 2688 et
826 2629 860 2688 Ο.
884 2630 1022 2705 Papirius
1045 2631 1079 2688 L.
1102 2630 1177 2687 filius

111 2736 200 2794 Maso
228 2736 373 2793 decemvir
401 2754 544 2855 saeptum.
601 2738 637 2794 In
673 2735 788 2794 Lentuli
822 2735 918 2792 locum
948 2735 990 2796 M.
1028 2735 1208 2799 Cornelius2
1248 2760 1270 2838 Λ

112 2838 276 2914 Cethegus,
306 2842 335 2897 in
360 2841 473 2917 Papini
504 2841 558 2899 Cn.
589 2841 729 2901 Servilius
760 2839 859 2914 Capio
886 2841 1037 2915 pontifices
1067 2838 1180 2897 suffecti

112 2955 197 3016 sant3
225 2964 319 3020 augur
339 2955 452 3004 creatus
474 2949 508 3005 L.
533 2947 685 3020 Quinctius
708 2946 898 3016 Flamininus,
921 2946 1067 3002 decemvir
1081 2962 1178 3002 sacro-

1282 2705 1312 2766 t*

111 3072 178 3110 rum
203 3053 238 3114 L.
261 3051 413 3110 Cornelius
435 3053 585 3112 Lentulus.

198 3152 389 3230 Comitioritm
411 3157 606 3215 consularium
630 3159 688 3214 iam
712 3157 870 3232 appetebat
890 3165 1020 3232 tempus3
1045 3154 1096 3213 sed
1112 3155 1210 3228 quia3

112 3261 246 3318 consules
285 3263 362 3320 bello
400 3263 526 3319 intentos
565 3279 691 3320 avocare
726 3280 784 3318 non
817 3261 970 3336 placebat,
1007 3260 1054 3316 Ti.
1098 3259 1179 3317 Sem-

112 3365 234 3440 pronius
255 3356 356 3425 'consul
375 3368 556 3425 comitiorum
580 3365 854 3424 causedictatorem
878 3365 951 3422 dixit
978 3363 1011 3422 O.
1027 3363 1179 3422 Claudium

112 3468 284 3529 Centonem.
338 3475 389 3531 Ab
420 3492 455 3530 eo
480 3471 622 3546 magister
648 3471 775 3545 equitum
808 3480 853 3527 est
879 3470 972 3527 dictus
1001 3469 1038 3542 Q.
1060 3469 1181 3525 Fulvius

112 3574 247 3635 Flaccus.
302 3577 437 3635 Dictator
466 3572 562 3652 primo
593 3575 731 3632 comitiali
763 3576 810 3631 die
845 3575 954 3632 creavit
982 3575 1114 3631 consules
1145 3574 1213 3646 (Μ

74 3669 78 3674 ’
112 3681 251 3739 Fulvium
273 3683 422 3753 Flaccum,
444 3681 613 3756 magistrum
636 3680 775 3756 equitum,
802 3690 831 3736 ot
853 3683 933 3755 App.
946 3678 1099 3737 Claudium
1113 3679 1181 3735 Pul-

111 3788 224 3858 chrum,
245 3789 292 3846 cui
313 3787 414 3848 Sicilia
434 3785 586 3862 provincia
607 3786 636 3842 in
652 3794 784 3871 praetura
806 3784 910 3844 fuerat.
947 3785 1022 3841 Tum
1038 3791 1177 3857 praetores
1199 3801 1215 3854 5

111 3893 202 3950 creati
224 3892 276 3952 Cn.
301 3891 423 3951 Fulvius
450 3890 583 3958 Flaccus,
619 3889 648 3950 Ο.
670 3889 809 3947 Claudius
830 3889 922 3956 Nero,
943 3889 984 3948 M.
1005 3887 1106 3944 Iunius
1128 3887 1176 3947 Si·
1264 3906 1269 3916 ·

110 3995 205 4065 lanus,
227 3998 263 4055 P.
294 3995 445 4054 Cornelius
475 3995 566 4056 Sulla.
616 3994 748 4053 Comitiis
775 3993 909 4070 perfectis
938 3993 1063 4051 dictator
1083 3993 1175 4068 magi·
