2704 4552
303 223 342 278 98
575 221 652 270 Liber
670 219 760 274 xxlt.
797 223 843 276 (A.
857 235 883 274 n.
897 237 921 275 c.
934 222 1008 278 ⁶880]

261 403 333 473 duo,
355 403 507 462 Formiani
530 423 620 472 unus,
642 405 717 462 alter
738 404 858 462 Sidicini
878 405 996 480 equitis,
1019 407 1070 480 qui
1092 405 1227 465 Servilio
1248 424 1298 461 aa

262 509 354 568 Atilio
376 508 542 566 consulibus
563 510 638 566 inter
659 509 847 584 pabulatores
870 510 983 584 excepti
1005 529 1024 566 a
1046 512 1192 568 Numidis
1215 509 1263 567 fue

261 613 450 690 profugerent
472 633 507 671 eo
529 615 575 672 die
597 615 635 671 ad
663 615 810 684 dominos;
837 615 1010 690 deductique
1039 617 1077 672 ad
1101 615 1246 674 consules
1266 633 1304 670 nt

262 720 349 790 tiant,
383 739 498 778 omnem
526 722 685 778 exercitum
714 721 890 778 Hannibalis
921 729 1002 777 trans
1031 722 1193 795 proximos
1228 729 1305 776 mont

214 825 363 884 insedere
387 824 418 880 in
439 824 560 887 insidiis.
607 827 723 884 Horum
751 835 932 900 opportunus
954 826 1098 884 adventus
1121 827 1263 884 consules
1289 850 1305 875 ιι.

262 930 335 1004 perii
356 940 488 1006 potentes
507 930 584 999 feeit,
608 950 696 1006 quum
721 931 840 988 ambitio
857 913 975 989 alterius
996 951 1080 998 snam
1102 933 1239 1008 primum
1260 949 1308 1003 api

263 1052 313 1091 eos
335 1053 429 1110 prava
450 1036 628 1110 indulgentia
649 1037 831 1095 maiestatem
854 1036 998 1094 solvisset

167 1137 211 1206 43
346 1141 497 1198 Hannibal
531 1152 688 1217 postquam
725 1151 820 1198 motos
853 1143 946 1216 magis
980 1143 1144 1200 inconsulte
1182 1145 1305 1200 Roman

264 1265 351 1321 quam
386 1246 423 1302 ad
445 1245 576 1304 ultimum
607 1258 715 1304 temera
743 1256 859 1304 evectos
874 1247 967 1316 -vidn,
997 1249 1198 1322 nequicquam
1226 1247 1282 1302 det
1305 1272 1308 1285 ·

232 1352 365 1410 2fraude
386 1351 415 1408 in
437 1361 534 1408 castra
557 1353 651 1410 rediit.
697 1351 744 1446 lbi
765 1351 863 1426 plnres
892 1353 953 1410 dies
975 1361 1096 1429 propter
1117 1354 1255 1428 inopiam
1304 1382 1314 1395 ··

263 1457 352 1514 menti
374 1475 491 1512 manere
514 1457 627 1530 nequit,
657 1474 792 1531 novaque
817 1458 938 1514 consilia
958 1459 989 1514 in
1011 1458 1073 1532 dies
1094 1477 1156 1514 non
1179 1457 1263 1533 apud
1282 1453 1321 1510 ni·

262 1563 327 1618 lites
349 1562 442 1618 solnm
467 1560 573 1616 mixtos
598 1581 635 1616 ex
657 1562 820 1620 colluvione
841 1566 970 1622 omnium
995 1565 1142 1640 gentium,
1171 1564 1228 1620 sed
1251 1561 1321 1616 atiau

233 1668 343 1743 3apnd
371 1667 473 1723 ducem
504 1667 599 1741 ipsum
629 1668 805 1724 oriebantur.
854 1670 934 1726 Nam
964 1689 1053 1744 quum
1084 1669 1170 1726 initio
1193 1666 1320 1729 nemine,

264 1771 367 1828 deinde
389 1780 491 1846 aperta
512 1771 684 1829 vociferatio
708 1773 810 1832 fnisset
839 1774 1057 1849 exposcentium
1084 1774 1264 1849 stipendium
1283 1769 1320 1823 dt·

264 1878 354 1935 bitum
385 1879 625 1952 querentiumque
654 1895 799 1935 annonam
830 1880 942 1954 primo,
972 1887 1122 1953 postremo
1145 1879 1273 1942 fantem,
1299 1881 1319 1928 d

265 1983 458 2042 mercenarios
486 1983 608 2053 milites,
640 1983 767 2040 maxima
788 1983 914 2058 Hispani
942 1984 1071 2058 generis,
1104 1985 1141 2041 de
1162 1981 1318 2041 transitione

234 2089 376 2165 4eepisse
398 2088 549 2144 eonsilium
579 2087 660 2144 fama
683 2096 774 2158 esset,
806 2090 870 2164 ipse
899 2089 987 2146 etiam
1012 2090 1158 2146 interdum
1182 2081 1318 2146 Hannibal

265 2196 301 2251 de
329 2193 401 2268 fuga
428 2194 458 2249 in
481 2191 610 2249 Galliam
643 2192 747 2250 dicitur
774 2194 915 2268 agitasse,
947 2193 990 2251 ita
1019 2204 1051 2251 ut
1076 2193 1178 2250 relicto
1202 2192 1315 2268 peditatu

235 2297 344 2355 bomni
365 2317 431 2354 cum
453 2298 596 2369 equitibus
619 2315 651 2354 sa
672 2298 843 2373 proriperet.
892 2299 989 2371 Quum
1013 2301 1076 2356 hoee
1100 2299 1226 2356 consilia
1247 2306 1316 2367 atqu

265 2402 311 2459 hic
335 2403 451 2460 habitus
474 2405 636 2461 animorum
659 2413 735 2462 esset
755 2405 785 2461 in
807 2404 925 2472 castris,
952 2423 1070 2462 movere
1090 2405 1160 2462 inde
1181 2399 1314 2460 statuitis

265 2507 405 2565 calidiore
428 2518 516 2582 atque
537 2529 572 2567 eo
600 2511 761 2567 maturiora
783 2511 923 2567 messibus
946 2509 1062 2584 Apuliae
1082 2509 1160 2580 loca,
1182 2508 1267 2594 simul
1287 2509 1315 2558 ut

266 2631 323 2686 quo
344 2613 460 2688 longius
482 2616 519 2670 ab
541 2616 626 2671 hoste
650 2614 831 2682 recessisset,
862 2613 1025 2689 transfugia
1054 2614 1242 2689 impeditiora
1262 2608 1315 2667 levi-

235 2719 320 2774 bbns
353 2718 474 2793 ingeniis
506 2730 610 2776 essent.
666 2719 820 2776 Profectus
853 2729 897 2776 est
924 2730 1024 2788 nocte,
1053 2721 1170 2795 ignibus
1202 2716 1316 2777 similiter

265 2823 350 2880 factis
372 2825 626 2898 tabernaculisque
650 2825 752 2899 paneis
773 2825 946 2899 inspeciem
968 2826 1085 2895 relictis,
1107 2835 1141 2882 nt
1161 2825 1312 2881 insidiarum

237 2933 323 3003 'lpar
341 2930 432 3004 priori
459 2941 552 2987 metue
578 2931 737 2987 contineret
767 2932 926 2987 Romanos.
973 2930 1032 2987 Sed
1053 2950 1107 3006 per
1128 2931 1252 2987 eundem
1273 2928 1316 2984 Lu·

268 3053 372 3092 canum
395 3036 541 3095 Statilium
565 3035 699 3092 omnibns
720 3036 797 3091 ultra
815 3043 913 3091 castra
935 3043 1074 3108 transque
1097 3045 1213 3092 montes
1234 3031 1314 3107 explo·

268 3141 355 3209 ratis,
379 3159 467 3214 quum
490 3140 613 3196 relatum
636 3149 720 3210 esset,
741 3140 835 3197 visum
857 3140 960 3215 procul
980 3140 1109 3198 hostium
1130 3160 1251 3215 agmen,
1271 3151 1313 3193 tun

237 3244 306 3300 8de
337 3245 516 3317 insequendo
549 3265 583 3301 eo
616 3245 737 3302 consilia
770 3244 875 3318 agitari
904 3254 1007 3319 coepta.
1056 3245 1155 3318 Quum
1185 3247 1315 3314 utriusque

269 3348 395 3404 consulis
418 3350 529 3420 eadem,
559 3369 623 3425 ques
650 3361 717 3408 ante
744 3369 866 3425 semper,
888 3348 990 3406 fuisset
1011 3351 1171 3420 sententia,
1205 3361 1312 3408 ceterum

268 3455 397 3510 Varroni
419 3454 480 3511 fere
510 3475 626 3525 omnes,
659 3457 755 3513 Paulo
783 3475 869 3512 nemo
897 3464 1002 3529 praeter
1032 3455 1199 3524 Servilium,
1230 3451 1315 3531 prioris

238 3559 337 3616 9anni
359 3561 515 3632 consulem,
547 3562 743 3630 assentiretur,
772 3561 889 3618 maioris
911 3560 1003 3635 pertis
1025 3560 1169 3618 sententia
1191 3562 1231 3618 ad
1252 3556 1314 3617 nobi·

269 3665 394 3723 litandae
427 3666 508 3724 clade
537 3668 673 3724 Romana
700 3665 817 3724 Cannas
851 3675 971 3740 urgente
1005 3664 1068 3722 fato
1098 3665 1225 3739 profecti
1256 3671 1314 3722 snut·

221 3774 257 3828 10
271 3775 368 3847 Prope
400 3791 465 3827 eum
492 3773 588 3828 vicum
617 3771 768 3829 Hannibal
796 3780 893 3827 caetra
921 3779 1060 3844 posuerat
1086 3787 1192 3828 aversa
1223 3791 1242 3828 a
1261 3767 1314 3826 Vul-

271 3891 356 3934 turno
377 3887 474 3946 vento,
498 3877 548 3950 qui
570 3876 681 3949 campis
700 3875 817 3934 torridis
839 3875 968 3932 siccitate
988 3878 1079 3934 nubes
1100 3876 1230 3950 pulveris
1244 3872 1313 3932 vehit.

223 3986 253 4037 ll
271 3983 307 4038 Id
330 4000 418 4055 quum
438 3981 508 4055 ipsis
531 3982 633 4036 eastris
657 3979 893 4053 percommodum
915 3978 984 4046 fuit,
1011 3989 1072 4036 tum
1101 3979 1230 4036 salutare
1256 3997 1311 4054 pra·
