2700 4426
399 236 478 285 Liber
496 235 584 288 XXV.
621 238 668 299 (Δ.
685 235 733 290 Oh.
748 237 822 301 212.)
837 290 840 293 ,
1036 242 1092 298 251

97 326 113 352 Κ

73 417 207 494 Epicyde
237 419 358 494 praebito
385 419 526 476 universae
548 420 641 494 plebei
663 430 690 477 et
724 422 890 495 partribus
918 440 936 477 a
962 423 1139 498 principibus

75 522 180 580 diviso.
236 524 270 580 Id
301 525 350 581 ubi
383 524 494 600 accepit
525 525 696 596 Marcellus,
721 545 792 583 cum
825 528 925 601 paucis
958 529 1137 587 tribunorum
1157 537 1191 590 ts

75 629 197 686 militum
221 631 389 700 collocutus,
411 629 565 704 electisque
589 651 641 707 per
655 645 705 689 e'os
727 631 764 688 ad
785 652 845 689 rem
862 641 972 689 tantam
996 635 1138 708 agendam

76 735 298 809 audendamque
327 736 438 792 idoneis
467 738 681 793 centurionibus
703 737 912 811 militibusque,
940 748 969 795 et
997 739 1083 795 scalis
1110 741 1139 796 in

77 839 191 896 occulto
214 846 401 918 comparatis,
424 844 526 902 ceteris
548 843 660 916 signum
684 842 747 899 dari
768 842 862 911 iubet,
885 853 916 899 ut
938 854 1051 900 mature
1074 863 1140 901 cor-

76 964 151 1019 pora
172 959 307 1005 curarent
321 951 468 1024 quietique
490 950 607 1004 darent:
629 956 714 1002 nocte
735 947 763 1003 in
787 948 996 1023 expeditionem
1014 949 1137 1004 eundum

77 1069 149 1108 esse.
197 1053 270 1109 Inde
291 1055 340 1111 ubi
367 1054 396 1111 id
424 1054 563 1131 temporis
584 1053 694 1120 visum,
723 1073 781 1127 quo
806 1055 840 1109 de
866 1055 912 1109 die
934 1050 1058 1128 epulatis
1079 1054 1137 1109 iam
1156 1061 1191 1116 16

76 1156 136 1213 vini
168 1158 258 1214 satias
290 1160 520 1234 principiumque
552 1159 645 1215 somni
681 1169 770 1226 esset,
807 1159 882 1232 signi
917 1161 1000 1214 unius
1034 1159 1139 1217 milites

76 1261 152 1319 ferre
174 1263 268 1319 scalas
289 1263 386 1333 iussit3
416 1273 444 1320 et
473 1264 510 1320 ad
540 1264 618 1321 mille
638 1263 699 1320 fere
726 1264 829 1319 armati
852 1264 929 1320 tenui
952 1264 1066 1338 agmine
1088 1282 1140 1337 per

76 1368 219 1424 silentium
242 1387 277 1424 eo
299 1369 423 1425 deducti.
468 1369 528 1428 Ubi
549 1350 752 1442 sine'strepitu
776 1387 810 1424 ac
825 1369 946 1424 tumultu
963 1368 1048 1443 primi
1070 1346 1139 1424 eia·
1157 1377 1190 1430 17

76 1483 176 1530 serunt
189 1474 218 1529 in
234 1493 357 1544 murum,
372 1474 461 1530 secuti
473 1475 573 1531 ordine
589 1473 646 1543 alii,
662 1492 749 1546 quum
765 1474 893 1548 priorum
910 1473 1033 1530 audacia
1044 1473 1138 1528 dubiis

76 1556 164 1634 stiam
196 1579 324 1635 animum
351 1578 470 1636 faceret.
519 1581 583 1635 larn
609 1578 687 1636 mille
708 1589 885 1636 armatorum
908 1582 982 1636 muri
1001 1587 1139 1652 ceperant
1191 1579 1235 1648 24
1259 1560 1262 1561 ⁷

76 1693 200 1757 partem,
222 1702 309 1756 quum
334 1695 437 1740 ceterae
459 1685 583 1757 adurotae
612 1695 676 1740 sunt
705 1688 803 1760 copia,
834 1686 1022 1760 pluribusque
1053 1683 1138 1740 scalis
1170 1721 1171 1724 =

74 1786 105 1842 in
128 1806 240 1844 murum
264 1789 444 1859 evadebant,
465 1790 548 1863 signo
572 1790 609 1844 ab
630 1789 788 1864 Hexapylo
810 1791 894 1858 dato,
924 1810 982 1864 qno
1015 1809 1067 1864 per
1094 1789 1170 1850 in-2

76 1903 191 1964 gentem
213 1893 394 1951 solitudinem
420 1903 484 1950 erat
506 1903 691 1968 perventum,
721 1895 789 1969 qnia
810 1914 917 1969 magna
938 1913 1007 1969 pars
1028 1895 1057 1949 in
1080 1904 1138 1949 tur·
1173 1933 1185 1959 ,

75 1997 156 2052 ribus
195 1998 302 2073 epulati
342 2008 392 2054 aut
421 1998 508 2073 sopiti
540 1999 609 2054 vino
639 2008 722 2055 errant
759 2009 810 2054 aut
846 1999 1023 2072 semigraves
1055 2008 1139 2072 pota·

62 2094 161 2171 vb'ant3
191 2121 299 2177 paucos
332 2114 428 2160 tamen
451 2122 550 2159 eorum
579 2119 734 2177 oppressos
763 2102 791 2158 in
818 2103 959 2160 cubilibus
989 2102 1139 2160 interfece-

76 2216 154 2267 runt.
209 2209 306 2282 Prope
334 2209 511 2284 Hexapylon
539 2219 582 2278 est
611 2207 740 2280 portula3
774 2226 806 2263 cu
831 2225 936 2282 magna
960 2207 989 2262 vi
1020 2205 1169 2280 refringi3

78 2322 174 2386 coepta
203 2322 231 2369 et
262 2331 382 2370 emuro
405 2332 441 2369 ex
463 2312 625 2387 composito
654 2314 724 2368 tuba
746 2313 844 2369 datum
868 2313 980 2388 signum
1005 2322 1081 2380 erat,
1111 2321 1140 2368 et

77 2418 134 2474 iam
152 2419 277 2492 undique
299 2438 357 2475 non
378 2418 488 2489 furtim,
510 2419 558 2474 sed
582 2418 613 2474 vi
634 2427 736 2493 aperta
750 2421 906 2493 gerebatur
927 2436 979 2475 res.
1024 2418 1170 2491 Quippel

77 2520 116 2575 ad
148 2521 305 2595 Epipolas,
339 2510 688 2596 frequentem'custodiis
721 2524 833 2592 locum,
865 2534 1033 2598 perventum
1053 2533 1139 2589 erat,

75 2626 260 2699 terrendique
289 2629 382 2702 magis
414 2630 512 2685 hostes
541 2639 623 2685 erant
655 2648 742 2703 quam
776 2628 910 2695 fallendi,
939 2628 1013 2684 sicut
1048 2627 1139 2683 territi

76 2739 152 2790 sunt.
203 2731 281 2788 Nam
313 2731 434 2790 simulac
461 2734 595 2790 tubarum
630 2745 674 2790 est
706 2734 822 2789 auditus
845 2745 947 2788 cantus
972 2733 1170 2805 clamorque5

76 2836 233 2892 tenentium
257 2855 354 2893 muros
381 2848 552 2912 partemque
575 2838 669 2905 urbis,
696 2838 794 2894 omnia
816 2838 906 2894 teneri
928 2839 1062 2894 custodes
1085 2841 1142 2893 rati

77 2939 125 2995 alii
153 2959 207 3014 per
232 2960 345 2996 murum
377 2941 494 3016 lugere,
531 2943 579 2998 alii
607 2943 693 2998 salire
723 2944 759 2999 de
788 2962 870 3000 muro
909 2943 1140 3017 praecipitarique

76 3045 162 3100 turba
181 3047 361 3119 paventium.
402 3049 513 3121 Magna
543 3067 611 3122 pars
638 3057 735 3104 tamen
756 3049 860 3123 ignara
883 3048 955 3104 tanti
978 3048 1046 3104 mali
1068 3049 1169 3114 erat-,6

77 3160 103 3204 ot
126 3150 256 3224 gravatis
278 3152 412 3208 omnibus
433 3154 501 3210 vino
523 3141 685 3228 somnoque
713 3165 740 3210 et
768 3154 797 3210 in
821 3162 912 3209 vastae
936 3153 1139 3227 magnitudinis

75 3254 148 3310 urbe
168 3256 293 3329 partium
317 3275 402 3313 sensu
423 3277 481 3314 non
504 3261 575 3315 satis
597 3260 756 3334 pertinente
777 3260 807 3316 in
832 3259 941 3319 omnia.
990 3259 1051 3315 Sub
1076 3260 1167 3316 lucel

75 3359 234 3436 Hexapylo
248 3360 393 3432 effracto,
421 3364 577 3421 Marcellus
600 3365 733 3420 omnibus
755 3365 846 3439 copiis
870 3365 970 3421 urbem
993 3364 1139 3438 ingressus
1218 3437 1220 3442 ,

77 3465 214 3522 excitavit
235 3468 435 3542 convertitque
462 3488 562 3525 omnes
590 3470 628 3525 ad
657 3488 739 3525 arma
768 3470 909 3544 capienda
931 3487 1088 3543 opemque,
1115 3469 1139 3524 si

38 3632 40 3636 ¹
77 3586 164 3642 quam
187 3582 314 3643 possent,
336 3572 393 3628 iam
418 3584 511 3648 captae
531 3591 623 3646 prope
645 3575 709 3629 urbi
731 3573 889 3630 ferendam.
935 3574 1080 3648 Epicydes
1102 3572 1169 3628 abt

75 3672 185 3744 Insula,
208 3691 294 3746 quam
318 3675 373 3750 ipsi
395 3677 497 3734 Nason
513 3687 628 3747 vocant,
650 3679 739 3734 citato
754 3679 900 3753 profectus
916 3678 1040 3751 agmine,
1061 3677 1139 3733 haud

76 3777 195 3848 dubius,
224 3779 293 3851 quin
317 3801 427 3857 paucos
451 3762 504 3856 per
533 3783 736 3857 negligentiam
766 3784 916 3839 custodum
942 3782 1138 3857 transgressos

75 3901 188 3947 murum
225 3887 398 3959 expulsurus
433 3887 524 3956 foret,
560 3888 775 3944 occurrentibus
810 3887 942 3962 pavidis,
986 3887 1138 3944 tumultum
1151 3885 1177 3943 ii·

75 4005 183 4062 augere
210 4007 261 4046 eos
290 3990 425 4048 dictitans
457 4001 486 4048 et
516 3979 630 4077 maiora
647 4011 691 4049 vac
720 3992 894 4049 terribiliora
923 4010 993 4049 vero
1025 3989 1139 4062 afferre,
1238 3986 1268 4169 1
