2700 4426
604 199 672 242 xm

108 386 165 440 Em.
187 381 247 438 215
271 383 308 438 dc
325 383 462 454 XXXIV,
492 382 548 451 27,
577 384 616 450 6,
647 390 674 436 et
700 382 787 453 poulo
815 391 880 437 ante
910 383 944 437 de
972 398 995 440 c.
1019 380 1075 452 34,
1103 382 1158 450 14,·

108 467 211 522 similia
229 464 299 521 alibi
313 464 447 537 current.)
471 466 488 521 8
510 463 620 532 edocet,
642 475 672 520 ut
694 465 778 537 (Del.
802 468 965 522 Necessario
986 466 1031 532 illi
1051 472 1080 520 et
1096 463 1158 538 ipse

109 549 309 605 subiiciendum
337 557 378 603 est
406 550 525 604 alterum
546 548 695 603 memorem
702 569 713 617 ,-
740 548 771 603 id
790 551 823 620 fit
846 548 974 618 brevius,
1002 556 1034 605 ut
1055 549 1159 603 ααάἑα-

110 642 158 687 tur
181 632 254 686 idem
276 630 397 702 edocet.)
419 631 515 699 XLV,
543 632 558 685 3
583 649 617 688 eo
638 630 717 704 ipsos
739 640 987 706 quantumcunque
1012 632 1077 704 (Mn.
1100 634 1159 688 Em.

108 714 182 787 326)
223 718 237 769 7
273 713 429 770 liberorum
464 731 580 769 suorum
618 714 714 786 (Illten.
744 715 829 772 Codd.
857 732 928 770 recc.
962 725 989 770 et
1018 714 1078 786 tib.)
1123 719 1153 768 tt

109 816 162 854 nec
193 797 329 853 obsistere
355 798 392 853 ab
420 797 508 871 signis
536 815 588 852 nec
615 797 770 854 subsistere
798 797 890 854 cibum
921 799 985 871 (My.
1008 801 1066 856 Em.
1088 797 1159 869 327>

110 881 224 950 XLVI,
248 884 262 936 7
287 879 425 937 inclinent
447 879 524 954 (edd.
537 889 603 936 vett.
628 882 762 937 Proesenti
782 883 914 937 historico
935 885 966 936 in
988 881 1159 937 declarando

109 967 265 1019 animorum
292 963 403 1034 babitu,
442 981 521 1036 quem
550 965 624 1019 Nero
650 968 788 1036 reperisse
814 975 841 1020 et
866 975 987 1021 mutasse
1015 973 1158 1030 narratur,

111 1049 191 1104 locus
203 1045 338 1123 nonest.)
364 1050 396 1102 li
423 1058 451 1102 et
472 1046 594 1103 eundum
619 1046 692 1119 (edd.
707 1057 774 1105 cett.
791 1049 811 1103 Ρ
825 1046 1007 1124 etaeundunt)
1030 1047 1159 1112 XLVII,

112 1132 128 1186 ¹2
152 1129 177 1184 si
200 1130 268 1203 quid
289 1129 365 1186 forte
392 1126 487 1203 (codd.
510 1135 605 1186 recot
633 1129 769 1203 Psiquit.
812 1133 846 1187 Et
866 1133 972 1202 crudus
991 1133 1159 1203 sinnificutln

108 1231 200 1285 procu
222 1223 264 1270 est
285 1232 336 1269 nec
359 1214 462 1270 dieitur
482 1227 557 1268 recte
574 1213 598 1268 si
615 1212 682 1286 quid
693 1213 821 1270 adustior
833 1231 885 1269 nec
900 1232 993 1270 omnes
1009 1215 1160 1270 adustioris

109 1297 216 1352 coloris
238 1298 331 1366 futuri
354 1296 458 1370 erunt.)
481 1300 498 1352 5
524 1294 666 1353 cecinisse.
690 1298 770 1352 ambo
789 1299 918 1368 profecto
941 1298 1069 1353 consules
1090 1314 1159 1365 esse,

110 1389 140 1436 et
162 1397 286 1452 quonam
310 1379 396 1435 modo
422 1380 495 1435 alter
515 1380 552 1435 ab
574 1379 738 1436 Hannibale
763 1377 797 1456 (Ρ
819 1398 965 1453 omnesque
987 1381 1084 1449 codd,
1106 1383 1161 1436 nisi

110 1463 188 1534 quud
217 1462 317 1519 consul
346 1460 526 1538 addidimus.)
564 1466 597 1517 10
628 1461 762 1519 intentius
787 1463 871 1536 signu
897 1463 973 1520 ierre
1004 1463 1082 1536 [dum
1109 1462 1160 1518 lux

110 1544 187 1601 viem
211 1546 381 1615 ostenderet,
402 1545 505 1602 lentius
529 1545 612 1620 signe
633 1544 708 1602 ferre
728 1547 834 1614 nucn.;
865 1545 934 1603 ferri
955 1549 1008 1618 My.
1024 1549 1081 1606 Em.
1093 1546 1159 1603 328.

111 1631 133 1685 P
157 1628 371 1686 hasdrubedum
394 1629 761 1703 luxiemostendentissigne
783 1629 865 1689 ferre.
898 1632 990 1687 Minus
1013 1630 1081 1686 bene
1101 1632 1161 1686 ltoec

112 1715 234 1768 tractavi
246 1715 303 1769 Em.
315 1712 382 1768 327.
412 1715 509 1785 Neque
529 1715 601 1768 entim
622 1715 681 1784 ipse
704 1713 863 1769 Hasdrubal
881 1731 933 1784 per
955 1731 1048 1769 omnes
1070 1713 1161 1784 {lentus

111 1798 202 1852 amnis
222 1799 304 1865 sinna
326 1798 400 1866 ferri
421 1795 543 1854 colebat.
592 1798 701 1852 tentius
721 1797 953 1868 proyrcdieudum
975 1807 1047 1864 erut,
1073 1797 1161 1851 donec

112 1881 164 1935 luc
184 1882 257 1935 oium
279 1888 458 1936 monstraret.
490 1878 597 1936 Atend
617 1881 646 1934 in
670 1879 830 1935 ostenderet
852 1872 959 1936 oculus*
970 1882 1058 1950 fusile
1079 1879 1161 1934 uber-

108 1965 186 2018 rueit
208 1963 246 2018 cd
266 1961 378 2021 lentius.
412 1963 523 2019 Ilesidet
547 1963 704 2036 scrupulus,
726 1964 801 2034 quod
822 1962 871 2018 lux
894 1963 1004 2019 breuius
1022 1980 1076 2035 pro
1098 1961 1161 2018 luce

111 2044 215 2119 prime,
236 2055 301 2101 ortu
313 2043 435 2120 dicitnr.)
455 2041 459 2122 J
479 2039 709 2118 processisset,**
723 2045 772 2101 ubi
791 2042 856 2121 (Mn.
868 2048 925 2104 Em.
936 2045 996 2101 328
1003 2067 1014 2116 ,¹
1036 2045 1162 2102 substitit

110 2130 257 2185 Sertorius
278 2147 389 2201 quoque
410 2129 572 2200 supplerit.)
602 2132 632 2183 tt
659 2139 794 2201 quantum
808 2147 886 2184 mare
909 2129 1081 2201 (edd.rett.,·
1102 2131 1160 2185 Em.

105 2210 181 2284 328)
223 2212 375 2280 XLVIII,
407 2216 440 2268 tt
474 2211 513 2283 (in
532 2211 667 2266 'dextrum
693 2214 768 2269 Glur.
793 2211 994 2279 Pinsistrum,
1021 2212 1109 2269 Drclt.
1131 2211 1159 2267 in

107 2292 265 2370 sinistrum)
291 2295 406 2363 XLIX,
430 2297 446 2350 2
469 2293 587 2368 regendi
608 2312 688 2368 spem
712 2285 843 2351 vicissent
865 2292 936 2370 (W,
960 2299 1012 2367 Idy.
1029 2298 1087 2352 Em.
1100 2295 1160 2351 328

107 2395 136 2436 n.
163 2377 534 2452 Pregendispervicissent)
566 2380 582 2433 3
607 2378 712 2449 (Valde
732 2383 858 2450 suspicor
878 2379 1054 2435 scribendum
1081 2397 1161 2434 esse:

109 2459 324 2534 abnuentesque
353 2462 437 2517 taedio
467 2461 609 2530 leborem3
638 2480 704 2518 num
732 2463 855 2518 abnuere
882 2461 982 2518 labore
1006 2464 1077 2518 nibil
1097 2463 1161 2533 est.)

110 2545 128 2598 9
161 2543 242 2617 (quin
269 2544 413 2617 supersint
445 2548 529 2602 Gron.
562 2547 583 2600 Ρ
613 2545 824 2619 quesupersiut,
858 2545 945 2603 Drulr.
977 2543 1130 2621 supersint)
1155 2541 1158 2622 Ι

108 2625 200 2700 aliqui
220 2626 310 2683 nuntii
332 2628 394 2700 (Mu.
415 2630 436 2683 P
449 2621 556 2684 tontum
571 2627 670 2701 aliiqui
684 2629 783 2687 nuntii.
817 2629 887 2685 Edd.
901 2660 939 2670 -
951 2647 1016 2684 num
1031 2631 1065 2684 de
1077 2630 1157 2686 codd.

109 2713 210 2766 ceteris
239 2713 340 2767 siletur
363 2743 398 2753 -
422 2710 647 2784 inquinialiqui
676 2711 774 2767 nuntii.
824 2714 884 2767 Non
911 2721 1020 2783 potest,
1051 2715 1159 2783 opinor,

106 2793 224 2849 cerium
245 2793 342 2850 obesse
363 2798 391 2848 in
415 2796 469 2850 tuli
489 2796 627 2849 orationis
648 2794 752 2863 formu,
772 2812 889 2866 prorsus
910 2797 1047 2866 pendente
1069 2799 1162 2866 pcrti-

108 2877 175 2933 cnln
202 2885 234 2932 ut
261 2876 400 2950 (diceret).
452 2878 533 2948 Quod
566 2886 659 2933 autem
688 2887 753 2948 post
778 2888 823 2946 ut,
858 2880 985 2948 lonyiore
1013 2878 1160 2933 verborum

107 2960 215 3016 ambite
241 2964 426 3032 interposito,
454 2964 581 3032 sequitur
608 2959 713 3034 inquit,
744 2962 774 3016 id
798 2964 832 3032 fit
853 2962 1072 3027 eodem-modo,
1104 2979 1160 3033 quo

108 3045 201 3100 licius
229 3045 283 3114 IV,
312 3045 367 3114 28,
397 3045 416 3099 4
450 3047 576 3115 scripsit:
611 3061 710 3118 poenas
742 3042 904 3100 rebellionis
937 3043 1095 3107 dedissent,
1132 3043 1160 3098 ni

108 3126 224 3184 Vettius
246 3127 425 3188 Messius...
452 3127 559 3200 inquit,
583 3128 613 3182 id
635 3136 675 3183 est
696 3128 790 3200 plone,
813 3127 940 3197 dixisset,
962 3137 990 3183 et
1016 3128 1112 3183 Cicero
1132 3129 1162 3183 II

109 3210 145 3266 de
160 3219 234 3266 orat.
247 3211 296 3280 64,
318 3211 395 3266 260.-
418 3211 495 3284 quod
517 3209 597 3265 aiunt
619 3210 901 3285 Maluginensem...
919 3210 1021 3266 Virum
1043 3211 1160 3279 bonurn,

106 3291 209 3365 inquit,
231 3294 332 3367 idest,
355 3293 470 3349 dixisse.
512 3295 583 3350 Ilum
605 3313 687 3366 quum
710 3295 788 3349 uerbi
808 3293 899 3368 inquit
919 3297 1112 3350 coniunctiuns
1133 3303 1161 3349 et

106 3378 264 3447 infinitivus
287 3381 404 3446 deesset,
427 3377 513 3432 libere
535 3379 770 3434 constructionem
793 3387 946 3435 mutarunt.
982 3377 1022 3434 Ob
1044 3378 1160 3432 eandem

107 3476 222 3514 causum
236 3463 327 3516 Liuius
338 3463 361 3530 I,
384 3459 432 3528 33,
455 3460 475 3514 3
500 3469 527 3514 et
551 3460 600 3527 IX,
627 3462 675 3528 16,
697 3462 735 3515 16
749 3464 778 3515 in
794 3462 886 3516 medin
902 3463 1030 3534 oratione
1046 3459 1160 3531 obliqua

105 3544 248 3598 interiecit
270 3546 379 3615 finitum
401 3542 749 3617 sentent-inntperinquit.)
776 3544 811 3611 L,
837 3549 847 3599 l
874 3561 1008 3617 pugnarn,
1031 3543 1160 3598 citatiore

106 3625 176 3699 (nn.
192 3628 248 3682 Em.
264 3626 324 3681 329
331 3649 341 3695 ,-
365 3628 503 3682 euridisse
521 3629 700 3696 perticipium
714 3629 857 3682 Sertorius
879 3644 990 3698 quoque
1011 3627 1090 3692 uidit,
1113 3628 1162 3697 qui

106 3705 253 3782 proiectus
264 3714 420 3780 suspicatus
433 3710 496 3782 est.)
518 3713 533 3763 5
547 3709 689 3783 supplices
702 3709 833 3782 votisque
845 3708 920 3783 (edd.
934 3718 1015 3777 cett,
1036 3712 1091 3766 Enr.
1101 3708 1161 3763 329

105 3791 148 3861 n.)
173 3793 189 3848 8
213 3792 315 3848 deinde
337 3793 373 3849 de
395 3793 428 3848 L.
441 3791 550 3848 Manlio
574 3792 668 3866 (codd.
682 3798 774 3847 necet
795 3795 852 3849 Em.
874 3792 930 3846 ibd.
952 3793 1042 3848 Simili
1063 3809 1160 3846 errore

107 3875 217 3944 XXIX,
241 3875 296 3944 20,
324 3877 435 3931 8inl’
463 3894 515 3948 pro
546 3875 582 3930 ud
611 3875 765 3930 exercitum
797 3875 930 3930 scribitur
959 3874 1160 3932 deexercitum.

105 3957 203 4014 Potest
219 3962 302 4014 etium
317 3961 423 4029 tuisse:
448 3959 563 4015 Litterae
578 3957 679 4014 deinde
695 3959 725 4014 L.
736 3958 827 4014 Manli
840 3957 952 4015 Acidini
964 3957 1057 4014 ruissae
1069 3976 1105 4014 ex
1120 3957 1160 4027 c.)

106 4042 125 4096 9
147 4040 314 4098 hae'litterae
333 4042 337 4118 t
357 4053 462 4116 posset,
485 4041 646 4097 traheretur
670 4040 736 4113 (llo.
760 4042 829 4097 Edd.
849 4043 910 4110 lere
932 4040 1162 4114 trahereturque)
