2700 4426
388 138 390 142 ’
426 145 503 194 Liber
519 145 619 195 xxva
659 144 709 209 (Δ.
722 143 769 195 ct.
783 144 859 208 au.)
1116 151 1133 206 5

107 328 198 385 uadi.
246 327 382 386 Ceterum
404 328 434 385 in
455 328 552 386 multis
574 329 781 387 certaminibus
798 329 947 402 equestria
965 306 1069 403 proelia
1083 327 1206 387 formed
1242 325 1248 332 ’
1306 313 1307 317 ¹

107 451 250 514 prospera
270 433 432 506 iaciebant,
460 433 557 509 pedite
579 436 805 510 superabantur-3
831 433 883 490 sed
906 451 1092 507 nequequam
1114 444 1174 492 tem
1259 471 1260 474 =

107 538 344 596 loetum'vincere
367 559 454 614 quam
477 541 558 598 triste
579 541 656 597 vinci
677 539 736 596 ulla
757 548 842 614 parte
863 547 927 595 erat
949 540 987 596 ab
1010 539 1131 595 obsesso
1146 547 1175 595 et

107 661 200 719 prope
223 653 390 719 expugnato
413 645 505 702 hoste.
549 643 626 700 Inita
647 644 763 700 tandem
786 643 863 699 ratio
884 651 943 713 est,
965 650 1005 712 ut,
1029 643 1108 717 quod
1130 643 1205 700 vi·4

107 751 187 807 ribus
214 750 322 818 deerat,
347 759 410 806 arte
438 756 610 823 aequaretur.
663 748 711 804 Ex
738 747 873 804 omnibus
900 747 1062 822 legionibus
1091 747 1175 805 electi

107 864 174 911 sunt
194 854 313 911 iuvenes
337 855 464 911 maxime
485 853 586 929 vigore
605 871 639 911 ac
662 853 781 910 levitate
798 869 958 925 corporum
980 852 1110 922 veloces3
1132 852 1174 910 eis

107 976 217 1033 permse
237 959 386 1019 breviores
408 977 495 1033 quam
523 966 671 1033 equestres
701 967 731 1014 et
751 964 872 1030 septena
898 955 995 1012 iacula
1016 964 1174 1030 quetemoe

107 1063 196 1136 longa
217 1063 307 1138 pedes
331 1064 410 1134 data,
431 1065 552 1139 praefixa
574 1061 663 1131 ferro,
686 1062 772 1136 quale
787 1061 879 1119 hastis
904 1060 1072 1119 velitaribus
1089 1061 1173 1118 inest.
1225 1123 1227 1128 1

107 1168 168 1224 Eos
189 1167 318 1243 singulos
348 1167 376 1224 in
405 1186 497 1242 equos
518 1185 587 1225 suos
614 1167 787 1242 accipientes
817 1165 928 1239 equites
958 1164 1205 1223 assuefeceruntb

83 1279 137 1357 ’,οἱ
164 1272 232 1328 vehi
261 1281 329 1347 post
357 1290 421 1329 sese
448 1281 477 1329 et
504 1272 618 1330 desilire
646 1271 814 1347 perniciter,
855 1270 903 1327 ubi
931 1271 1030 1327 datum
1058 1271 1172 1345 signum

107 1384 192 1432 esset.
243 1377 405 1451 Postquam
433 1378 617 1435 assuetudine
647 1376 818 1451 quotidiana
840 1375 911 1431 satis
940 1374 1082 1448 intrepide
1111 1375 1205 1432 fierit}

106 1480 201 1537 visum
217 1489 269 1551 est,
291 1481 321 1537 in
343 1500 487 1558 campum,
510 1482 559 1557 qui
580 1481 691 1538 medius
713 1481 788 1538 inter
801 1487 900 1536 castra
913 1497 1086 1553 murumque
1101 1488 1173 1551 erae

107 1585 253 1641 adversus
271 1585 427 1642 instructos
452 1585 668 1660 Campanorum
691 1585 803 1659 equites
824 1591 1036 1658 processerunt,
1059 1592 1096 1652 et,
1123 1585 1203 1641 ubi7
1304 1591 1306 1594 ’

108 1689 146 1745 ad
175 1689 336 1770 cqniectum
369 1688 418 1745 teli
450 1698 567 1746 ventum
597 1699 650 1760 est,
686 1689 770 1764 signo
800 1688 870 1744 doto
898 1687 999 1743 velites
1029 1687 1199 1756 desiliunt.⁸

107 1793 255 1850 Pedestris
281 1793 348 1850 inde
378 1794 455 1851 acies
481 1813 518 1851 ex
547 1795 675 1869 equitatu
702 1801 820 1867 repente
844 1791 875 1849 in
904 1792 1029 1857 hostiurn
1062 1793 1173 1866 equites

105 1898 234 1968 incurrit,
256 1897 410 1972 iaculaque
431 1917 496 1956 cum
518 1899 626 1974 impetu
650 1899 708 1956 alia
729 1895 891 1971 superalia
906 1895 1047 1965 emittunt
1069 1896 1204 1971 quibus‘8
1277 1968 1280 1973 ⁴

106 2003 236 2078 plurimis
258 2003 288 2058 in
311 2019 402 2075 equos
422 2001 560 2076 virosque
586 2003 699 2078 'passim
728 2001 864 2059 coniectis
886 2001 1046 2079 permultos
1072 2002 1173 2058 vulne·

107 2115 260 2177 raserunt3
295 2106 414 2181 pavoris
443 2116 539 2163 tamen
568 2107 634 2182 plus
666 2126 703 2164 ex
733 2124 765 2163 re
797 2123 877 2162 nova
906 2114 994 2179 atque
1022 2105 1173 2182 inopinata
1253 2149 1255 2158 .

105 2209 244 2267 iniectum
266 2207 323 2280 est,
354 2220 383 2268 et
410 2212 439 2268 in
468 2213 631 2286 perculsum
657 2213 770 2269 hostem
799 2210 910 2285 equites
938 2211 1045 2267 invecti
1072 2210 1173 2286 fugem
1218 2221 1235 2232 '⁴
1297 2222 1299 2227 '

107 2322 294 2390 stragemque
315 2336 414 2374 eorum
437 2335 529 2391 usque
558 2316 596 2372 ad
622 2323 723 2390 portas
751 2314 891 2372 fecerunt.
941 2314 1015 2372 Inde
1043 2318 1204 2389 equitatui

108 2438 225 2493 quoque
245 2421 377 2495 superior
398 2423 533 2479 Romans
553 2437 600 2476 res
626 2418 691 2476 fuit.
747 2419 929 2489 Institutum‚
957 2430 991 2476 ut
1015 2420 1116 2478 velites
1143 2423 1173 2478 in
1191 2424 1225 2478 10

106 2524 269 2598 legionibus
298 2535 402 2584 essent.
458 2527 616 2602 Auctorem
643 2524 772 2599 peditum
803 2523 892 2596 equiti
919 2523 1171 2584 immiscendorum

108 2630 304 2686 centurionem
327 2629 364 2702 Q.
391 2630 519 2687 Navium
542 2628 639 2685 ferunt
659 2628 821 2702 honorique
848 2627 877 2684 id
899 2628 925 2684 si
948 2630 1026 2703 apud
1048 2630 1173 2705 impers-

107 2742 200 2790 torem
221 2733 320 2790 fuisse.

191 2837 288 2910 Quum
315 2837 344 2893 in
371 2837 427 2894 hoc
448 2845 525 2894 statu
548 2837 585 2893 ad
613 2835 746 2911 Capuam
768 2853 815 2892 res
837 2818 957 2906 essent,>¹
977 2838 1173 2896 Hannibalem
1247 2839 1270 2905 5

107 2943 253 2999 diversum
277 2941 443 2998 Tarentinae
465 2941 540 2998 arcis
562 2942 708 3016 potiunda
723 2939 890 3014 Capuaque
904 2940 1060 2998 retinendae
1076 2944 1174 3000 trahe·

107 3048 178 3103 bant
199 3063 284 3102 curae.
329 3044 408 3101 Vicit
429 3053 526 3102 tamen
555 3056 703 3120 respectus
723 3043 843 3119 Capuae,
872 3045 901 3102 in
932 3064 1019 3119 quam
1046 3046 1205 3104 omnium2

107 3149 252 3205 sociorum
280 3148 465 3223 hostiumque
498 3168 653 3207 conversos
686 3150 804 3206 videbat
835 3149 964 3220 animos,
998 3150 1173 3208 documento

107 3237 221 3323 lutura,
243 3253 474 3327 qualemcunque
495 3263 628 3311 eventum
651 3253 775 3310 delectio
799 3255 836 3310 ab
858 3253 999 3311 Romanis
1014 3255 1172 3314 habuisset.

107 3357 202 3431 Igitur
232 3375 340 3431 magna
368 3365 451 3432 parte
486 3356 759 3432 impedimentorum
793 3358 895 3415 relicta
928 3359 957 3414 in
992 3359 1113 3416 Bruttiis
1145 3360 1204 3418 et3
1254 3427 1256 3431 s

109 3463 187 3518 omni
208 3461 344 3536 graviore
367 3468 490 3531 armatu,
512 3480 576 3518 cum
600 3461 717 3519 delectis
738 3461 867 3537 peditum
884 3463 1070 3536 equitumque
1085 3481 1173 3536 quam

108 3574 224 3640 peterat
245 3565 411 3640 aptissimus
441 3565 479 3622 ad
505 3566 710 3623 maturandum
739 3566 795 3623 iter
820 3565 851 3622 in
880 3563 1072 3640 Campaniam
1104 3585 1174 3624 cou-

108 3670 214 3739 tendit3
244 3669 335 3727 secuti
358 3678 457 3726 tamen
483 3677 543 3726 tam
570 3671 676 3745 raptim
703 3679 819 3728 euntem
846 3678 905 3726 tres
927 3679 956 3753 et
976 3671 1095 3744 triginta
1116 3672 1173 3728 ele·

94 3758 221 3847 'phanti
281 3773 317 3829 In
348 3774 423 3830 velle
452 3775 565 3831 occulta
590 3783 658 3849 post
682 3774 794 3844 Tifata,
822 3783 949 3831 montem
978 3775 1205 3834 imminentemt

108 3863 227 3952 Capuae,
242 3877 380 3934 consedit.
416 3877 584 3935 Adveniens
600 3897 688 3952 quum
704 3878 853 3936 castellnm
865 3877 1024 3950 Galatiam,
1039 3880 1174 3955 pracsidio
