2812 4556
399 249 476 297 Liber
494 247 569 296 XXI.
607 247 655 310 (A.
670 245 719 296 ch.
732 247 805 310 ets.)
1057 254 1091 308 l'l

50 426 281 504 impudensque
301 431 461 505 postulatio
483 429 547 486 visu
569 441 621 501 est,
645 447 771 498 censere,
793 447 830 486 ne
851 429 880 486 iu
902 430 1018 488 ltaliam
1041 441 1134 490 trans·
1209 433 1212 440 ‘

51 533 170 589 mittant
196 533 288 592 Galli
309 535 433 604 bellum,
463 534 543 610 ipsos
574 535 604 592 id
627 543 758 592 avertere
788 534 817 591 in
847 553 879 591 se
900 551 1046 609 agrosque
1066 554 1134 594 suos

49 656 102 711 pro
126 637 246 695 alienis
271 639 455 714 populandos
483 639 616 700 obiicere.
665 639 774 698 Sedato
804 639 920 696 tandem
943 636 1068 709 fremitu,
1089 651 1165 704 re-5

49 759 198 814 sponsum
231 745 341 819 legatis
371 754 430 814 est,
460 762 554 817 neque
583 745 782 802 Romanorum
805 743 848 804 in.
864 760 896 800 se
917 742 1050 800 meritum
1073 763 1135 810 esse

49 865 146 921 neque
170 846 467 922 Carthaginiensium
501 848 649 918 iniuriam,
682 849 720 906 ob
749 865 813 922 quse
837 856 888 904 aut
918 866 973 922 pro
994 849 1135 906 Romanis

49 962 99 1007 aut
133 953 290 1010 adversus
322 955 431 1010 Poenos
458 961 575 1010 sument
604 971 701 1022 erma;
734 961 837 1008 contra
867 971 903 1009 ea
934 952 1036 1009 audire
1062 959 1165 1024 sese,6

50 1057 148 1130 gentis
186 1076 255 1114 suae
288 1056 420 1114 homines
453 1074 524 1132 agro
558 1057 721 1131 finibusque
749 1057 843 1114 Italiae
871 1057 940 1131 pelli
972 1076 990 1114 a
1025 1059 1133 1133 populo

49 1162 195 1218 Romano
223 1161 459 1237 stipendiumque
487 1161 613 1236 pendere
643 1169 671 1216 et
700 1170 797 1218 cetere
817 1159 936 1235 indigne
957 1162 1027 1238 pati.
1073 1163 1163 1228 lle-7

52 1265 117 1321 dem
150 1265 256 1323 ferme
286 1266 316 1322 in
345 1266 447 1322 ceteris
478 1265 584 1324 Gallim
615 1265 743 1323 conciliis
768 1265 846 1322 dicte
873 1265 1048 1339 auditaque,
1080 1286 1133 1326 neo

50 1369 208 1444 hospitale
220 1372 379 1445 quicquam
394 1380 568 1445 pacatumve
591 1369 661 1426 satis
683 1369 764 1445 prius
787 1369 927 1440 auditum,
949 1387 1037 1443 quem
1053 1372 1133 1428 Mas·

54 1474 150 1530 cilium
179 1495 301 1534 venere.
354 1475 400 1532 lbi
422 1475 520 1532 omnis
551 1475 589 1532 ab
616 1475 704 1532 sociis
730 1473 868 1547 inquisite
901 1491 965 1530 cum
997 1491 1069 1532 cure
1099 1485 1163 1540 aee

53 1579 111 1635 fide
135 1581 278 1655 cognite:
309 1589 529 1655 praeoccupatos
550 1579 608 1636 ium
627 1589 701 1636 ente
730 1579 767 1635 ab
790 1578 956 1636 Hannibale
979 1578 1132 1638 Gallorum

57 1685 175 1741 animos
201 1703 280 1754 esse3
303 1686 355 1742 sed
377 1705 413 1741 ne
437 1685 478 1742 illi
501 1684 616 1758 quidem
639 1683 695 1758 ipsi
717 1682 789 1760 satis
811 1681 908 1738 mitem
932 1693 1047 1758 gentem
1068 1684 1133 1742 fore

57 1788 145 1858 (adeo
170 1789 287 1846 ferocia
319 1798 408 1862 etque
429 1788 571 1846 indomita
598 1787 715 1862 ingenia
735 1784 827 1862 esse),
856 1787 885 1842 ni
907 1788 1029 1846 subinde
1050 1807 1132 1859 euro,

59 1891 140 1948 cuius
165 1894 340 1951 avidissima
363 1911 434 1968 gens
460 1902 519 1963 est,
542 1892 705 1966 principum
729 1891 818 1948 aninti
840 1891 1038 1952 concilientur.
1084 1893 1161 1950 nae

59 2000 231 2072 peragratis
252 1973 405 2072 Hispaniae
426 2007 455 2056 et
476 1995 581 2055 Gallie
602 1995 728 2071 populis,
751 1994 840 2070 legati
854 1997 981 2053 Romam
1003 1997 1132 2066 redeunt,

61 2100 140 2158 band
164 2104 209 2160 ita
242 2102 334 2159 multo
370 2111 451 2176 post,
486 2120 572 2175 quam
596 2101 728 2158 consules
750 2100 778 2156 iu
811 2099 978 2174 provincias
1009 2099 1132 2174 profecti

64 2216 154 2263 eruut.
217 2206 373 2264 Civitatem
406 2183 521 2263 onmem
556 2206 773 2281 exspectatione
802 2205 870 2262 belli
896 2213 1022 2262 erectam
1051 2204 1131 2262 iuve-

63 2321 183 2382 nerunt,
216 2312 288 2368 setis
323 2319 474 2368 constante
505 2309 596 2379 fama,
628 2311 686 2368 iem
719 2310 861 2367 Hiberum
894 2311 1003 2368 Poenos
1036 2319 1130 2366 traus-

64 2413 186 2472 misisse.

145 2519 299 2578 Hannibal
322 2519 454 2594 Sagunto
477 2529 563 2595 capto
586 2518 793 2594 Carthaginem
816 2521 934 2580 Novam
959 2519 988 2576 in
1010 2520 1131 2577 hiberna
1184 2521 1224 2590 21

68 2633 266 2694 concesserat,
305 2602 404 2699 ibique
440 2625 561 2695 auditis,
600 2639 664 2698 quae
701 2626 804 2682 Romae
847 2641 968 2698 quaeque
1006 2623 1130 2682 Carthe-

68 2724 132 2798 gine
167 2738 235 2786 acte
266 2729 441 2803 decretaque
472 2727 583 2798 forent,
615 2745 705 2802 seque
732 2749 791 2787 nou
813 2730 915 2786 ducem
948 2729 1053 2799 solum,
1079 2731 1130 2788 sed

11 2813 12 2817 ¹
70 2830 153 2888 etiam
178 2850 297 2890 censum
320 2851 382 2891 esse
404 2833 480 2904 belli,
504 2832 619 2907 partitis
642 2834 854 2908 divenditisque
875 2832 1004 2907 reliquiis
1025 2836 1159 2909 praedoe2

12 2817 136 3065 Nihil
160 2939 237 2995 ultra
257 2936 450 2996 differendum
464 2948 555 3010 ratus,
576 2939 703 3014 Hispani
724 2939 838 3015 generis
852 2938 957 2996 milites
978 2947 1129 2994 convocat.

73 3039 182 3107 „Credo
203 3061 260 3118 ego
280 3047 354 3100 vos“
377 3044 479 3118 inquit,
502 3043 602 3113 „socii,
623 3053 653 3100 et
672 3044 753 3119 ipsos
779 3059 912 3112 cernere,
933 3043 1045 3117 pecatis
1068 3050 1160 3106 om-3

71 3144 149 3204 uibus
170 3147 323 3222 Hispaniae
343 3148 473 3222 populis,
501 3157 551 3204 aut
578 3149 735 3206 finiendam
756 3148 840 3205 uobis
862 3145 994 3204 militiam
1018 3145 1129 3204 exerci-

73 3255 170 3325 tusque
195 3251 382 3310 dimittendos
415 3269 479 3306 esse
519 3263 569 3310 sut
602 3255 632 3311 iu
667 3253 741 3312 alies
770 3263 864 3311 terras
894 3249 1130 3310 transferendum
1210 3291 1215 3299 ·

74 3350 187 3426 bellum3
215 3357 258 3413 itu
280 3356 356 3413 enim
377 3356 423 3411 he
445 3365 546 3429 gentes
569 3376 628 3414 non
651 3359 732 3433 pacis
754 3359 864 3426 solum,
885 3357 937 3414 sed
959 3355 1046 3412 etiam
1069 3356 1160 3417 vio-4

74 3459 147 3516 toria
170 3461 254 3518 bonis
274 3460 432 3528 florebunt,
454 3459 478 3516 si
501 3479 538 3517 ex
562 3462 626 3520 aliis
647 3464 781 3538 gentibus
802 3463 931 3538 praedam
953 3469 982 3517 et
1004 3459 1151 3535 glorium·-

77 3577 237 3633 quoeremus.
280 3565 385 3636 Itaque
400 3581 488 3637 quum
503 3565 664 3642 longinqua
679 3588 697 3627 a
711 3569 799 3626 domo
813 3568 900 3624 instet
921 3565 1024 3623 militia
1036 3565 1159 3625 incer-5

76 3674 184 3744 tumque
213 3671 265 3742 sit,
294 3670 412 3743 quando
435 3671 538 3731 domos
560 3683 683 3746 vestras,
709 3683 739 3732 et
764 3691 829 3747 que
855 3672 959 3746 cuique
989 3671 1030 3726 ibi
1060 3687 1130 3726 cara
1228 3745 1234 3754 ι

78 3785 142 3845 ⁸tut,
162 3776 254 3832 visuri
274 3774 346 3844 sitis,
366 3775 391 3832 si
414 3774 479 3849 quis
501 3789 629 3838 vestrum
652 3796 721 3835 suos
740 3777 866 3834 invisere
886 3776 963 3846 vult,
984 3791 1129 3831 commea·

78 3885 128 3934 tum
150 3879 194 3938 do.
244 3879 346 3938 Primo
372 3898 441 3937 vere
462 3861 545 3942 edico
574 3883 692 3956 adsitis,
726 3893 757 3940 ut
787 3881 841 3937 diis
869 3881 943 3936 bene
963 3878 1160 3936 iuvantibusb

21 3979 24 3986 '
79 3979 171 4042 bellum
193 3985 318 4060 ingentis
339 3985 438 4060 gloriae
467 3987 631 4065 proedaeque
651 3987 785 4072 *futurum
808 3984 1008 4059 incipiamus,“
1057 3979 1159 4041 Om·7

100 4095 158 4136 livius
167 4109 190 4136 cx
202 4109 242 4136 rec.
252 4093 350 4146 uutvtgn.
377 4097 410 4136 ΙΙΙ.
963 4089 979 4133 2
