2680 4546
280 184 319 240 24
544 177 622 228 Liber
639 175 741 228 xxvl.
779 179 828 241 (Δ.
840 194 867 230 ιι.
880 194 901 228 c.
915 184 989 236 543.)

234 366 359 433 honore,
391 371 423 419 ut
450 360 537 420 facile
566 370 734 436 appareret,
767 361 838 420 nihil
870 363 964 420 minus
998 362 1120 432 vereri,
1157 379 1243 434 quarn
1275 390 1277 407 ι
1321 383 1332 420 ἰ

205 469 301 546 lquis
323 470 452 526 obstaret
472 466 572 541 gloria
593 483 662 524 sure.
721 465 867 528 Successit
889 469 956 525 inde
977 469 1099 528 Neroni
1124 465 1285 534 Silanus,
1331 493 1332 526 l

235 575 264 632 in
283 573 404 630 hiberna
420 572 524 629 milites
539 571 608 628 uovi
621 571 745 628 deducti.
790 571 899 648 Scipio,
921 575 1070 645 omnibus,
1095 591 1168 647 qnae
1183 571 1291 628 ademc
1322 629 1326 632 .

235 680 406 756 agendaque
428 685 519 744 erant,
541 685 655 734 mature
680 677 765 734 aditis
789 677 981 754 peractisque,
1010 680 1227 736 Tarraconem
1245 695 1282 734 co
1331 706 1332 741 ι

206 785 329 843 tcessit.
378 782 479 840 Nihilo
509 782 603 839 minor
622 780 705 844 fama
733 783 812 858 apud
840 785 938 841 hostes
961 783 1116 859 Scipionis
1140 790 1209 840 erat
1228 800 1286 856 qna

235 891 313 966 apud
335 889 412 946 cives
434 887 604 960 sociosque,
634 893 662 942 at
686 888 826 946 divinatio
850 891 982 964 quaedam
1004 889 1110 959 futuri,
1138 907 1202 963 quo
1223 888 1295 944 ιιιίιιἼ
1331 918 1332 952 ι

234 996 310 1053 ratio
333 993 444 1051 timoris
465 991 549 1048 reddi
577 1001 693 1068 poterat
721 993 816 1050 oborti
847 1003 969 1064 temere,
1003 995 1156 1052 maiorem
1192 991 1248 1050 infe
1265 1020 1291 1043 a
1331 1039 1332 1061 ,

206 1101 353 1158 timetum.
403 1099 439 1155 In
459 1099 581 1154 hiberna
604 1097 711 1155 diversi
734 1109 945 1170 concesserant,
967 1100 1152 1158 Hasdrubal
1176 1097 1295 1172 Gisgon'
1329 1130 1332 1164 ι

235 1203 387 1280 usquead
409 1202 559 1260 Oceanum
581 1211 609 1259 et
634 1201 751 1274 Gades,
778 1204 869 1279 Mago
890 1207 920 1264 in
941 1207 1167 1264 mediterranea
1190 1224 1229 1262 m:
1245 1230 1295 1255 sn»
1331 1239 1332 1270 ι

235 1330 324 1386 snpra
358 1307 597 1366 Castulonensem
636 1309 758 1378 saltum;
805 1310 975 1368 Hasdrubal
1010 1311 1203 1370 Hamilcaris
1238 1309 1294 1366 uh».
1331 1341 1332 1374 ι

234 1415 384 1491 proximus
405 1413 518 1470 Hibero
540 1413 618 1472 cirea
640 1414 802 1489 Saguntum
825 1414 998 1475 hibernavit.

207 1517 222 1568 7
317 1518 444 1577 AEstatis
467 1519 528 1575 eius
553 1528 693 1589 extremo,
717 1537 776 1592 qua
798 1527 885 1596 capta
905 1529 949 1577 est
971 1519 1077 1596 Capua
1101 1531 1133 1578 et
1158 1521 1258 1596 Scipio
1276 1519 1301 1567 1⁸,

234 1625 408 1701 Hispaniam
431 1624 519 1695 venit,
541 1618 654 1682 Punica
676 1625 777 1682 classis
799 1645 836 1683 ex
852 1626 950 1685 Sicilia
964 1627 1128 1683 Tarentum
1154 1626 1250 1683 accita
1266 1623 1299 1680 cd
1329 1657 1332 1692 ι

235 1729 376 1788 arcendos
398 1738 576 1787 commeatus
598 1730 724 1805 prasidii
745 1729 880 1801 Romani,
903 1731 981 1804 quod
1002 1731 1033 1786 in
1055 1749 1125 1788 arce
1144 1729 1295 1789 Tarentina
1329 1764 1332 1799 3,

191 1835 222 1890 ·8
235 1846 314 1907 erat,
348 1836 493 1892 clauserat
520 1835 636 1910 quidem
661 1851 761 1891 omnes
784 1835 822 1890 ad
844 1853 941 1892 arcem
963 1854 982 1892 a
1004 1836 1079 1892 mari
1107 1837 1226 1906 aditus,
1255 1831 1294 1889 scd

235 1941 388 1999 assidendo
422 1940 528 1998 diutius
560 1940 697 1997 artiorem
725 1958 870 1997 annonam
894 1942 981 1998 sociis
1003 1961 1093 2016 quam
1115 1941 1199 1999 hosti
1220 1939 1294 1996 facie·
1331 1975 1332 2010 ,

205 2045 299 2116 9bat3
332 2065 391 2102 non
421 2047 496 2102 enim
529 2055 640 2103 tantum
672 2046 794 2102 subvehi
828 2047 981 2122 oppidanis
1009 2066 1061 2122 per
1087 2055 1200 2120 pacata
1220 2044 1292 2100 litore
1331 2081 1332 2115 ,

236 2127 409 2227 apertosque
431 2158 532 2224 portus
554 2151 688 2225 praesidio
710 2152 828 2208 navium
851 2153 1028 2210 Punicarum
1050 2160 1179 2228 poterat,
1210 2167 1290 2224 qnan-
1327 2189 1332 2224 3,

235 2265 296 2312 tum
318 2253 454 2310 frumenti
476 2256 576 2313 classis
598 2256 663 2331 ipsa
684 2259 770 2314 turba
793 2257 891 2313 navali
912 2258 1005 2314 mixta
1028 2277 1066 2314 ex
1090 2257 1171 2314 omni
1198 2271 1288 2330 genere
1331 2293 1332 2326 ,

186 2361 222 2414 10
235 2360 383 2417 hominurn
412 2361 598 2432 absumebat,
629 2371 660 2417 ut
689 2363 763 2420 arcis
791 2363 955 2437 praesidium
984 2364 1071 2420 etiam
1094 2363 1156 2420 sins
1176 2362 1287 2424 invecto,
1331 2411 1332 2431 ἶ

236 2465 305 2539 quia
326 2465 412 2538 pauci
434 2472 525 2534 erant,
550 2485 587 2522 ex
609 2475 676 2524 ante
697 2476 862 2542 praeparato
883 2469 1040 2525 sustentari
1054 2477 1164 2542 posset,
1189 2467 1288 2523 Taren·

186 2572 220 2626 11
235 2571 302 2628 tinis
325 2570 467 2644 classique
490 2589 526 2626 ne
545 2572 689 2628 invectum
714 2573 828 2646 quidem
845 2571 998 2631 sufficeret.
1042 2573 1176 2630 Tandem
1190 2568 1286 2626 maiore
1331 2589 1332 2644 q

235 2675 339 2752 gratia,
362 2694 449 2749 quarn
472 2687 601 2743 venerat,
623 2678 723 2734 classis
739 2678 859 2735 dimissa
874 2687 930 2747 est3
953 2697 1071 2734 annona
1084 2678 1164 2734 haud
1180 2674 1285 2732 multum
1331 2693 1332 2746 ι

236 2783 403 2853 laxaverat,
434 2782 503 2856 quia
524 2790 636 2838 remoto
658 2782 959 2858 maritimoprsesidio
981 2783 1105 2840 subvehi
1127 2782 1284 2839 frumentun
1330 2848 1331 2855 ἵ

235 2907 293 2944 non
314 2897 438 2964 poterat.

140 2984 181 3053 21
319 2993 457 3052 Eiusdem
487 2991 595 3048 aeststis
624 2990 703 3047 exitu
725 2991 766 3051 M.
789 2991 945 3048 Marcellus
968 3010 1005 3048 ex
1028 2991 1129 3048 Sicilia
1154 2985 1283 3065 provincia

237 3117 325 3173 quum
349 3098 386 3153 ad
415 3098 516 3153 urbem
543 3097 683 3164 venisset,
712 3113 731 3150 a
753 3093 787 3158 0¹.
810 3094 968 3169 Calpurnio
990 3105 1116 3171 praetore
1139 3102 1246 3153 senatus
1263 3087 1283 3142 ci

205 3203 273 3259 2ad
296 3203 385 3258 eedem
407 3201 537 3258 Bellonae
559 3202 644 3258 datus
667 3209 719 3257 est.
767 3201 814 3257 Ibi
839 3219 928 3275 quum
952 3203 989 3257 de
1009 3202 1099 3258 rebus
1114 3202 1152 3256 ab
1168 3195 1281 3272 segestic

235 3306 431 3374 disseruisset,
465 3315 583 3379 questus
615 3306 718 3362 leniter
750 3325 808 3362 non
838 3324 921 3363 suam
953 3307 1046 3380 magis
1070 3325 1157 3380 quam
1180 3303 1279 3360 rnilitum
1330 3360 1331 3369 ,

234 3413 343 3484 vicem,
384 3413 471 3486 quod,
504 3411 656 3484 provincia
683 3410 824 3480 confecta,
859 3413 1017 3468 exercitum
1044 3413 1205 3486 ‘deportare
1234 3422 1279 3462 non

234 3517 373 3586 licuisset,
404 3516 579 3591 postulavit,
612 3524 643 3572 ut
670 3515 859 3591 triumphanti
882 3516 984 3572 urbem
1005 3516 1078 3573 inire
1100 3515 1204 3574 liceret
1252 3507 1278 3564 Ῑἀ
1330 3546 1331 3549 “

205 3619 293 3678 3ιιοιι
315 3621 489 3694 impetravit.
534 3621 630 3694 Quum
655 3619 750 3675 multis
765 3619 862 3676 verbis
879 3628 975 3677 actum
991 3630 1076 3690 esset,
1099 3627 1192 3677 utrum
1204 3616 1277 3672 minus

236 3726 418 3795 conveniret,
447 3724 527 3782 cuius
551 3725 667 3782 nomine
689 3724 821 3798 absentis
840 3725 878 3780 ob
899 3741 946 3780 res
968 3742 1109 3800 prospere
1132 3726 1213 3781 ductu
1230 3719 1276 3776 eins
1329 3734 1331 3839 q

235 3839 333 3906 gestas
355 3829 528 3904 supplicatio
558 3831 674 3888 decreta
706 3827 784 3885 foret
813 3838 841 3885 et
869 3827 913 3884 dis
945 3828 1157 3887 immortalibus
1184 3824 1275 3884 habitus

206 3935 338 4004 thonos,
360 3935 385 3990 ei
407 3935 541 4008 prasenti
563 3952 671 4008 negare
693 3934 880 4008 triumphum,
905 3951 952 4003 an,
977 3951 1063 4008 quem
1088 3934 1199 3992 tradere
1212 3945 1273 3987 exer·
1329 3912 1331 4035 4
