2748 4556
368 281 447 330 Liber
464 279 550 331 XXX.
589 277 780 343 (11011111.)
1005 281 1064 336 283

6 466 170 523 hostium
202 465 357 522 adventum
386 459 620 538 opperiebantdr.
684 463 955 538 Carthaginienses,
990 461 1053 536 qui,
1085 463 1110 518 si

8 581 250 641 maturassent,
274 571 370 638 omnia
392 567 536 644 permixte
558 569 643 624 turba
665 568 870 644 trepidantium
892 565 985 642 primo
1000 567 1109 641 impetu

7 676 273 751 oppressissent,
309 673 433 750 persulsi
469 675 653 732 terrestribus
686 673 816 730 cladibus
847 682 935 745 atque
971 672 1037 728 inde
1073 677 1138 731 nell

7 781 112 837 mari
140 781 269 854 quidem,
298 781 349 838 ubi
370 779 426 855 ipsi
448 779 513 854 plus
537 789 685 854 poterant,
709 779 780 837 satis
800 779 930 844 fidentes,
960 777 1007 834 die
1028 779 1109 852 segni

10 883 233 959 navigatione
256 887 418 959 absumpto,
444 884 497 940 sub
521 900 656 941 occasum
686 886 756 942 solis
786 885 815 958 in
842 892 957 958 portum
981 883 1110 952 (Rusuc-

13 1007 131 1046 mona
156 988 223 1046 Afri
246 991 363 1062 vocant)
388 989 509 1046 classem
533 991 679 1064 appulere.
724 993 849 1048 Postero
872 989 918 1046 die
940 990 994 1046 sub
1016 985 1109 1045 ortum
1127 996 1161 1046 to

15 1095 109 1152 solis
134 1095 299 1179 instruxere
321 1097 358 1152 ab
381 1087 440 1150 alto
461 1110 552 1153 naves
573 1097 653 1152 velut
674 1098 711 1154 ad
733 1097 838 1154 iustum
855 1096 987 1171 proelinm
1007 1099 1111 1156 navale

17 1211 53 1256 et
81 1211 234 1274 tanquam
257 1200 378 1257 eximris
407 1209 508 1279 contra
543 1201 692 1258 Romanis.
750 1202 846 1274 (duum
878 1204 927 1260 diu
958 1204 1110 1274 stetissent,
1128 1205 1159 1258 11

21 1317 202 1380 postquam
234 1305 307 1361 nihil
341 1305 451 1362 moveri
488 1305 525 1360 ab
558 1304 689 1362 hostibus
722 1307 873 1377 viderunt,
904 1319 965 1365 tum
996 1308 1110 1364 demum

23 1411 197 1469 onerarias
227 1401 442 1484 aggrediuntur.
501 1407 558 1465 Ita
591 1420 653 1466 erat
687 1413 804 1469 minime
835 1415 983 1471 certamini
1014 1413 1111 1470 navali
1129 1412 1162 1467 12

26 1517 158 1586 similis,
180 1515 313 1590 proxime
335 1515 459 1589 speciem
484 1533 582 1570 muros
605 1518 833 1590 oppugnantium
859 1519 988 1577 navium.
1036 1519 1112 1576 Alti-

27 1623 145 1678 tndine
176 1621 356 1694 aliquantum
392 1621 531 1676 onerariae
565 1621 756 1694 superabant3
792 1641 828 1678 ex
860 1623 993 1680 rostratis
1028 1623 1111 1680 Poeni
1129 1625 1163 1680 13

32 1747 124 1784 vana
147 1726 296 1802 pleraque,
318 1733 418 1800 utpote
441 1726 544 1800 supino
569 1726 661 1794 iactu,
684 1724 742 1781 tela
765 1726 794 1782 in
817 1727 911 1786 locum
935 1728 1112 1803 superiorem

30 1834 213 1899 mittebant;
247 1831 366 1906 gravior
394 1847 429 1886 ao
453 1829 581 1904 pondere
597 1829 662 1903 ipso
684 1829 817 1888 libratior
838 1850 961 1907 superne
983 1851 1020 1890 ex
1042 1841 1112 1890 one-

34 1937 131 1994 rariis
154 1936 227 1993 ictus
251 1944 322 1993 erat.
371 1933 578 2008 speculatoria
602 1951 692 1990 naves
718 1933 767 2012 [ac
791 1936 868 1994 levia
888 1939 953 2013 ipsa
968 1936 1112 2014 navigia],
1130 1942 1163 1995 rt
1258 1963 1259 1968 ¹

37 2061 110 2118 quas
133 2042 187 2100 sub
209 2041 362 2098 constratis
385 2040 514 2115 pontium
536 2059 589 2114 per
618 2041 771 2098 intervalla
793 2046 994 2113 excurrebant,
1017 2045 1111 2120 primo

37 2150 115 2224 ipsae
148 2157 258 2204 tantum
290 2145 399 2220 impetu
436 2154 464 2200 et
497 2147 693 2221 magnitudine
728 2157 918 2206 rostratarum
951 2152 1113 2208 obrueban-

39 2267 105 2323 tnr3
141 2245 244 2309 deinde
273 2248 332 2328 [et]
357 2251 622 2324 propugnatoribus
654 2271 769 2327 quoque
796 2248 992 2312 'incommodae
1021 2265 1111 2324 erant,
1128 2257 1163 2310 15

41 2360 125 2435 quod
148 2357 297 2433 permixta
319 2373 384 2412 oum
406 2355 533 2412 hostium
556 2357 680 2414 navibus
702 2358 832 2415 inhibere
855 2377 931 2435 saepe
953 2361 1011 2418 tela
1026 2379 1112 2436 coge·
1173 2337 1180 2344 ”

40 2465 125 2532 bant,
148 2473 235 2530 metu,
257 2481 293 2518 ne
316 2459 452 2535 ambiguo
474 2459 532 2518 ictu
551 2462 609 2518 suis
624 2462 791 2523 inciderent.
829 2465 984 2523 Postremo
1000 2485 1111 2524 asseres
1127 2466 1163 2521 16

42 2570 141 2627 ferreo
169 2584 243 2625 unco
271 2565 381 2641 praeflxi
407 2563 606 2642 (harpagones
628 2565 750 2643 vocant)
778 2587 814 2625 ex
843 2571 961 2629 Punicis
987 2573 1111 2630 navibus

44 2676 124 2732 iniioi
150 2673 180 2729 in
208 2673 357 2730 Romanas
380 2671 475 2745 coepti.
539 2671 620 2744 Quos
656 2689 743 2746 quum
779 2693 872 2747 neque
905 2675 984 2752 ipsos
1019 2695 1113 2751 neque
1129 2677 1162 2730 17

46 2790 181 2848 catenas,
215 2775 318 2851 quibus
353 2774 485 2850 suspensi
513 2773 731 2845 inliciebantur,
765 2777 890 2835 incidere
911 2791 1047 2853 possent,
1082 2791 1114 2838 ut

49 2901 171 2959 quaeque
207 2888 284 2936 retro
317 2879 441 2936 inhibita
462 2889 607 2937 rostrata
648 2883 811 2939 onerariam
850 2884 1006 2940 haerentem
1038 2903 1113 2942 unco

49 2989 186 3054 traheret,
209 2984 300 3041 scindi
320 2985 434 3041 videres
456 2985 590 3055 vincula,
621 2988 724 3062 quibus
747 2987 805 3044 alia
828 2987 891 3057 aliis
914 2988 1165 3060 innexaerat,18

51 3092 152 3149 seriem
186 3091 271 3147 etiarn
311 3089 394 3146 simul
426 3087 551 3164 plurium
589 3093 708 3149 navium
741 3092 825 3150 trahi.
881 3093 948 3150 Hoc
988 3095 1113 3152 maxime
1129 3096 1164 3150 19

52 3198 137 3256 modo
170 3195 435 3258 laceratitandom
465 3214 564 3253 omnes
586 3207 698 3272 pontes,
733 3206 761 3254 et
792 3199 843 3254 vix
874 3199 1053 3257 transiliendi
1084 3201 1113 3257 in

53 3302 206 3360 sectandum
240 3300 368 3357 ordinem
399 3297 516 3358 naviam
552 3304 676 3377 spatium
715 3303 981 3378 propugnatoribus
1014 3305 1113 3360 datum

55 3419 105 3468 ert.
159 3407 218 3466 Sex
250 3406 342 3463 ferme
374 3405 513 3462 oneraria
547 3408 692 3482 puppibus
725 3410 879 3466 abstraotae
907 3407 1113 3484 Carthaginem
1128 3411 1166 3464 20

56 3523 126 3572 sunt
176 3513 272 3569 Maior
294 3527 381 3583 quam
403 3528 457 3584 pro
478 3529 510 3567 re
531 3511 640 3581 latitia,
666 3515 774 3571 sedeo
797 3514 916 3589 gratior,
942 3513 1020 3587 quod
1041 3514 1116 3570 inter

59 3619 184 3677 assiduas
206 3615 303 3674 clades
333 3634 367 3673 uc
390 3608 526 3674 lacrimas
554 3611 641 3674 unum
670 3625 924 3693 quantumcunque
955 3638 991 3676 ex
1018 3621 1115 3694 inspe-

59 3733 118 3780 rato
139 3723 275 3798 gaudium
298 3719 462 3788 affulserat,
485 3741 550 3779 cum
573 3742 623 3791 eo,
654 3735 686 3780 ut
708 3733 879 3798 appareret,
906 3725 985 3782 baud
1016 3725 1163 3800 proculll

62 3829 142 3886 exitio
163 3825 252 3884 fuisse
274 3827 437 3884 &menam
460 3825 599 3896 classem,
624 3827 653 3883 ni
676 3837 819 3884 cessatum
845 3847 863 3884 a
885 3827 1027 3903 praefectis
1050 3847 1116 3886 sua-

62 3951 118 3990 rum
140 3933 255 3988 navium
277 3931 353 3988 foret
375 3941 403 3986 et
424 3929 524 4006 Scipio
546 3932 575 3987 in
598 3941 728 4006 tempore
750 3933 940 3989 subvenisset.

138 4039 195 4094 Per
217 4035 332 4092 eosdem
356 4035 432 4092 torte
452 4033 524 4104 dies,
548 4053 636 4110 quum
659 4035 765 4092 Laelius
787 4047 814 4092 et
837 4036 994 4094 Masinissa
1016 4039 1116 4111 quinto
1175 4029 1210 4096 ll
