2680 4546
309 245 347 300 26
574 240 654 290 niter
670 241 771 292 xxv1.
808 241 895 304 (aa.
909 256 931 292 ο.
949 245 1022 303 aaa.)
1331 201 1332 250 ¹

217 426 379 484 tranimur
411 425 520 484 deerat.
580 425 661 482 Inter
692 427 746 482 has
774 423 960 483 difficultates
984 425 1029 484 M.
1055 421 1219 481 Cornelius
1240 431 1323 495 pretor

266 543 295 589 et
317 531 437 588 militum
460 530 573 586 animos
597 547 673 587 nune
694 529 888 600 consolando,
916 548 993 586 nunc
1025 527 1213 603 castigando
1234 527 1324 584 sedarit

266 649 294 694 et
315 637 447 694 civitates
468 653 578 704 omnes,
602 653 665 709 quae
687 634 862 704 defecerant,
884 637 914 692 in
935 636 1084 693 dicionem
1107 631 1236 706 redegit,
1257 641 1325 704 atque

266 761 302 800 ex
324 741 358 800 iis
381 739 576 816 Murgentiam
599 739 754 813 Hispanis,
788 740 893 814 quibus
923 741 991 797 urbs
1023 757 1167 814 agerque
1188 737 1324 794 debebatur

266 865 302 904 ex
324 855 441 904 senatus
466 845 608 915 consulto,
632 845 772 905 attribuit.

206 949 250 1018 22
349 950 489 1008 Consules
527 968 615 1024 quum
657 950 744 1006 ambo
781 949 922 1024 Apuliam
960 949 1154 1025 provinciam
1198 949 1323 1009 haberent

266 1055 417 1129 minusque
450 1073 508 1112 ram
536 1055 656 1112 terroris
686 1074 704 1110 a
733 1055 832 1112 Poenis
861 1065 890 1112 et
916 1055 1086 1112 Hannibale
1114 1063 1218 1124 esset,
1248 1051 1323 1110 sortiri

264 1160 334 1218 iussi
357 1160 494 1236 Apuliam
519 1159 780 1234 Macedoniamque
807 1161 982 1234 provincias.
1039 1159 1182 1240 Sulpicio
1209 1159 1323 1217 Macedo·

234 1266 314 1324 luia
336 1265 440 1335 evenit,
461 1265 545 1338 isque
566 1265 686 1321 Laevino
711 1265 858 1326 successit.
908 1265 1030 1324 Fulvius
1053 1266 1192 1324 Romam
1215 1264 1323 1322 comitio-

264 1389 328 1428 rum
350 1388 441 1426 causa
456 1369 610 1426 arcessitus
627 1388 715 1444 quum
734 1369 852 1426 comitia
867 1371 1033 1428 consulibus
1047 1371 1200 1445 rogandis
1216 1371 1322 1429 haberet

264 1474 459 1550 prerogativa
480 1473 606 1530 Voturia
637 1475 781 1532 iuniorum
804 1477 841 1533 T.
865 1475 1006 1534 Manlium
1028 1476 1224 1548 Torquatum
1251 1485 1275 1530 et
1293 1475 1320 1530 T.

235 1580 421 1640 30tucilium
451 1579 588 1635 obuertere
620 1581 743 1636 conculca
770 1581 849 1638 droit.
911 1578 1001 1646 Quum
1029 1580 1070 1637 ud
1099 1581 1259 1658 Mundum,
1286 1576 1320 1651 qu'

265 1692 484 1760 presenserat,
506 1684 672 1759 gratulandi
694 1701 784 1742 causa
805 1687 891 1743 turba
917 1686 1021 1757 coiret,
1054 1705 1110 1743 neo
1134 1686 1246 1744 dubius
1265 1695 1320 1740 asse

265 1809 421 1848 consensus
443 1790 557 1865 populi,
591 1807 699 1864 magna
727 1790 917 1848 circumfusus
946 1792 1033 1847 turba
1056 1789 1095 1846 ed
1118 1790 1251 1848 tribunal
1269 1807 1319 1844 con

195 1949 201 1958 ,
235 1897 334 1955 lsulis
353 1897 432 1954 venit
453 1895 592 1970 petitque,
615 1903 646 1950 ut
666 1912 762 1968 pauca
784 1914 838 1952 sua
859 1897 950 1952 verba
972 1895 1086 1953 audiret
1109 1897 1318 1968 centuriamque.

235 2007 329 2077 5quae
351 2002 462 2058 tulisset
489 1997 677 2075 suffragium,
709 2002 842 2059 revocari
874 2003 995 2062 iuberet.
1057 2001 1177 2058 Erectis
1205 2001 1317 2058 omnibu

265 2108 496 2185 exspectatione,
519 2105 656 2180 quidnam
679 2107 877 2182 postulaturus
901 2117 993 2176 esset,
1017 2106 1171 2163 oculorum
1193 2105 1316 2163 valetudi-

234 2219 328 2272 duem
353 2212 516 2270 excusavit:
549 2211 743 2286 impudentem
773 2223 802 2269 et
828 2213 1053 2287 gubernatorem
1076 2220 1106 2267 et
1127 2212 1314 2286 imperatorem

264 2336 336 2387 esse,
361 2318 419 2391 qui,
442 2336 530 2391 quum
555 2316 655 2374 alienis
678 2318 768 2375 oculis
791 2318 816 2374 ei
846 2317 944 2374 omnia
971 2316 1087 2390 agenda
1114 2316 1187 2387 sint,
1209 2315 1314 2390 postulet

234 2422 317 2480 7sibi
340 2421 462 2478 aliorum
485 2403 583 2496 capita
604 2440 639 2479 ae
660 2421 793 2480 fortunas
809 2421 964 2489 committi3
986 2420 1119 2494 proinde,
1141 2422 1167 2476 si
1188 2421 1314 2477 videretur

264 2527 299 2597 ei,
320 2526 415 2584 redire
436 2527 465 2583 in
488 2523 659 2600 suffragium
681 2526 836 2583 Voturiam
866 2526 1010 2583 iuniorum
1037 2526 1153 2583 iuberet
1181 2535 1209 2582 et
1229 2523 1312 2580 meni·

263 2631 340 2688 nisse
363 2631 393 2688 in
417 2632 583 2689 consulibus
605 2632 736 2689 creandis
761 2631 837 2702 belli,
872 2631 949 2705 quod
973 2631 1002 2687 in
1025 2631 1115 2688 Italia
1136 2632 1189 2698 sit,
1220 2640 1311 2702 tempo

194 2801 199 2806 ,
235 2740 385 2809 8rumque
412 2736 454 2792 rei
482 2737 618 2813 publicae;
651 2736 771 2793 vixdum
801 2737 948 2810 requiesse
981 2753 1067 2793 aures
1101 2755 1121 2792 a
1152 2734 1265 2810 strepitu
1291 2743 1311 2784 et

263 2842 385 2898 tumultu
419 2841 532 2910 hostili,
572 2860 631 2915 quo
671 2861 781 2919 paucos
820 2851 886 2898 ante
921 2859 1035 2897 menses
1079 2842 1203 2898 arserint
1237 2855 1310 2914 prope

190 3011 193 3018 ,
264 2947 369 3004 moenia
390 2949 535 3005 Romana.
593 2948 667 3004 Post
698 2949 760 3004 haeo
794 2965 881 3021 quum
911 2947 1042 3003 centuria
1061 2945 1199 3020 frequens
1219 2941 1308 3002 succla-

186 3097 194 3110 ,
263 3063 379 3121 massot,
401 3053 471 3110 nihil
493 3072 524 3109 se
546 3062 659 3108 mutare
682 3052 829 3108 sententiae
851 3051 1027 3124 eosdemque
1049 3051 1182 3108 consules
1204 3050 1308 3106 dicturos

233 3167 250 3221 9
264 3172 335 3224 esse,
357 3166 417 3212 tum
430 3159 600 3232 Torquatus
614 3157 737 3230 „Neque
760 3173 814 3230 ego
835 3161 966 3212 vestros“
983 3154 1078 3228 inquit
1094 3173 1208 3224 „mores
1228 3149 1308 3210 consul

262 3259 338 3318 ferre
361 3270 463 3336 potero
490 3281 584 3337 neque
607 3280 660 3318 vos
679 3261 834 3337 imperium
863 3279 968 3319 meum.
1027 3261 1134 3318 Redite
1163 3260 1193 3322 in
1223 3255 1306 3314 suffra·

262 3366 353 3441 gium‚
375 3376 404 3423 et
425 3367 561 3441 cogitate,
583 3366 690 3423 bellum
701 3366 843 3423 Punicum
863 3368 892 3421 iu
912 3366 1001 3422 Italia
1026 3375 1055 3422 et
1077 3366 1205 3422 hostium
1225 3364 1304 3419 ducem

216 3481 250 3536 10
263 3471 459 3528 Hannibalem
482 3477 574 3528 esse.“
617 3473 694 3528 Tum
717 3471 856 3540 centuria,
879 3480 908 3528 et
929 3470 1103 3527 auctoritate
1125 3479 1203 3527 mota
1223 3466 1267 3524 viri
1284 3474 1303 3518 tt

264 3575 468 3633 admirantium
500 3577 577 3634 circa
607 3576 738 3645 fremitu,
775 3576 858 3651 petiit
890 3595 909 3632 a
940 3575 1073 3646 consule,
1111 3584 1144 3632 ut
1174 3571 1302 3631 Veturium

214 3691 246 3746 11
263 3681 408 3738 seniorum
432 3667 549 3740 cituret:
570 3683 645 3740 velle
667 3700 731 3738 sese
751 3699 816 3738 cum
839 3681 997 3738 maioribus
1020 3691 1091 3738 natu
1109 3678 1231 3752 colloqui
1243 3683 1266 3732 et
1276 3689 1303 3728 ex

264 3787 437 3843 auctoritate
455 3805 555 3844 eorum
577 3788 708 3844 consules
731 3786 835 3846 dicere.
883 3785 987 3845 (litatis
1009 3785 1142 3844 Voturiae
1160 3779 1301 3840 senioribus.

215 3900 250 3955 12
264 3892 363 3948 datum
386 3901 497 3949 secreto
519 3892 550 3948 in
572 3891 651 3950 Ovili
673 3911 738 3948 cum
759 3890 795 3948 iis
817 3890 1002 3964 colloquendi
1023 3887 1147 3964 tempus.
1193 3885 1302 3948 seniora

264 3996 300 4052 de
321 3996 414 4052 tribus
435 3996 642 4053 consulendum
665 3995 802 4052 dixerunt
823 4013 896 4067 asse,
918 3995 1032 4051 duobus
1052 3995 1146 4070 plenis
1166 3993 1301 4052 iamlam·
