2812 4556
300 236 338 292 50
579 230 658 280 Liber
674 229 750 284 m.
788 230 833 294 (A.
848 245 871 280 u.
887 243 910 284 c.
924 231 996 293 tat.)

256 416 375 474 vixdum
405 415 476 474 eatis
504 425 660 491 percurato
685 415 817 486 vulnere,
840 415 878 472 ad
900 415 1083 474 Victumulas
1106 418 1345 492 oppugnandas

206 527 243 582 10
256 523 298 580 ire
319 521 423 598 pergit.
471 521 507 579 Id
529 521 690 596 emporium
720 522 860 580 Romanis
882 521 999 582 Gallico
1020 522 1097 580 bello
1121 523 1234 592 fuerat3
1266 543 1347 580 mn-

256 631 347 687 nitum
378 625 445 686 inde
474 626 568 684 locum
595 624 853 700 frequentaverant
880 630 986 687 accolae
1017 629 1101 690 mixti
1130 629 1260 702 undique
1302 647 1347 686 ex

257 733 385 792 finitimis
407 731 538 807 populis,
560 742 587 789 et
609 743 670 789 tum
693 741 787 790 terror
808 734 1028 809 populationum
1051 754 1087 792 eo
1108 734 1271 809 plerosque
1301 755 1347 794 ex

209 841 242 897 ll
259 839 336 914 agris
371 837 560 913 compulerat.
615 837 711 895 Huius
743 840 857 914 generis
885 841 1054 910 multitudo,
1086 840 1170 898 fama
1202 841 1345 916 impigre

258 943 369 1002 defensi
391 944 430 1000 ad
450 943 631 1000 Placentiam
653 943 780 1019 praesidii
795 961 926 1013 accensa,
948 947 1036 1004 ermis
1058 947 1184 1022 arreptis
1207 947 1343 1004 obviam

207 1047 243 1102 12
256 1049 418 1108 Hannibali
446 1049 588 1124 procedit.
637 1048 735 1122 Magis
762 1049 881 1122 agmina
913 1069 1000 1125 quam
1031 1052 1108 1109 acies
1129 1052 1161 1108 in
1182 1053 1232 1109 via
1255 1071 1341 1110 con-

258 1163 422 1224 currerunt,
450 1147 484 1210 'et
513 1173 600 1229 quum
634 1172 671 1210 ex
701 1153 793 1210 altera
822 1167 905 1230 parte
927 1157 998 1214 nihil
1018 1166 1124 1232 praeter
1144 1157 1340 1214 inconditam

257 1262 372 1318 turbam
395 1268 485 1331 esset,
512 1260 542 1316 iu
565 1258 657 1316 altera
681 1269 709 1316 et
730 1260 791 1317 dux
811 1260 895 1319 militi
916 1271 945 1319 et
966 1262 1033 1318 duci
1054 1262 1136 1319 miles
1158 1263 1264 1332 fidens,
1294 1263 1338 1318 ad

208 1361 242 1416 13
258 1367 377 1443 triginta
398 1366 525 1441 quinque
553 1364 644 1421 millia
667 1365 815 1422 homiuum
839 1384 857 1422 a
878 1366 978 1441 paucis
1002 1363 1076 1425 fusa.
1125 1367 1254 1423 Postero
1283 1367 1339 1424 die
1397 1413 1399 1418 .

257 1472 403 1530 deditione
440 1472 520 1530 facta
558 1470 721 1546 presidium
753 1471 831 1527 intra
866 1473 972 1528 moenia
1006 1489 1161 1547 accepere,
1194 1473 1337 1547 iussique

257 1570 340 1636 arma
361 1577 478 1633 tradere
507 1594 594 1650 quum
625 1575 702 1632 dicto
723 1575 903 1650 paruissent,
926 1577 1039 1651 signum
1062 1585 1182 1652 repente
1203 1577 1339 1634 victori-

207 1678 242 1731 l‘l
257 1686 311 1741 bus
333 1683 434 1750 datur,
462 1690 494 1739 ut
525 1691 665 1755 tanquam
693 1680 722 1737 vi
750 1690 866 1755 coptam
896 1683 996 1739 urbem
1029 1682 1202 1757 diriperent,
1228 1701 1334 1756 neque

256 1788 323 1858 ulla,
346 1807 411 1863 quae
431 1788 461 1844 in
482 1787 587 1844 taline
609 1786 804 1843 memorabilis
826 1787 1016 1844 scribentibus
1038 1787 1130 1844 videri
1144 1787 1228 1857 solet,
1249 1807 1335 1861 prae·

254 2002 388 2058 humanae
420 1999 562 2074 superbias
596 1997 702 2054 editum
737 1997 765 2052 in
801 1997 922 2054 miseros
955 1997 1119 2073 exemplum
1159 2009 1213 2054 est.
1270 1998 1332 2054 Ha

254 2105 335 2164 fuere
359 2107 486 2163 hibernae
508 2103 708 2179 expeditiones
726 2101 911 2161 Hannibalis.

159 2195 206 2262 58
337 2212 427 2269 Haud
443 2209 522 2284 longi
544 2208 611 2264 inde
626 2206 774 2280 temporis,
797 2207 865 2264 dum
887 2207 1080 2276 intolerabilia
1095 2205 1209 2280 frigora
1231 2217 1328 2271 erant,

224 2307 336 2391 2quies
358 2316 441 2373 militi
464 2315 533 2371 data
555 2308 613 2381 est',
644 2311 731 2366 etad
753 2312 847 2385 prima
876 2331 910 2370 ae
932 2313 1021 2370 dubia
1042 2313 1126 2386 sigua
1153 2312 1232 2368 veris
1256 2331 1328 2387 pro-

253 2419 346 2478 fectus
379 2440 416 2478 ex
444 2418 572 2477 hibernis
602 2410 631 2473 iu
652 2417 801 2474 Etruriam
832 2418 925 2485 ducit,
954 2435 1018 2474 eam
1049 2436 1166 2493 quoque
1196 2427 1326 2492 gentem,

253 2525 327 2583 sicut
352 2524 456 2584 Gallos
484 2523 679 2597 Liguresque,
711 2530 762 2577 aut
793 2522 823 2578 vi
857 2531 908 2578 aut
939 2523 1088 2580 voluntate
1122 2523 1326 2581 adiuncturus.
1397 2587 1398 2590 Ἴ

224 2623 466 2688 3Transeuntem
483 2627 690 2702 Appenninum
706 2625 778 2683 adeo
801 2635 887 2684 atrox
909 2628 1014 2686 adorta
1028 2637 1186 2703 tempestas
1213 2636 1270 2699 cst,
1295 2637 1326 2683 ut
1395 2681 1398 2688 .

255 2733 374 2809 Alpium
406 2751 499 2808 prope
531 2731 690 2789 foeditatem
719 2732 908 2806 superaverit.
963 2733 1060 2790 Vento
1088 2732 1198 2789 mixtus
1227 2732 1325 2789 imber
1397 2783 1398 2802 ,

255 2857 342 2914 quum
366 2839 490 2897 ferretur
516 2838 546 2894 in
568 2837 634 2913 ipsa
656 2856 717 2908 ora,
739 2837 849 2912 primo,
878 2837 946 2910 quia
974 2847 1024 2894 aut
1053 2856 1136 2894 arma
1159 2837 1325 2894 omittenda

257 2953 339 3002 erant
368 2953 418 3002 aut
440 2953 541 3002 contra
564 2943 703 3000 enitentes
723 2941 832 2998 vertice
853 2941 951 3000 intorti
974 2942 1189 3019 affligebantur,
1212 2942 1324 3000 consti·
1397 2933 1398 2936 ¹

225 3046 330 3120 itera
352 3051 427 3118 dein,
452 3069 540 3124 quum
564 3049 622 3106 iam
641 3047 773 3123 spiritum
795 3047 955 3104 includeret
976 3064 1029 3104 uec
1050 3047 1236 3123 reciprocare
1261 3048 1323 3106 ani·
1397 3079 1398 3132 ᾗ

226 3151 333 3214 5mam
355 3156 476 3224 sineret,
498 3154 593 3210 aversi
616 3171 634 3209 a
656 3159 742 3209 vento
763 3171 921 3228 parumper
942 3153 1107 3210 consedere.
1150 3154 1228 3210 Tum
1252 3173 1325 3212 vero

255 3261 364 3334 ingenti
385 3277 458 3316 sono
480 3258 580 3314 calum
607 3268 735 3334 strepere
764 3267 792 3314 et
820 3259 896 3316 inter
922 3258 1082 3315 horrendos
1111 3257 1246 3332 fragores
1270 3261 1324 3317 mi-

224 3362 322 3422 lleare
343 3364 441 3438 ignes3
469 3360 549 3435 capti
572 3363 690 3421 auribus
715 3371 744 3418 ct
765 3363 856 3420 oculis
878 3371 955 3420 metu
978 3381 1078 3420 ornnes
1101 3372 1232 3437 torpere;
1256 3373 1323 3421 tan·

256 3470 319 3526 dem
352 3467 445 3525 effuso
466 3467 574 3536 imbre,
608 3485 695 3542 quum
729 3487 764 3524 eo
787 3469 880 3543 magis
903 3487 1026 3526 accensa
1046 3469 1091 3524 vis
1123 3469 1201 3526 venti
1237 3481 1323 3538 esset,

228 3635 231 3640 ,
256 3575 321 3649 ipso
345 3573 405 3643 illo,
429 3589 486 3646 quo
508 3573 643 3647 deprensi
664 3581 761 3641 erant,
788 3572 853 3632 loco
875 3583 973 3632 castra
994 3592 1103 3649 ponere
1124 3575 1320 3632 necessarium

226 3677 350 3734 laisum
383 3685 436 3738 est.
487 3677 523 3734 Id
557 3695 626 3734 veru
653 3677 762 3735 laboris
790 3679 870 3736 velut
898 3680 934 3735 de
960 3679 1078 3754 integro·
1105 3679 1217 3736 initium
1249 3678 1321 3748 fuit;

255 3803 323 3840 nam
345 3801 398 3841 nec
419 3782 567 3858 explicare
588 3784 743 3858 quicquam
766 3802 818 3841 nec
840 3793 966 3842 statuere
990 3793 1125 3860 poteraut
1146 3802 1214 3851 neo,
1243 3786 1321 3860 quod

256 3897 394 3946 statutum
417 3897 502 3960 esset,
524 3890 670 3959 manebat,
693 3888 791 3944 omnia
802 3889 1002 3964 perscindente
1023 3897 1110 3946 vento
1132 3899 1162 3945 et
1179 3892 1320 3966 rapiente.

226 3991 296 4050 8Et
317 4011 387 4050 mox
410 4009 489 4065 aqua
510 3994 608 4050 levata
634 4000 721 4050 vento
753 4013 840 4068 quum
862 4011 950 4068 super
970 3993 1066 4069 gelida
1089 3995 1229 4052 montium
1252 3998 1321 4074 iuga
