2700 4426
402 197 482 249 Liber
498 196 587 253 XXV.
624 198 669 262 (A.
685 195 735 248 Ch.
751 199 824 262 212.)
1044 203 1102 260 261

78 380 173 438 millia
193 379 404 439 Celtiberorum
428 402 465 439 ea
487 383 581 440 hieme
610 384 649 440 ad
677 400 759 439 arma
780 383 884 440 excita.
928 385 1065 442 Hostium
1087 388 1178 442 tres4

79 487 226 544 exercitus
247 497 339 548 erant.
381 487 551 545 Hasdrubal
574 487 714 564 Gisgonis
728 487 803 544 filius
826 498 854 544 et
875 490 964 563 Mago
987 490 1147 547 coniunctis

79 593 185 649 castris
207 591 336 666 quinque
355 592 446 650 ferme
467 594 578 650 dierum
600 593 655 651 iter
676 595 713 650 ab
734 594 873 652 Romanis
895 595 1028 653 aberant.
1072 598 1177 653 Pro-5

79 697 147 772 pior
165 706 229 754 crat
252 699 429 776 Hamilcaris
456 699 531 756 filius
549 699 738 767 Hasdrubal,
767 707 851 755 vetus
871 699 902 756 in
922 701 1068 775 Hispania
1093 701 1146 758 im·

57 812 214 878 ,peratum
249 805 288 860 ad
323 806 431 862 urbemv
459 805 576 862 nomine
612 805 779 878 Amtorgim
816 805 974 861 exercitum
1010 807 1146 862 habebat.

79 909 157 966 Eum
179 909 317 975 volebant
337 910 417 984 prius
440 911 564 986 opprimi
586 912 672 968 duces
687 909 822 979 Romani,
845 919 873 966 et
894 928 960 985 spes
982 919 1053 981 erat,
1076 911 1177 969 satisd

80 1033 226 1090 superque
248 1016 286 1072 ad
307 1015 336 1071 id
356 1014 462 1071 virium
485 1033 561 1086 esse3
593 1016 646 1072 illa
664 1016 795 1072 restabat
819 1034 904 1084 cura,
936 1034 996 1087 nep
1011 1014 1077 1072 fuso
1101 1035 1146 1079 eo,

78 1120 206 1194 perculsi
235 1120 309 1177 alter
329 1120 499 1177 Hasdrubal
530 1131 559 1176 et
579 1122 670 1195 Mago
701 1121 731 1176 in
758 1121 840 1177 avios
864 1120 955 1177 saltus
977 1131 1147 1195 montesque

79 1226 251 1301 recipientes
281 1245 344 1282 sess
381 1225 488 1282 bellum
520 1227 712 1284 extraherent.
773 1225 922 1301 Optimum
956 1227 1045 1302 igitur
1080 1229 1175 1289 rati.7

81 1329 337 1387 divisis'bifariam
359 1331 460 1404 copiis,
486 1330 574 1386 totius
597 1331 682 1387 simul
701 1331 852 1406 Hispaniae
874 1333 1008 1407 amplecti
1030 1333 1146 1404 bellum,

79 1436 121 1493 ita
143 1437 220 1493 inter
239 1455 271 1493 se
293 1435 465 1504 diuiserunt,
497 1444 528 1491 ut
549 1437 585 1494 P.
609 1434 761 1493 Cornelius
787 1437 861 1494 duas
882 1449 980 1512 partes
1003 1437 1146 1494 exercitus

79 1535 281 1600 Romanorum
310 1542 514 1614 sociorumque
546 1541 686 1598 adversus
718 1543 875 1616 Magonem
908 1543 1026 1598 duceret
1058 1551 1146 1617 atque

79 1645 307 1715 Hasdrubalem,
329 1645 383 1703 Cn.
400 1645 552 1703 Cornelius
573 1664 637 1702 cum
660 1649 746 1704 tertia
760 1659 844 1722 parte
865 1649 971 1705 veteris
994 1649 1176 1718 exercitus,8

81 1751 234 1810 Celtiberis
259 1751 416 1821 adiunctis,
440 1770 509 1810 ,cum
532 1752 719 1809 Hasdrubale
740 1753 866 1810 Barcino
895 1754 1001 1810 bellum
1024 1766 1146 1829 gereret.

80 1859 150 1918 Una
171 1857 294 1933 profecti
315 1858 402 1913 ambo
425 1856 512 1914 duces
535 1857 749 1931 exercitusque,
781 1857 932 1915 Celtiberis
953 1859 1176 1933 praegredien-lt

67 1962 172 2031 tibus,
207 1962 245 2018 ad
276 1963 377 2020 urbem
399 1962 566 2036 Amtorgim
589 1963 619 2018 in
647 1973 803 2037 conspectu
828 1964 969 2032 hostium,
996 1964 1147 2020 dirimente

70 2061 169 2135 amni,
191 2078 302 2142 ponunt
323 2077 429 2125 castra.
475 2068 522 2124 Ibi
544 2065 598 2124 Cu.
623 2067 721 2142 Scipio
735 2086 800 2124 cum
823 2069 927 2142 quibus
950 2078 1017 2130 ante
1039 2070 1146 2126 dictum
1163 2073 1201 2137 10,

81 2182 125 2230 est
152 2173 243 2248 copiis
265 2173 408 2243 substitit,
440 2183 469 2229 et
497 2173 533 2230 P.
556 2171 654 2248 Scipio
682 2171 830 2248 profectus
852 2175 951 2231 estad
973 2175 1147 2231 destinatam

80 2277 149 2335 belli
170 2288 293 2354 partem.

166 2383 335 2441 Hasdrubal
366 2393 523 2458 postquam
557 2382 771 2454 animadvertit,
810 2386 946 2460 exiguum
981 2387 1167 2466 Romanum,
1196 2381 1242 2449 33

81 2491 239 2546 exercitum
263 2489 293 2545 in
318 2489 420 2546 castris
448 2499 476 2545 et
498 2509 579 2564 spem
607 2509 721 2546 omnem
744 2491 774 2546 in
797 2489 1008 2548 Celtiberorum
1031 2492 1147 2549 auxiliis

81 2613 160 2664 esse,
188 2595 298 2670 peritus
329 2596 422 2652 omnis
449 2596 610 2652 barbaricae
642 2606 670 2652 et
699 2596 843 2671 praecipue
866 2594 1023 2673 [omnium]
1047 2598 1176 2654 earum2

80 2701 226 2776 gentium,
255 2700 286 2756 iu
315 2702 419 2775 quibus
448 2720 502 2776 per
529 2711 572 2757 tot
594 2720 686 2757 anuos
715 2701 867 2772 militabat,
900 2703 1036 2777 perfidiae,
1069 2703 1148 2760 facili

81 2805 187 2879 linguae
219 2809 390 2881 caramancio,
422 2825 509 2880 quum
543 2815 668 2880 utraque
701 2817 798 2863 castra
829 2808 916 2882 plena
947 2808 1176 2882 Hispanorum3

82 2921 203 2982 essent,
225 2930 277 2985 per
300 2911 413 2967 occulta
439 2911 585 2986 colloquia
611 2912 767 2986 paciscitur
798 2931 906 2986 magua
926 2913 1059 2969 mercede
1081 2931 1145 2969 cum

82 3014 295 3073 Celtiberorum
309 3017 495 3091 principibus,
518 3026 550 3073 ut
571 3017 670 3091 copias
692 3017 758 3073 iudo
781 3019 935 3076 abducant.
982 3018 1045 3074 Nec
1061 3024 1178 3076 atrox4

81 3121 176 3178 visum
197 3119 324 3197 fucinum
345 3123 506 3192 nonenim,
529 3133 560 3178 ut
579 3123 610 3178 in
624 3123 775 3179 Romanos
799 3132 944 3180 verterent
965 3142 1055 3192 arma,
1079 3141 1147 3197 age-

81 3226 178 3296 batur,
203 3236 232 3282 et
254 3245 373 3296 merces,
396 3239 506 3300 quanta
519 3228 566 3283 vel
589 3246 642 3302 pro
660 3227 735 3284 bello
756 3229 828 3284 satis
850 3238 934 3298 essct,
956 3229 1089 3299 dabatur,
1111 3247 1147 3284 ne
1211 3217 1213 3220 ¹

81 3330 188 3388 bellum
203 3343 344 3406 gererent,
366 3340 395 3388 et
409 3349 496 3405 quum
520 3332 601 3406 quies
615 3334 695 3408 ipsa,
716 3342 777 3390 tum
799 3334 907 3391 reditus
929 3335 1046 3392 domum
1067 3333 1147 3391 fruc·

81 3446 187 3511 tuaque
209 3437 326 3495 videndi
352 3455 420 3494 suos
448 3455 559 3511 suaque
587 3447 673 3511 grata
702 3438 792 3513 vulgo
821 3453 911 3497 erant.
954 3441 1059 3514 Itaque
1088 3444 1178 3508 nond

82 3541 204 3599 ducibus
225 3541 339 3599 facilius
372 3562 460 3617 quam
486 3543 662 3599 multitudini
690 3562 860 3617 persuasum
894 3556 946 3602 est.
992 3545 1084 3604 Simul
1111 3565 1148 3602 ne

18 3633 28 3645 ’
82 3656 176 3705 metus
206 3647 321 3722 quidem
354 3650 391 3705 ab
414 3648 555 3707 Romanis
583 3658 661 3719 erat,
694 3649 801 3723 quippe
828 3659 887 3705 tam
918 3651 1035 3725 paucis,
1065 3651 1090 3708 si
1117 3652 1146 3708 vi

80 3754 247 3814 retinerent.
290 3754 327 3810 Id
343 3753 459 3827 quidem
475 3755 635 3810 cavendum
651 3773 766 3829 semper
787 3756 927 3812 Romanis
950 3757 1070 3814 ducibus
1085 3757 1178 3824 erit,6

82 3859 276 3935 exemplaque
294 3860 358 3916 haec
377 3878 446 3915 vere
466 3878 522 3934 pro
543 3860 723 3916 documentis
738 3860 882 3929 habenda,
903 3879 939 3916 ne
960 3861 1002 3918 ita
1020 3863 1146 3918 externis

81 3965 203 4021 madunt
224 3965 356 4034 auxiliis,
383 3975 498 4022 utnon
526 3963 591 4040 plus
617 3965 661 4022 sui
686 3966 801 4022 roboris
832 3985 1009 4041 suarumque
1029 3966 1147 4042 proprie
