<?xml version="1.0" encoding="UTF-8"?>
<!DOCTYPE html PUBLIC "-//W3C//DTD XHTML 1.0 Transitional//EN"
    "http://www.w3.org/TR/xhtml1/DTD/xhtml1-transitional.dtd">
<html xmlns="http://www.w3.org/1999/xhtml" xml:lang="en" lang="en">
 <head>
  <title>
</title>
<meta http-equiv="Content-Type" content="text/html;charset=utf-8" />
  <meta name='ocr-system' content='tesseract 3.04.00' />
  <meta name='ocr-capabilities' content='ocr_page ocr_carea ocr_par ocr_line ocrx_word'/>
</head>
<body>
  <div class='ocr_page' id='page_1' title='image "./titiliviihistor01ussigoog/titiliviihistor01ussigoog_0513.png"; bbox 0 0 2748 4556; ppageno 0'>
   <div class='ocr_carea' id='block_1_1' title="bbox 339 255 1060 320">
    <p class='ocr_par' dir='ltr' id='par_1_1' title="bbox 339 255 1060 320">
     <span class='ocr_line' id='line_1_1' title="bbox 339 255 1060 320; baseline -0.014 -6"><span class='ocrx_word' id='word_1_1' title='bbox 339 257 394 314; x_wconf 82' lang='lat'><strong>172</strong></span> <span class='ocrx_word' id='word_1_2' title='bbox 590 257 667 306; x_wconf 88' lang='lat' dir='ltr'><strong>Liber</strong></span> <span class='ocrx_word' id='word_1_3' title='bbox 685 255 813 309; x_wconf 84' lang='lat' dir='ltr'><strong>xxvm.</strong></span> <span class='ocrx_word' id='word_1_4' title='bbox 849 256 898 319; x_wconf 80' lang='lat' dir='ltr'><strong>(A.</strong></span> <span class='ocrx_word' id='word_1_5' title='bbox 912 271 937 305; x_wconf 89' lang='lat' dir='ltr'><strong>u.</strong></span> <span class='ocrx_word' id='word_1_6' title='bbox 952 271 972 305; x_wconf 94' lang='lat' dir='ltr'><strong>c.</strong></span> <span class='ocrx_word' id='word_1_7' title='bbox 986 257 1060 320; x_wconf 78' lang='lat'>549.)</span> 
     </span>
    </p>
   </div>
   <div class='ocr_carea' id='block_1_2' title="bbox 241 441 1355 3693">
    <p class='ocr_par' dir='ltr' id='par_1_2' title="bbox 242 441 1337 837">
     <span class='ocr_line' id='line_1_2' title="bbox 295 441 1334 519; baseline 0.003 -20"><span class='ocrx_word' id='word_1_8' title='bbox 295 441 348 513; x_wconf 82' lang='lat' dir='ltr'><strong>sit,</strong></span> <span class='ocrx_word' id='word_1_9' title='bbox 383 441 545 518; x_wconf 79' lang='lat' dir='ltr'><strong>relinquere</strong></span> <span class='ocrx_word' id='word_1_10' title='bbox 566 441 683 500; x_wconf 83' lang='lat' dir='ltr'><strong>Italiam</strong></span> <span class='ocrx_word' id='word_1_11' title='bbox 703 459 811 518; x_wconf 84' lang='lat' dir='ltr'><strong>paras,</strong></span> <span class='ocrx_word' id='word_1_12' title='bbox 842 461 900 499; x_wconf 90' lang='lat' dir='ltr'><strong>non</strong></span> <span class='ocrx_word' id='word_1_13' title='bbox 925 442 994 517; x_wconf 87' lang='lat' dir='ltr'><strong>quia</strong></span> <span class='ocrx_word' id='word_1_14' title='bbox 1015 443 1058 498; x_wconf 88' lang='lat' dir='ltr'><strong>rei</strong></span> <span class='ocrx_word' id='word_1_15' title='bbox 1078 443 1205 519; x_wconf 76' lang='lat' dir='ltr'><strong>publicae</strong></span> <span class='ocrx_word' id='word_1_16' title='bbox 1225 443 1255 499; x_wconf 89' lang='lat' dir='ltr'><strong>id</strong></span> <span class='ocrx_word' id='word_1_17' title='bbox 1273 444 1334 502; x_wconf 83' lang='lat' dir='ltr'><strong>utile</strong></span> 
     </span>
     <span class='ocr_line' id='line_1_3' title="bbox 242 547 1334 624; baseline -0.005 -13"><span class='ocrx_word' id='word_1_18' title='bbox 242 553 278 610; x_wconf 80' lang='lat'><strong>21</strong></span> <span class='ocrx_word' id='word_1_19' title='bbox 296 549 346 606; x_wconf 89' lang='lat' dir='ltr'><strong>sed</strong></span> <span class='ocrx_word' id='word_1_20' title='bbox 369 549 438 624; x_wconf 82' lang='lat' dir='ltr'><strong>quia</strong></span> <span class='ocrx_word' id='word_1_21' title='bbox 459 549 511 606; x_wconf 89' lang='lat' dir='ltr'><strong>tibi</strong></span> <span class='ocrx_word' id='word_1_22' title='bbox 532 549 659 624; x_wconf 86' lang='lat' dir='ltr'><strong>amplum</strong></span> <span class='ocrx_word' id='word_1_23' title='bbox 682 556 711 605; x_wconf 91' lang='lat' dir='ltr'><strong>et</strong></span> <span class='ocrx_word' id='word_1_24' title='bbox 732 547 889 622; x_wconf 84' lang='lat' dir='ltr'><strong>gloriosum</strong></span> <span class='ocrx_word' id='word_1_25' title='bbox 915 565 1014 605; x_wconf 86' lang='lat' dir='ltr'><strong>censes</strong></span> <span class='ocrx_word' id='word_1_26' title='bbox 1043 567 1120 620; x_wconf 85' lang='lat' dir='ltr'><strong>ease,</strong></span> <span class='ocrx_word' id='word_1_27' title='bbox 1155 547 1232 606; x_wconf 86' lang='lat' dir='ltr'><strong>sicut</strong></span> <span class='ocrx_word' id='word_1_28' title='bbox 1257 569 1334 623; x_wconf 88' lang='lat' dir='ltr'><strong>quum.</strong></span> 
     </span>
     <span class='ocr_line' id='line_1_4' title="bbox 292 652 1336 732; baseline 0 -22"><span class='ocrx_word' id='word_1_29' title='bbox 292 654 442 732; x_wconf 87' lang='lat' dir='ltr'><strong>provincia</strong></span> <span class='ocrx_word' id='word_1_30' title='bbox 463 663 491 712; x_wconf 93' lang='lat' dir='ltr'><strong>et</strong></span> <span class='ocrx_word' id='word_1_31' title='bbox 512 652 639 712; x_wconf 86' lang='lat' dir='ltr'><strong>exercitu</strong></span> <span class='ocrx_word' id='word_1_32' title='bbox 662 653 777 722; x_wconf 88' lang='lat' dir='ltr'><strong>relicto,</strong></span> <span class='ocrx_word' id='word_1_33' title='bbox 807 653 868 710; x_wconf 88' lang='lat' dir='ltr'><strong>siue</strong></span> <span class='ocrx_word' id='word_1_34' title='bbox 889 652 966 727; x_wconf 88' lang='lat' dir='ltr'><strong>lege,</strong></span> <span class='ocrx_word' id='word_1_35' title='bbox 996 653 1058 710; x_wconf 88' lang='lat' dir='ltr'><strong>sine</strong></span> <span class='ocrx_word' id='word_1_36' title='bbox 1082 663 1206 712; x_wconf 83' lang='lat' dir='ltr'><strong>senatus</strong></span> <span class='ocrx_word' id='word_1_37' title='bbox 1227 655 1336 712; x_wconf 86' lang='lat' dir='ltr'><strong>consulto</strong></span> 
     </span>
     <span class='ocr_line' id='line_1_5' title="bbox 295 758 1337 837; baseline -0.001 -19"><span class='ocrx_word' id='word_1_38' title='bbox 295 761 407 819; x_wconf 82' lang='lat' dir='ltr'><strong>duabus</strong></span> <span class='ocrx_word' id='word_1_39' title='bbox 436 760 559 818; x_wconf 86' lang='lat' dir='ltr'><strong>navibus</strong></span> <span class='ocrx_word' id='word_1_40' title='bbox 585 759 685 837; x_wconf 89' lang='lat' dir='ltr'><strong>populi</strong></span> <span class='ocrx_word' id='word_1_41' title='bbox 707 759 833 818; x_wconf 88' lang='lat' dir='ltr'><strong>Romani</strong></span> <span class='ocrx_word' id='word_1_42' title='bbox 854 758 1013 834; x_wconf 87' lang='lat' dir='ltr'><strong>imperator</strong></span> <span class='ocrx_word' id='word_1_43' title='bbox 1034 758 1188 817; x_wconf 81' lang='lat' dir='ltr'><strong>fortunam</strong></span> <span class='ocrx_word' id='word_1_44' title='bbox 1213 762 1337 836; x_wconf 83' lang='lat' dir='ltr'><strong>publicam</strong></span> 
     </span>
    </p>

    <p class='ocr_par' dir='ltr' id='par_1_3' title="bbox 241 865 1355 1470">
     <span class='ocr_line' id='line_1_6' title="bbox 252 865 1338 943; baseline -0.003 -19"><span class='ocrx_word' id='word_1_45' title='bbox 252 933 255 938; x_wconf 16' lang='grc' dir='ltr'><strong><em>Δ</em></strong></span> <span class='ocrx_word' id='word_1_46' title='bbox 293 876 321 924; x_wconf 86' lang='lat' dir='ltr'><strong>et</strong></span> <span class='ocrx_word' id='word_1_47' title='bbox 342 867 521 924; x_wconf 79' lang='lat' dir='ltr'><strong>maiestatem</strong></span> <span class='ocrx_word' id='word_1_48' title='bbox 543 867 669 942; x_wconf 89' lang='lat' dir='ltr'><strong>imperii,</strong></span> <span class='ocrx_word' id='word_1_49' title='bbox 698 886 762 942; x_wconf 84' lang='lat' dir='ltr'><strong>quae</strong></span> <span class='ocrx_word' id='word_1_50' title='bbox 783 875 842 922; x_wconf 89' lang='lat' dir='ltr'><strong>tum</strong></span> <span class='ocrx_word' id='word_1_51' title='bbox 865 865 966 921; x_wconf 89' lang='lat' dir='ltr'><strong>intuo</strong></span> <span class='ocrx_word' id='word_1_52' title='bbox 989 865 1085 941; x_wconf 89' lang='lat' dir='ltr'><strong>capite</strong></span> <span class='ocrx_word' id='word_1_53' title='bbox 1106 867 1338 943; x_wconf 77' lang='lat' dir='ltr'><strong>periclitabantur.</strong></span> 
     </span>
     <span class='ocr_line' id='line_1_7' title="bbox 241 970 1338 1047; baseline -0.007 -12"><span class='ocrx_word' id='word_1_54' title='bbox 241 978 279 1035; x_wconf 80' lang='lat'><strong>22</strong></span> <span class='ocrx_word' id='word_1_55' title='bbox 293 973 468 1031; x_wconf 86' lang='lat' dir='ltr'><strong>commisisti.</strong></span> <span class='ocrx_word' id='word_1_56' title='bbox 516 973 580 1047; x_wconf 85' lang='lat' dir='ltr'><strong>Ego</strong></span> <span class='ocrx_word' id='word_1_57' title='bbox 601 973 637 1032; x_wconf 85' lang='lat' dir='ltr'><strong>P.</strong></span> <span class='ocrx_word' id='word_1_58' title='bbox 649 971 813 1030; x_wconf 87' lang='lat' dir='ltr'><strong>Cornelium</strong></span> <span class='ocrx_word' id='word_1_59' title='bbox 835 971 877 1028; x_wconf 85' lang='lat' dir='ltr'><strong>rei</strong></span> <span class='ocrx_word' id='word_1_60' title='bbox 900 970 1023 1044; x_wconf 85' lang='lat' dir='ltr'><strong>publieae</strong></span> <span class='ocrx_word' id='word_1_61' title='bbox 1044 972 1204 1047; x_wconf 80' lang='lat' dir='ltr'><strong>nobisque,</strong></span> <span class='ocrx_word' id='word_1_62' title='bbox 1226 991 1281 1028; x_wconf 92' lang='lat' dir='ltr'><strong>uon</strong></span> <span class='ocrx_word' id='word_1_63' title='bbox 1299 973 1338 1027; x_wconf 81' lang='lat' dir='ltr'><strong>sib&#39;</strong></span> 
     </span>
     <span class='ocr_line' id='line_1_8' title="bbox 292 1074 1337 1155; baseline -0.005 -19"><span class='ocrx_word' id='word_1_64' title='bbox 292 1081 347 1155; x_wconf 89' lang='lat' dir='ltr'><strong>ipsi</strong></span> <span class='ocrx_word' id='word_1_65' title='bbox 368 1079 504 1155; x_wconf 82' lang='lat' dir='ltr'><strong>privatim</strong></span> <span class='ocrx_word' id='word_1_66' title='bbox 527 1088 655 1136; x_wconf 84' lang='lat' dir='ltr'><strong>creatum</strong></span> <span class='ocrx_word' id='word_1_67' title='bbox 677 1077 822 1134; x_wconf 88' lang='lat' dir='ltr'><strong>consulem</strong></span> <span class='ocrx_word' id='word_1_68' title='bbox 848 1074 990 1146; x_wconf 87' lang='lat' dir='ltr'><strong>existimo,</strong></span> <span class='ocrx_word' id='word_1_69' title='bbox 1013 1078 1225 1152; x_wconf 87' lang='lat' dir='ltr'><strong>exercitusque</strong></span> <span class='ocrx_word' id='word_1_70' title='bbox 1251 1077 1285 1133; x_wconf 90' lang='lat' dir='ltr'><strong>ad</strong></span> <span class='ocrx_word' id='word_1_71' title='bbox 1303 1095 1337 1132; x_wconf 88' lang='lat' dir='ltr'><strong>cu·</strong></span> 
     </span>
     <span class='ocr_line' id='line_1_9' title="bbox 293 1181 1355 1260; baseline -0.003 -17"><span class='ocrx_word' id='word_1_72' title='bbox 293 1187 416 1243; x_wconf 84' lang='lat' dir='ltr'><strong>stodiam</strong></span> <span class='ocrx_word' id='word_1_73' title='bbox 452 1186 531 1243; x_wconf 89' lang='lat' dir='ltr'><strong>urbis</strong></span> <span class='ocrx_word' id='word_1_74' title='bbox 567 1193 653 1258; x_wconf 87' lang='lat' dir='ltr'><strong>etque</strong></span> <span class='ocrx_word' id='word_1_75' title='bbox 685 1183 778 1240; x_wconf 79' lang='lat' dir='ltr'><strong>Italiae</strong></span> <span class='ocrx_word' id='word_1_76' title='bbox 811 1181 934 1256; x_wconf 86' lang='lat' dir='ltr'><strong>scriptos</strong></span> <span class='ocrx_word' id='word_1_77' title='bbox 963 1201 1043 1254; x_wconf 87' lang='lat' dir='ltr'><strong>esse,</strong></span> <span class='ocrx_word' id='word_1_78' title='bbox 1078 1203 1137 1241; x_wconf 91' lang='lat' dir='ltr'><strong>uon</strong></span> <span class='ocrx_word' id='word_1_79' title='bbox 1174 1204 1252 1260; x_wconf 89' lang='lat' dir='ltr'><strong>quoa</strong></span> <span class='ocrx_word' id='word_1_80' title='bbox 1279 1185 1355 1258; x_wconf 58' lang='lat' dir='ltr'><strong>regicq</strong></span> 
     </span>
     <span class='ocr_line' id='line_1_10' title="bbox 293 1289 1331 1367; baseline 0 -19"><span class='ocrx_word' id='word_1_81' title='bbox 293 1311 373 1349; x_wconf 89' lang='lat' dir='ltr'><strong>more</strong></span> <span class='ocrx_word' id='word_1_82' title='bbox 394 1311 447 1367; x_wconf 90' lang='lat' dir='ltr'><strong>per</strong></span> <span class='ocrx_word' id='word_1_83' title='bbox 467 1289 631 1367; x_wconf 87' lang='lat' dir='ltr'><strong>superbiam</strong></span> <span class='ocrx_word' id='word_1_84' title='bbox 654 1289 794 1359; x_wconf 75' lang='lat' dir='ltr'><strong>consuleS,</strong></span> <span class='ocrx_word' id='word_1_85' title='bbox 817 1307 874 1362; x_wconf 92' lang='lat' dir='ltr'><strong>quo</strong></span> <span class='ocrx_word' id='word_1_86' title='bbox 896 1297 1037 1346; x_wconf 87' lang='lat' dir='ltr'><strong>terrarum</strong></span> <span class='ocrx_word' id='word_1_87' title='bbox 1054 1289 1157 1360; x_wconf 90' lang='lat' dir='ltr'><strong>velint,</strong></span> <span class='ocrx_word' id='word_1_88' title='bbox 1180 1291 1331 1348; x_wconf 73' lang='lat' dir='ltr'><strong>traiiciant³</strong></span> 
     </span>
     <span class='ocr_line' id='line_1_11' title="bbox 376 1373 1355 1470; baseline -0.007 -14"><span class='ocrx_word' id='word_1_89' title='bbox 376 1399 471 1470; x_wconf 77' lang='lat' dir='ltr'><strong>Quum</strong></span> <span class='ocrx_word' id='word_1_90' title='bbox 492 1399 623 1455; x_wconf 88' lang='lat' dir='ltr'><strong>oratione</strong></span> <span class='ocrx_word' id='word_1_91' title='bbox 645 1395 682 1452; x_wconf 89' lang='lat' dir='ltr'><strong>ad</strong></span> <span class='ocrx_word' id='word_1_92' title='bbox 703 1403 816 1470; x_wconf 88' lang='lat' dir='ltr'><strong>tempus</strong></span> <span class='ocrx_word' id='word_1_93' title='bbox 832 1402 937 1469; x_wconf 86' lang='lat' dir='ltr'><strong>parata</strong></span> <span class='ocrx_word' id='word_1_94' title='bbox 957 1395 1078 1466; x_wconf 84' lang='lat' dir='ltr'><strong>Fabius,</strong></span> <span class='ocrx_word' id='word_1_95' title='bbox 1101 1405 1164 1454; x_wconf 87' lang='lat' dir='ltr'><strong>tum</strong></span> <span class='ocrx_word' id='word_1_96' title='bbox 1186 1397 1332 1454; x_wconf 71' lang='lat' dir='ltr'><strong>auctoritati</strong></span> <span class='ocrx_word' id='word_1_97' title='bbox 1354 1373 1355 1458; x_wconf 78' lang='lat' dir='ltr'><strong>l</strong></span> 
     </span>
    </p>

    <p class='ocr_par' dir='ltr' id='par_1_4' title="bbox 256 1499 1355 3693">
     <span class='ocr_line' id='line_1_12' title="bbox 293 1499 1334 1578; baseline 0 -18"><span class='ocrx_word' id='word_1_98' title='bbox 293 1513 321 1560; x_wconf 88' lang='lat' dir='ltr'><strong>et</strong></span> <span class='ocrx_word' id='word_1_99' title='bbox 344 1504 503 1560; x_wconf 87' lang='lat' dir='ltr'><strong>inveterata</strong></span> <span class='ocrx_word' id='word_1_100' title='bbox 531 1503 689 1578; x_wconf 85' lang='lat' dir='ltr'><strong>prudentiae</strong></span> <span class='ocrx_word' id='word_1_101' title='bbox 715 1499 795 1558; x_wconf 84' lang='lat' dir='ltr'><strong>fama</strong></span> <span class='ocrx_word' id='word_1_102' title='bbox 821 1519 904 1574; x_wconf 79' lang='lat' dir='ltr'><strong>quum</strong></span> <span class='ocrx_word' id='word_1_103' title='bbox 932 1518 1068 1574; x_wconf 85' lang='lat' dir='ltr'><strong>magnam</strong></span> <span class='ocrx_word' id='word_1_104' title='bbox 1091 1513 1212 1576; x_wconf 85' lang='lat' dir='ltr'><strong>partem</strong></span> <span class='ocrx_word' id='word_1_105' title='bbox 1233 1513 1334 1560; x_wconf 79' lang='lat' dir='ltr'><strong>senatus</strong></span> 
     </span>
     <span class='ocr_line' id='line_1_13' title="bbox 292 1567 1355 1683; baseline -0.003 -18"><span class='ocrx_word' id='word_1_106' title='bbox 292 1618 320 1665; x_wconf 92' lang='lat' dir='ltr'><strong>et</strong></span> <span class='ocrx_word' id='word_1_107' title='bbox 341 1609 467 1666; x_wconf 80' lang='lat' dir='ltr'><strong>seniores</strong></span> <span class='ocrx_word' id='word_1_108' title='bbox 489 1609 624 1680; x_wconf 86' lang='lat' dir='ltr'><strong>maxime,</strong></span> <span class='ocrx_word' id='word_1_109' title='bbox 646 1608 792 1676; x_wconf 87' lang='lat' dir='ltr'><strong>movisset,</strong></span> <span class='ocrx_word' id='word_1_110' title='bbox 813 1606 967 1681; x_wconf 86' lang='lat' dir='ltr'><strong>pluresque</strong></span> <span class='ocrx_word' id='word_1_111' title='bbox 991 1608 1143 1665; x_wconf 90' lang='lat' dir='ltr'><strong>consilium</strong></span> <span class='ocrx_word' id='word_1_112' title='bbox 1168 1610 1251 1666; x_wconf 87' lang='lat' dir='ltr'><strong>senis</strong></span> <span class='ocrx_word' id='word_1_113' title='bbox 1271 1567 1355 1683; x_wconf 76' lang='lat' dir='ltr'><strong>quenl</strong></span> 
     </span>
     <span class='ocr_line' id='line_1_14' title="bbox 261 1712 1336 1789; baseline -0.005 -15"><span class='ocrx_word' id='word_1_114' title='bbox 261 1715 419 1774; x_wconf 70' lang='lat' dir='ltr'><strong>lanimum</strong></span> <span class='ocrx_word' id='word_1_115' title='bbox 457 1715 648 1773; x_wconf 84' lang='lat' dir='ltr'><strong>adolescentis</strong></span> <span class='ocrx_word' id='word_1_116' title='bbox 682 1713 807 1770; x_wconf 90' lang='lat' dir='ltr'><strong>ferocem</strong></span> <span class='ocrx_word' id='word_1_117' title='bbox 835 1712 1003 1783; x_wconf 78' lang='lat' dir='ltr'><strong>laudarent,</strong></span> <span class='ocrx_word' id='word_1_118' title='bbox 1037 1713 1139 1789; x_wconf 83' lang='lat' dir='ltr'><strong>Scipio</strong></span> <span class='ocrx_word' id='word_1_119' title='bbox 1171 1715 1218 1772; x_wconf 86' lang='lat' dir='ltr'><strong>ita</strong></span> <span class='ocrx_word' id='word_1_120' title='bbox 1245 1715 1336 1771; x_wconf 80' lang='lat' dir='ltr'><strong>locutus</strong></span> 
     </span>
     <span class='ocr_line' id='line_1_15' title="bbox 294 1811 1334 1897; baseline -0.004 -19"><span class='ocrx_word' id='word_1_121' title='bbox 294 1819 399 1878; x_wconf 84' lang='lat' dir='ltr'><strong>fertur:</strong></span> <span class='ocrx_word' id='word_1_122' title='bbox 439 1822 496 1892; x_wconf 84' lang='lat' dir='ltr'><strong>,Et</strong></span> <span class='ocrx_word' id='word_1_123' title='bbox 527 1823 589 1897; x_wconf 89' lang='lat' dir='ltr'><strong>ipse</strong></span> <span class='ocrx_word' id='word_1_124' title='bbox 617 1821 652 1894; x_wconf 83' lang='lat' dir='ltr'><strong>Q.</strong></span> <span class='ocrx_word' id='word_1_125' title='bbox 674 1819 784 1878; x_wconf 87' lang='lat' dir='ltr'><strong>Fabius</strong></span> <span class='ocrx_word' id='word_1_126' title='bbox 806 1811 946 1894; x_wconf 90' lang='lat' dir='ltr'><strong>principio</strong></span> <span class='ocrx_word' id='word_1_127' title='bbox 969 1820 1127 1892; x_wconf 86' lang='lat' dir='ltr'><strong>orationis,</strong></span> <span class='ocrx_word' id='word_1_128' title='bbox 1163 1831 1266 1896; x_wconf 85' lang='lat' dir='ltr'><strong>patres</strong></span> <span class='ocrx_word' id='word_1_129' title='bbox 1285 1839 1334 1876; x_wconf 85' lang='lat' dir='ltr'><strong>cou-</strong></span> 
     </span>
     <span class='ocr_line' id='line_1_16' title="bbox 292 1925 1355 2020; baseline -0.006 -34"><span class='ocrx_word' id='word_1_130' title='bbox 292 1929 406 2004; x_wconf 87' lang='lat' dir='ltr'><strong>scripti,</strong></span> <span class='ocrx_word' id='word_1_131' title='bbox 431 1927 683 1997; x_wconf 86' lang='lat' dir='ltr'><strong>commemoravit,</strong></span> <span class='ocrx_word' id='word_1_132' title='bbox 707 1926 735 1983; x_wconf 92' lang='lat' dir='ltr'><strong>in</strong></span> <span class='ocrx_word' id='word_1_133' title='bbox 763 1925 905 1981; x_wconf 83' lang='lat' dir='ltr'><strong>sententia</strong></span> <span class='ocrx_word' id='word_1_134' title='bbox 926 1943 980 1982; x_wconf 87' lang='lat' dir='ltr'><strong>sua</strong></span> <span class='ocrx_word' id='word_1_135' title='bbox 1000 1945 1088 2001; x_wconf 85' lang='lat' dir='ltr'><strong>posse</strong></span> <span class='ocrx_word' id='word_1_136' title='bbox 1110 1928 1333 1985; x_wconf 81' lang='lat' dir='ltr'><strong>obtrectationem</strong></span> <span class='ocrx_word' id='word_1_137' title='bbox 1354 1989 1355 2020; x_wconf 26' lang='grc'>1</span> 
     </span>
     <span class='ocr_line' id='line_1_17' title="bbox 261 2031 1331 2111; baseline -0.01 -17"><span class='ocrx_word' id='word_1_138' title='bbox 261 2039 454 2111; x_wconf 86' lang='lat' dir='ltr'><strong>3suspectam</strong></span> <span class='ocrx_word' id='word_1_139' title='bbox 483 2051 563 2102; x_wconf 85' lang='lat' dir='ltr'><strong>esse;</strong></span> <span class='ocrx_word' id='word_1_140' title='bbox 599 2033 679 2089; x_wconf 88' lang='lat' dir='ltr'><strong>cuius</strong></span> <span class='ocrx_word' id='word_1_141' title='bbox 707 2050 761 2106; x_wconf 89' lang='lat' dir='ltr'><strong>ego</strong></span> <span class='ocrx_word' id='word_1_142' title='bbox 788 2031 830 2087; x_wconf 90' lang='lat' dir='ltr'><strong>rei</strong></span> <span class='ocrx_word' id='word_1_143' title='bbox 856 2049 914 2087; x_wconf 91' lang='lat' dir='ltr'><strong>non</strong></span> <span class='ocrx_word' id='word_1_144' title='bbox 941 2039 1001 2087; x_wconf 85' lang='lat' dir='ltr'><strong>tam</strong></span> <span class='ocrx_word' id='word_1_145' title='bbox 1029 2033 1091 2107; x_wconf 91' lang='lat' dir='ltr'><strong>ipse</strong></span> <span class='ocrx_word' id='word_1_146' title='bbox 1122 2033 1220 2089; x_wconf 88' lang='lat' dir='ltr'><strong>ausim</strong></span> <span class='ocrx_word' id='word_1_147' title='bbox 1243 2041 1331 2088; x_wconf 86' lang='lat' dir='ltr'><strong>tantun</strong></span> 
     </span>
     <span class='ocr_line' id='line_1_18' title="bbox 292 2135 1355 2211; baseline -0.004 -17"><span class='ocrx_word' id='word_1_148' title='bbox 292 2139 384 2196; x_wconf 90' lang='lat' dir='ltr'><strong>virum</strong></span> <span class='ocrx_word' id='word_1_149' title='bbox 411 2139 592 2209; x_wconf 84' lang='lat' dir='ltr'><strong>insimulare,</strong></span> <span class='ocrx_word' id='word_1_150' title='bbox 625 2157 711 2211; x_wconf 87' lang='lat' dir='ltr'><strong>quam</strong></span> <span class='ocrx_word' id='word_1_151' title='bbox 740 2156 775 2193; x_wconf 85' lang='lat' dir='ltr'><strong>ea</strong></span> <span class='ocrx_word' id='word_1_152' title='bbox 805 2136 945 2211; x_wconf 85' lang='lat' dir='ltr'><strong>suspicio,</strong></span> <span class='ocrx_word' id='word_1_153' title='bbox 974 2137 1045 2195; x_wconf 86' lang='lat' dir='ltr'><strong>vitio</strong></span> <span class='ocrx_word' id='word_1_154' title='bbox 1077 2139 1222 2197; x_wconf 84' lang='lat' dir='ltr'><strong>orationis</strong></span> <span class='ocrx_word' id='word_1_155' title='bbox 1244 2157 1278 2194; x_wconf 84' lang='lat' dir='ltr'><strong>an</strong></span> <span class='ocrx_word' id='word_1_156' title='bbox 1296 2135 1331 2192; x_wconf 87' lang='lat' dir='ltr'><strong>rei.</strong></span> <span class='ocrx_word' id='word_1_157' title='bbox 1354 2201 1355 2208; x_wconf 8' lang='grc' dir='ltr'>ἵ</span> 
     </span>
     <span class='ocr_line' id='line_1_19' title="bbox 259 2241 1353 2320; baseline -0.011 -14"><span class='ocrx_word' id='word_1_158' title='bbox 259 2245 367 2306; x_wconf 77' lang='lat' dir='ltr'><strong>thaud</strong></span> <span class='ocrx_word' id='word_1_159' title='bbox 399 2263 468 2301; x_wconf 89' lang='lat' dir='ltr'><strong>sane</strong></span> <span class='ocrx_word' id='word_1_160' title='bbox 497 2254 621 2320; x_wconf 84' lang='lat' dir='ltr'><strong>purgata</strong></span> <span class='ocrx_word' id='word_1_161' title='bbox 651 2253 702 2300; x_wconf 87' lang='lat' dir='ltr'><strong>est.</strong></span> <span class='ocrx_word' id='word_1_162' title='bbox 749 2243 798 2302; x_wconf 90' lang='lat' dir='ltr'><strong>Sic</strong></span> <span class='ocrx_word' id='word_1_163' title='bbox 825 2243 899 2300; x_wconf 86' lang='lat' dir='ltr'><strong>enim</strong></span> <span class='ocrx_word' id='word_1_164' title='bbox 928 2244 1053 2300; x_wconf 90' lang='lat' dir='ltr'><strong>honores</strong></span> <span class='ocrx_word' id='word_1_165' title='bbox 1085 2261 1155 2300; x_wconf 88' lang='lat' dir='ltr'><strong>suos</strong></span> <span class='ocrx_word' id='word_1_166' title='bbox 1186 2251 1217 2300; x_wconf 92' lang='lat' dir='ltr'><strong>et</strong></span> <span class='ocrx_word' id='word_1_167' title='bbox 1241 2241 1329 2300; x_wconf 79' lang='lat' dir='ltr'><strong>famen</strong></span> <span class='ocrx_word' id='word_1_168' title='bbox 1352 2241 1353 2247; x_wconf 75' lang='grc'>’</span> 
     </span>
     <span class='ocr_line' id='line_1_20' title="bbox 289 2325 1329 2424; baseline -0.009 -18"><span class='ocrx_word' id='word_1_169' title='bbox 289 2368 383 2406; x_wconf 88' lang='lat' dir='ltr'><strong>rerum</strong></span> <span class='ocrx_word' id='word_1_170' title='bbox 425 2359 572 2423; x_wconf 87' lang='lat' dir='ltr'><strong>gestarum</strong></span> <span class='ocrx_word' id='word_1_171' title='bbox 614 2325 732 2406; x_wconf 34' lang='lat' dir='ltr'>mulis.</span> <span class='ocrx_word' id='word_1_172' title='bbox 750 2350 845 2407; x_wconf 89' lang='lat' dir='ltr'><strong>verbis</strong></span> <span class='ocrx_word' id='word_1_173' title='bbox 884 2349 921 2406; x_wconf 84' lang='lat' dir='ltr'><strong>ad</strong></span> <span class='ocrx_word' id='word_1_174' title='bbox 961 2348 1204 2424; x_wconf 86' lang='lat' dir='ltr'><strong>exstinguendum</strong></span> <span class='ocrx_word' id='word_1_175' title='bbox 1237 2344 1329 2403; x_wconf 85' lang='lat' dir='ltr'><strong>invidia</strong></span> 
     </span>
     <span class='ocr_line' id='line_1_21' title="bbox 289 2441 1328 2530; baseline -0.003 -18"><span class='ocrx_word' id='word_1_176' title='bbox 289 2455 415 2523; x_wconf 88' lang='lat' dir='ltr'><strong>crimen,</strong></span> <span class='ocrx_word' id='word_1_177' title='bbox 448 2463 586 2528; x_wconf 82' lang='lat' dir='ltr'><strong>tanquam</strong></span> <span class='ocrx_word' id='word_1_178' title='bbox 616 2450 686 2512; x_wconf 89' lang='lat' dir='ltr'><strong>mihi</strong></span> <span class='ocrx_word' id='word_1_179' title='bbox 715 2457 753 2512; x_wconf 84' lang='lat' dir='ltr'><strong>ab</strong></span> <span class='ocrx_word' id='word_1_180' title='bbox 780 2456 878 2513; x_wconf 88' lang='lat' dir='ltr'><strong>infimo</strong></span> <span class='ocrx_word' id='word_1_181' title='bbox 908 2441 1023 2530; x_wconf 87' lang='lat' dir='ltr'><strong>quoque</strong></span> <span class='ocrx_word' id='word_1_182' title='bbox 1045 2455 1206 2530; x_wconf 89' lang='lat' dir='ltr'><strong>periculum</strong></span> <span class='ocrx_word' id='word_1_183' title='bbox 1230 2453 1278 2519; x_wconf 87' lang='lat' dir='ltr'><strong>sit,</strong></span> <span class='ocrx_word' id='word_1_184' title='bbox 1304 2467 1328 2503; x_wconf 77' lang='lat' dir='ltr'><strong>nt</strong></span> 
     </span>
     <span class='ocr_line' id='line_1_22' title="bbox 287 2560 1327 2637; baseline -0.006 -21"><span class='ocrx_word' id='word_1_185' title='bbox 287 2578 398 2617; x_wconf 89' lang='lat' dir='ltr'><strong>mecum</strong></span> <span class='ocrx_word' id='word_1_186' title='bbox 432 2560 593 2632; x_wconf 84' lang='lat' dir='ltr'><strong>aemuletur,</strong></span> <span class='ocrx_word' id='word_1_187' title='bbox 628 2571 656 2618; x_wconf 91' lang='lat' dir='ltr'><strong>et</strong></span> <span class='ocrx_word' id='word_1_188' title='bbox 686 2580 744 2617; x_wconf 93' lang='lat' dir='ltr'><strong>non</strong></span> <span class='ocrx_word' id='word_1_189' title='bbox 778 2564 815 2619; x_wconf 85' lang='lat' dir='ltr'><strong>ab</strong></span> <span class='ocrx_word' id='word_1_190' title='bbox 838 2581 887 2633; x_wconf 92' lang='lat' dir='ltr'><strong>eo,</strong></span> <span class='ocrx_word' id='word_1_191' title='bbox 924 2563 987 2637; x_wconf 86' lang='lat' dir='ltr'><strong>qui,</strong></span> <span class='ocrx_word' id='word_1_192' title='bbox 1019 2563 1088 2636; x_wconf 87' lang='lat' dir='ltr'><strong>quia</strong></span> <span class='ocrx_word' id='word_1_193' title='bbox 1120 2581 1210 2636; x_wconf 87' lang='lat' dir='ltr'><strong>super</strong></span> <span class='ocrx_word' id='word_1_194' title='bbox 1238 2569 1327 2616; x_wconf 85' lang='lat' dir='ltr'><strong>ceteros</strong></span> 
     </span>
     <span class='ocr_line' id='line_1_23' title="bbox 289 2660 1325 2742; baseline 0.001 -20"><span class='ocrx_word' id='word_1_195' title='bbox 289 2667 428 2736; x_wconf 83' lang='lat' dir='ltr'><strong>excellat,</strong></span> <span class='ocrx_word' id='word_1_196' title='bbox 466 2686 519 2741; x_wconf 81' lang='lat' dir='ltr'><strong>qao</strong></span> <span class='ocrx_word' id='word_1_197' title='bbox 538 2685 580 2724; x_wconf 82' lang='lat' dir='ltr'><strong>me</strong></span> <span class='ocrx_word' id='word_1_198' title='bbox 601 2686 717 2742; x_wconf 89' lang='lat' dir='ltr'><strong>quoquc</strong></span> <span class='ocrx_word' id='word_1_199' title='bbox 738 2669 790 2724; x_wconf 90' lang='lat' dir='ltr'><strong>niti</strong></span> <span class='ocrx_word' id='word_1_200' title='bbox 812 2687 870 2724; x_wconf 91' lang='lat' dir='ltr'><strong>uon</strong></span> <span class='ocrx_word' id='word_1_201' title='bbox 892 2669 1058 2740; x_wconf 85' lang='lat' dir='ltr'><strong>dissimulo,</strong></span> <span class='ocrx_word' id='word_1_202' title='bbox 1094 2687 1141 2724; x_wconf 89' lang='lat' dir='ltr'><strong>me</strong></span> <span class='ocrx_word' id='word_1_203' title='bbox 1163 2667 1219 2725; x_wconf 85' lang='lat' dir='ltr'><strong>sibi</strong></span> <span class='ocrx_word' id='word_1_204' title='bbox 1241 2660 1325 2738; x_wconf 81' lang='lat' dir='ltr'><strong>aeqmn&#39;</strong></span> 
     </span>
     <span class='ocr_line' id='line_1_24' title="bbox 258 2765 1325 2849; baseline 0.001 -21"><span class='ocrx_word' id='word_1_205' title='bbox 258 2773 368 2831; x_wconf 90' lang='lat' dir='ltr'><strong>5uolit.</strong></span> <span class='ocrx_word' id='word_1_206' title='bbox 417 2771 465 2831; x_wconf 81' lang='lat' dir='ltr'><strong>sie</strong></span> <span class='ocrx_word' id='word_1_207' title='bbox 496 2791 592 2830; x_wconf 88' lang='lat' dir='ltr'><strong>senem</strong></span> <span class='ocrx_word' id='word_1_208' title='bbox 620 2791 652 2830; x_wconf 89' lang='lat' dir='ltr'><strong>se</strong></span> <span class='ocrx_word' id='word_1_209' title='bbox 677 2769 916 2849; x_wconf 69' lang='lat' dir='ltr'><strong>perfunctumque</strong></span> <span class='ocrx_word' id='word_1_210' title='bbox 945 2784 973 2831; x_wconf 88' lang='lat' dir='ltr'><strong>et</strong></span> <span class='ocrx_word' id='word_1_211' title='bbox 995 2793 1041 2831; x_wconf 88' lang='lat' dir='ltr'><strong>me</strong></span> <span class='ocrx_word' id='word_1_212' title='bbox 1062 2773 1140 2830; x_wconf 82' lang='lat' dir='ltr'><strong>infra</strong></span> <span class='ocrx_word' id='word_1_213' title='bbox 1162 2783 1273 2830; x_wconf 86' lang='lat' dir='ltr'><strong>aetatem</strong></span> <span class='ocrx_word' id='word_1_214' title='bbox 1290 2765 1325 2824; x_wconf 77' lang='lat' dir='ltr'><strong>fill</strong></span> 
     </span>
     <span class='ocr_line' id='line_1_25' title="bbox 289 2875 1323 2955; baseline -0.004 -21"><span class='ocrx_word' id='word_1_215' title='bbox 289 2879 374 2936; x_wconf 86' lang='lat' dir='ltr'><strong>etiam</strong></span> <span class='ocrx_word' id='word_1_216' title='bbox 397 2880 441 2935; x_wconf 92' lang='lat' dir='ltr'><strong>sui</strong></span> <span class='ocrx_word' id='word_1_217' title='bbox 465 2879 575 2954; x_wconf 86' lang='lat' dir='ltr'><strong>posuit,</strong></span> <span class='ocrx_word' id='word_1_218' title='bbox 603 2887 741 2954; x_wconf 86' lang='lat' dir='ltr'><strong>tanquam</strong></span> <span class='ocrx_word' id='word_1_219' title='bbox 770 2899 827 2937; x_wconf 90' lang='lat' dir='ltr'><strong>uon</strong></span> <span class='ocrx_word' id='word_1_220' title='bbox 848 2881 980 2955; x_wconf 83' lang='lat' dir='ltr'><strong>longius,</strong></span> <span class='ocrx_word' id='word_1_221' title='bbox 1007 2899 1095 2953; x_wconf 85' lang='lat' dir='ltr'><strong>quam</strong></span> <span class='ocrx_word' id='word_1_222' title='bbox 1119 2888 1258 2954; x_wconf 85' lang='lat' dir='ltr'><strong>quantum</strong></span> <span class='ocrx_word' id='word_1_223' title='bbox 1276 2875 1323 2930; x_wconf 79' lang='lat' dir='ltr'><strong>vin</strong></span> 
     </span>
     <span class='ocr_line' id='line_1_26' title="bbox 288 2984 1322 3061; baseline -0.008 -19"><span class='ocrx_word' id='word_1_224' title='bbox 288 2986 421 3042; x_wconf 82' lang='lat' dir='ltr'><strong>humanae</strong></span> <span class='ocrx_word' id='word_1_225' title='bbox 443 2984 567 3060; x_wconf 84' lang='lat' dir='ltr'><strong>spatium</strong></span> <span class='ocrx_word' id='word_1_226' title='bbox 591 2995 643 3054; x_wconf 87' lang='lat' dir='ltr'><strong>est,</strong></span> <span class='ocrx_word' id='word_1_227' title='bbox 665 2985 807 3061; x_wconf 86' lang='lat' dir='ltr'><strong>cupiditas</strong></span> <span class='ocrx_word' id='word_1_228' title='bbox 828 2986 928 3061; x_wconf 83' lang='lat' dir='ltr'><strong>gloriae</strong></span> <span class='ocrx_word' id='word_1_229' title='bbox 950 2986 1138 3055; x_wconf 87' lang='lat' dir='ltr'><strong>extendatur,</strong></span> <span class='ocrx_word' id='word_1_230' title='bbox 1160 2984 1322 3054; x_wconf 78' lang='lat' dir='ltr'><strong>maximaque</strong></span> 
     </span>
     <span class='ocr_line' id='line_1_27' title="bbox 257 3087 1320 3168; baseline -0.003 -22"><span class='ocrx_word' id='word_1_231' title='bbox 257 3092 355 3165; x_wconf 77' lang='lat' dir='ltr'><strong>bpars</strong></span> <span class='ocrx_word' id='word_1_232' title='bbox 383 3091 443 3148; x_wconf 89' lang='lat' dir='ltr'><strong>eius</strong></span> <span class='ocrx_word' id='word_1_233' title='bbox 473 3091 502 3147; x_wconf 89' lang='lat' dir='ltr'><strong>iu</strong></span> <span class='ocrx_word' id='word_1_234' title='bbox 529 3090 696 3148; x_wconf 88' lang='lat' dir='ltr'><strong>memoriam</strong></span> <span class='ocrx_word' id='word_1_235' title='bbox 720 3111 754 3149; x_wconf 87' lang='lat' dir='ltr'><strong>ac</strong></span> <span class='ocrx_word' id='word_1_236' title='bbox 775 3093 973 3167; x_wconf 84' lang='lat' dir='ltr'><strong>posteritatem</strong></span> <span class='ocrx_word' id='word_1_237' title='bbox 994 3093 1167 3168; x_wconf 83' lang='lat' dir='ltr'><strong>promineat.</strong></span> <span class='ocrx_word' id='word_1_238' title='bbox 1215 3087 1320 3148; x_wconf 80' lang='lat' dir='ltr'><strong>Maximo</strong></span> 
     </span>
     <span class='ocr_line' id='line_1_28' title="bbox 288 3195 1354 3290; baseline 0.002 -38"><span class='ocrx_word' id='word_1_239' title='bbox 288 3196 391 3270; x_wconf 89' lang='lat' dir='ltr'><strong>cuique</strong></span> <span class='ocrx_word' id='word_1_240' title='bbox 408 3195 437 3252; x_wconf 91' lang='lat' dir='ltr'><strong>id</strong></span> <span class='ocrx_word' id='word_1_241' title='bbox 461 3195 590 3253; x_wconf 86' lang='lat' dir='ltr'><strong>accidere</strong></span> <span class='ocrx_word' id='word_1_242' title='bbox 609 3196 704 3254; x_wconf 91' lang='lat' dir='ltr'><strong>auimo</strong></span> <span class='ocrx_word' id='word_1_243' title='bbox 727 3207 834 3255; x_wconf 84' lang='lat' dir='ltr'><strong>certum</strong></span> <span class='ocrx_word' id='word_1_244' title='bbox 859 3200 969 3267; x_wconf 82' lang='lat' dir='ltr'><strong>habeo,</strong></span> <span class='ocrx_word' id='word_1_245' title='bbox 996 3207 1029 3253; x_wconf 91' lang='lat' dir='ltr'><strong>ut</strong></span> <span class='ocrx_word' id='word_1_246' title='bbox 1053 3215 1084 3254; x_wconf 90' lang='lat' dir='ltr'><strong>se</strong></span> <span class='ocrx_word' id='word_1_247' title='bbox 1105 3216 1165 3254; x_wconf 88' lang='lat' dir='ltr'><strong>non</strong></span> <span class='ocrx_word' id='word_1_248' title='bbox 1187 3216 1248 3254; x_wconf 89' lang='lat' dir='ltr'><strong>cum</strong></span> <span class='ocrx_word' id='word_1_249' title='bbox 1267 3207 1319 3268; x_wconf 73' lang='lat' dir='ltr'><strong>pre</strong></span> <span class='ocrx_word' id='word_1_250' title='bbox 1352 3197 1354 3290; x_wconf 59' lang='lat' dir='ltr'><strong>l</strong></span> 
     </span>
     <span class='ocr_line' id='line_1_29' title="bbox 287 3301 1319 3377; baseline -0.001 -19"><span class='ocrx_word' id='word_1_251' title='bbox 287 3302 414 3358; x_wconf 88' lang='lat' dir='ltr'><strong>sentibus</strong></span> <span class='ocrx_word' id='word_1_252' title='bbox 437 3301 538 3371; x_wconf 90' lang='lat' dir='ltr'><strong>modo,</strong></span> <span class='ocrx_word' id='word_1_253' title='bbox 573 3302 624 3359; x_wconf 89' lang='lat' dir='ltr'><strong>sed</strong></span> <span class='ocrx_word' id='word_1_254' title='bbox 657 3321 721 3360; x_wconf 88' lang='lat' dir='ltr'><strong>cum</strong></span> <span class='ocrx_word' id='word_1_255' title='bbox 755 3305 847 3361; x_wconf 90' lang='lat' dir='ltr'><strong>omnis</strong></span> <span class='ocrx_word' id='word_1_256' title='bbox 875 3305 929 3361; x_wconf 84' lang='lat' dir='ltr'><strong>aevi</strong></span> <span class='ocrx_word' id='word_1_257' title='bbox 959 3304 1045 3360; x_wconf 85' lang='lat' dir='ltr'><strong>claris</strong></span> <span class='ocrx_word' id='word_1_258' title='bbox 1075 3304 1145 3360; x_wconf 87' lang='lat' dir='ltr'><strong>viris</strong></span> <span class='ocrx_word' id='word_1_259' title='bbox 1169 3305 1319 3377; x_wconf 72' lang='lat' dir='ltr'><strong>comparent·</strong></span> 
     </span>
     <span class='ocr_line' id='line_1_30' title="bbox 258 3407 1316 3483; baseline -0.003 -19"><span class='ocrx_word' id='word_1_260' title='bbox 258 3408 429 3482; x_wconf 86' lang='lat' dir='ltr'><strong>7Equidcm</strong></span> <span class='ocrx_word' id='word_1_261' title='bbox 451 3407 529 3465; x_wconf 82' lang='lat' dir='ltr'><strong>haud</strong></span> <span class='ocrx_word' id='word_1_262' title='bbox 549 3407 708 3477; x_wconf 87' lang='lat' dir='ltr'><strong>dissimulo,</strong></span> <span class='ocrx_word' id='word_1_263' title='bbox 729 3429 776 3465; x_wconf 89' lang='lat' dir='ltr'><strong>me</strong></span> <span class='ocrx_word' id='word_1_264' title='bbox 800 3419 874 3480; x_wconf 83' lang='lat' dir='ltr'><strong>tues,</strong></span> <span class='ocrx_word' id='word_1_265' title='bbox 897 3409 933 3483; x_wconf 83' lang='lat' dir='ltr'><strong>Q.</strong></span> <span class='ocrx_word' id='word_1_266' title='bbox 955 3409 1040 3480; x_wconf 82' lang='lat' dir='ltr'><strong>Fabi,</strong></span> <span class='ocrx_word' id='word_1_267' title='bbox 1064 3411 1166 3468; x_wconf 86' lang='lat' dir='ltr'><strong>laudes</strong></span> <span class='ocrx_word' id='word_1_268' title='bbox 1187 3428 1242 3466; x_wconf 92' lang='lat' dir='ltr'><strong>non</strong></span> <span class='ocrx_word' id='word_1_269' title='bbox 1261 3420 1316 3461; x_wconf 79' lang='lat' dir='ltr'><strong>asse·</strong></span> 
     </span>
     <span class='ocr_line' id='line_1_31' title="bbox 288 3510 1316 3591; baseline -0.006 -21"><span class='ocrx_word' id='word_1_270' title='bbox 288 3514 337 3587; x_wconf 88' lang='lat' dir='ltr'><strong>qui</strong></span> <span class='ocrx_word' id='word_1_271' title='bbox 363 3513 455 3569; x_wconf 89' lang='lat' dir='ltr'><strong>solum</strong></span> <span class='ocrx_word' id='word_1_272' title='bbox 477 3512 567 3583; x_wconf 88' lang='lat' dir='ltr'><strong>velle,</strong></span> <span class='ocrx_word' id='word_1_273' title='bbox 605 3512 655 3569; x_wconf 87' lang='lat' dir='ltr'><strong>sed</strong></span> <span class='ocrx_word' id='word_1_274' title='bbox 688 3516 779 3585; x_wconf 79' lang='lat' dir='ltr'><strong>(bone</strong></span> <span class='ocrx_word' id='word_1_275' title='bbox 810 3519 888 3573; x_wconf 76' lang='lat' dir='ltr'><strong>omia</strong></span> <span class='ocrx_word' id='word_1_276' title='bbox 914 3526 965 3574; x_wconf 89' lang='lat' dir='ltr'><strong>tua</strong></span> <span class='ocrx_word' id='word_1_277' title='bbox 993 3517 1138 3590; x_wconf 83' lang='lat' dir='ltr'><strong>dixerim),</strong></span> <span class='ocrx_word' id='word_1_278' title='bbox 1172 3519 1195 3573; x_wconf 88' lang='lat' dir='ltr'><strong>ai</strong></span> <span class='ocrx_word' id='word_1_279' title='bbox 1225 3510 1316 3591; x_wconf 82' lang='lat' dir='ltr'><strong>possin.</strong></span> 
     </span>
     <span class='ocr_line' id='line_1_32' title="bbox 256 3614 1313 3693; baseline -0.006 -17"><span class='ocrx_word' id='word_1_280' title='bbox 256 3619 375 3676; x_wconf 77' lang='lat' dir='ltr'><strong>Setiam</strong></span> <span class='ocrx_word' id='word_1_281' title='bbox 398 3637 581 3693; x_wconf 84' lang='lat' dir='ltr'><strong>exsuperare.</strong></span> <span class='ocrx_word' id='word_1_282' title='bbox 629 3619 703 3676; x_wconf 88' lang='lat' dir='ltr'><strong>Illud</strong></span> <span class='ocrx_word' id='word_1_283' title='bbox 738 3640 793 3678; x_wconf 90' lang='lat' dir='ltr'><strong>neu</strong></span> <span class='ocrx_word' id='word_1_284' title='bbox 814 3621 867 3678; x_wconf 91' lang='lat' dir='ltr'><strong>tibi</strong></span> <span class='ocrx_word' id='word_1_285' title='bbox 888 3622 917 3678; x_wconf 92' lang='lat' dir='ltr'><strong>in</strong></span> <span class='ocrx_word' id='word_1_286' title='bbox 939 3641 986 3679; x_wconf 90' lang='lat' dir='ltr'><strong>me</strong></span> <span class='ocrx_word' id='word_1_287' title='bbox 1006 3641 1061 3679; x_wconf 87' lang='lat' dir='ltr'><strong>neu</strong></span> <span class='ocrx_word' id='word_1_288' title='bbox 1084 3623 1155 3680; x_wconf 92' lang='lat' dir='ltr'><strong>mihi</strong></span> <span class='ocrx_word' id='word_1_289' title='bbox 1176 3623 1205 3679; x_wconf 92' lang='lat' dir='ltr'><strong>in</strong></span> <span class='ocrx_word' id='word_1_290' title='bbox 1226 3614 1313 3678; x_wconf 80' lang='lat' dir='ltr'><strong>minori·</strong></span> 
     </span>
    </p>
   </div>
   <div class='ocr_carea' id='block_1_3' title="bbox 286 3725 1353 3802">
    <p class='ocr_par' dir='ltr' id='par_1_5' title="bbox 286 3725 1353 3802">
     <span class='ocr_line' id='line_1_33' title="bbox 286 3725 1353 3802; baseline -0.006 -22"><span class='ocrx_word' id='word_1_291' title='bbox 286 3727 340 3781; x_wconf 86' lang='lat' dir='ltr'><strong>bus</strong></span> <span class='ocrx_word' id='word_1_292' title='bbox 371 3737 441 3782; x_wconf 88' lang='lat' dir='ltr'><strong>natu</strong></span> <span class='ocrx_word' id='word_1_293' title='bbox 468 3725 555 3784; x_wconf 82' lang='lat' dir='ltr'><strong>animi</strong></span> <span class='ocrx_word' id='word_1_294' title='bbox 581 3726 634 3798; x_wconf 89' lang='lat' dir='ltr'><strong>ait,</strong></span> <span class='ocrx_word' id='word_1_295' title='bbox 670 3735 702 3784; x_wconf 89' lang='lat' dir='ltr'><strong>ut</strong></span> <span class='ocrx_word' id='word_1_296' title='bbox 727 3728 851 3785; x_wconf 88' lang='lat' dir='ltr'><strong>nolimus</strong></span> <span class='ocrx_word' id='word_1_297' title='bbox 886 3746 1060 3802; x_wconf 87' lang='lat' dir='ltr'><strong>quemquam</strong></span> <span class='ocrx_word' id='word_1_298' title='bbox 1094 3731 1187 3786; x_wconf 88' lang='lat' dir='ltr'><strong>nostri</strong></span> <span class='ocrx_word' id='word_1_299' title='bbox 1221 3725 1311 3785; x_wconf 81' lang='lat' dir='ltr'><strong>similem</strong></span> <span class='ocrx_word' id='word_1_300' title='bbox 1352 3769 1353 3776; x_wconf 73' lang='grc'>,</span> 
     </span>
    </p>
   </div>
   <div class='ocr_carea' id='block_1_4' title="bbox 287 3831 1354 3908">
    <p class='ocr_par' dir='ltr' id='par_1_6' title="bbox 287 3831 1354 3908">
     <span class='ocr_line' id='line_1_34' title="bbox 287 3831 1354 3908; baseline -0.001 -20"><span class='ocrx_word' id='word_1_301' title='bbox 287 3831 410 3888; x_wconf 88' lang='lat' dir='ltr'><strong>evadere</strong></span> <span class='ocrx_word' id='word_1_302' title='bbox 431 3831 539 3903; x_wconf 75' lang='lat' dir='ltr'><strong>civem3</strong></span> <span class='ocrx_word' id='word_1_303' title='bbox 563 3834 591 3890; x_wconf 89' lang='lat' dir='ltr'><strong>id</strong></span> <span class='ocrx_word' id='word_1_304' title='bbox 614 3835 688 3891; x_wconf 85' lang='lat' dir='ltr'><strong>enim</strong></span> <span class='ocrx_word' id='word_1_305' title='bbox 710 3853 768 3891; x_wconf 91' lang='lat' dir='ltr'><strong>non</strong></span> <span class='ocrx_word' id='word_1_306' title='bbox 790 3853 889 3892; x_wconf 89' lang='lat' dir='ltr'><strong>eorum</strong></span> <span class='ocrx_word' id='word_1_307' title='bbox 905 3834 1001 3904; x_wconf 90' lang='lat' dir='ltr'><strong>modo,</strong></span> <span class='ocrx_word' id='word_1_308' title='bbox 1024 3835 1129 3908; x_wconf 90' lang='lat' dir='ltr'><strong>quibus</strong></span> <span class='ocrx_word' id='word_1_309' title='bbox 1148 3832 1310 3891; x_wconf 67' lang='lat' dir='ltr'><strong>inuiderimus</strong></span> <span class='ocrx_word' id='word_1_310' title='bbox 1353 3854 1354 3860; x_wconf 48' lang='lat'>¹</span> 
     </span>
    </p>
   </div>
   <div class='ocr_carea' id='block_1_5' title="bbox 286 3903 1355 4015">
    <p class='ocr_par' dir='ltr' id='par_1_7' title="bbox 286 3903 1355 4015">
     <span class='ocr_line' id='line_1_35' title="bbox 286 3903 1355 4015; baseline -0.002 -23"><span class='ocrx_word' id='word_1_311' title='bbox 286 3938 337 3994; x_wconf 86' lang='lat' dir='ltr'><strong>sed</strong></span> <span class='ocrx_word' id='word_1_312' title='bbox 365 3937 406 3994; x_wconf 88' lang='lat' dir='ltr'><strong>rei</strong></span> <span class='ocrx_word' id='word_1_313' title='bbox 434 3938 555 4012; x_wconf 87' lang='lat' dir='ltr'><strong>publicae</strong></span> <span class='ocrx_word' id='word_1_314' title='bbox 582 3947 610 3995; x_wconf 91' lang='lat' dir='ltr'><strong>et</strong></span> <span class='ocrx_word' id='word_1_315' title='bbox 638 3957 719 4014; x_wconf 85' lang='lat' dir='ltr'><strong>paene</strong></span> <span class='ocrx_word' id='word_1_316' title='bbox 746 3940 838 3996; x_wconf 86' lang='lat' dir='ltr'><strong>omnis</strong></span> <span class='ocrx_word' id='word_1_317' title='bbox 862 3939 975 4015; x_wconf 86' lang='lat' dir='ltr'><strong>generis</strong></span> <span class='ocrx_word' id='word_1_318' title='bbox 1003 3941 1122 3997; x_wconf 90' lang='lat' dir='ltr'><strong>humaui</strong></span> <span class='ocrx_word' id='word_1_319' title='bbox 1144 3942 1309 3999; x_wconf 78' lang='lat' dir='ltr'><strong>detrimentum</strong></span> <span class='ocrx_word' id='word_1_320' title='bbox 1354 3903 1355 3946; x_wconf 48' lang='lat' dir='ltr'><strong>l</strong></span> 
     </span>
    </p>
   </div>
   <div class='ocr_carea' id='block_1_6' title="bbox 0 0 1378 4556">
    <p class='ocr_par' dir='ltr' id='par_1_8' title="bbox 0 0 1378 4556">
     <span class='ocr_line' id='line_1_36' title="bbox 0 0 1378 4556; baseline 0 1"><span class='ocrx_word' id='word_1_321' title='bbox 0 0 1378 4556; x_wconf 95' lang='lat' dir='ltr'><strong> </strong></span> 
     </span>
    </p>
   </div>
  </div>
 </body>
</html>
