2700 4426
389 155 469 205 Liber
485 155 585 206 XXVI.
622 156 670 218 (A.
686 155 732 206 ch.
746 158 820 218 stt.)
1054 163 1089 216 {5

70 336 210 408 moribus,
232 338 281 410 qui
302 338 360 397 iam
383 339 432 395 diu
454 338 577 414 publicis
599 338 725 397 consiliis
746 341 876 411 oberant,
902 340 1055 416 propalam
1078 342 1132 398 mi·

70 443 233 511 nabantur„
246 441 301 498 nisi
324 443 457 500 venirent
472 443 506 500 in
528 452 669 514 senatum,
694 444 771 500 circa
792 445 894 502 domos
919 465 1019 503 eorum
1040 446 1131 504 ituros

70 563 103 602 se
125 555 154 604 et
174 547 204 603 iu
225 547 371 622 publicum
401 565 502 604 omnes
531 548 561 604 vi
587 556 768 606 extracturos
790 568 862 607 esse.
913 552 945 607 Is
967 551 1053 607 timor
1073 550 1132 608 fro·

71 659 206 724 quantem
230 645 368 709 'senatum
395 653 578 728 magistratui
605 653 736 727 praebuit.
787 655 833 711 lbi
863 673 950 730 quum
982 655 1069 712 ceteri
1096 651 1161 712 det

71 754 175 829 legatis
211 757 356 814 mittendis
392 757 429 813 ad
461 757 651 832 imperatores
678 759 828 817 Romanos
855 768 989 834 agerent,
1026 760 1131 817 Vibius

71 860 196 930 Virrius,
218 845 266 934 qui
289 859 456 918 defectionis
479 873 581 920 auctor
601 865 638 920 ab
659 865 798 922 Romanis
813 863 918 932 fuerat,
939 864 1132 938 interrogatus

71 965 242 1022 sententiam
265 973 353 1040 negat
373 983 433 1036 eos,
462 968 511 1040 qui
533 969 693 1043 delegatis
715 970 895 1044 etdepace
923 986 959 1025 ac
988 964 1163 1025 deditioned

70 1070 236 1144 loquantur,
257 1071 430 1141 meminisse,
455 1089 508 1129 nec
530 1073 599 1147 quid
620 1072 726 1130 facturi
747 1073 863 1143 fuerint,
885 1073 909 1131 si
931 1074 1081 1130 Romanos
1102 1072 1133 1128 in
1185 1050 1188 1054 Δ

71 1183 215 1250 potestate
235 1175 420 1245 habuissent,
450 1196 504 1236 nec
533 1164 602 1252 quid
629 1178 699 1252 ipsis
721 1176 886 1251 patiendum
915 1176 961 1234 sit.
1016 1174 1163 1249 „Quidil

71 1284 143 1336 vos“
169 1279 262 1354 inquit
284 1299 367 1349 „eam
390 1281 562 1339 deditionem
586 1280 649 1338 fore
671 1282 808 1351 censetis,
842 1299 901 1354 qua
921 1281 1079 1354 quondam,
1101 1289 1133 1336 ut

73 1386 213 1442 adversus
228 1384 372 1442 Samnites
388 1386 527 1443 auxilium
542 1387 773 1461 impetraremus,
794 1403 848 1441 nos
863 1394 1020 1458 nostraque
1036 1384 1133 1440 omnia

73 1490 212 1547 Romanis
234 1489 415 1561 dedidimus?
442 1493 507 1549 Iam
529 1511 545 1548 e
567 1490 707 1547 memoria
729 1489 861 1557 excessit,
884 1506 942 1562 quo
960 1498 1092 1562 tempore
1106 1488 1164 1544 et5

73 1594 103 1650 in
125 1612 184 1667 qua
204 1592 322 1652 fortuna
346 1616 363 1653 a
385 1597 494 1671 populo
516 1597 650 1653 Romano
675 1593 883 1652 defecerimus?
904 1593 972 1662 iam,
990 1592 1133 1666 quemad·
1160 1580 1173 1595 ⁸

73 1700 191 1756 modum
221 1700 250 1757 in
280 1700 440 1758 defectione
469 1700 650 1776 praesidium,
686 1700 763 1773 quod
792 1706 907 1774 poterat
940 1697 1047 1765 emitti,
1083 1714 1135 1771 per

73 1804 230 1861 cruciatum
253 1814 281 1861 et
302 1807 339 1863 ad
362 1800 564 1863 coutumeliam
580 1802 762 1864 necarimus?
785 1802 898 1876 quoties
916 1801 947 1857 in
961 1798 1166 1870 obsidentes,6

73 1926 161 1982 quam
183 1909 297 1966 inimice
318 1911 513 1984 eruperimus,
545 1919 642 1967 castra
664 1907 908 1983 oppugnarimus,
940 1904 1134 1962 Hannibalem

74 2013 274 2070 vocaverimus
296 2015 334 2072 ad
356 2015 560 2090 opprimendos
583 2013 654 2071 eos?
675 2014 731 2070 hoc
747 2011 825 2086 quod
840 2009 1068 2067 recentissimum
1083 2016 1135 2078 est,

77 2118 115 2196 ad
136 2121 361 2192 oppugnandam
384 2121 510 2177 Romam
531 2119 597 2198 hino
622 2137 685 2176 eum
709 2115 891 2173 miserimus?
936 2117 1003 2188 Age
1025 2112 1164 2182 contra,7

78 2240 142 2296 quea
162 2221 204 2278 illi
224 2221 327 2281 infeste
350 2224 381 2280 in
401 2242 455 2280 nos
473 2223 603 2293 fecerint,
630 2222 761 2296 repetite,
783 2230 815 2277 ut
836 2239 873 2276 ex
897 2239 948 2288 eo,
982 2218 1051 2292 quid
1070 2235 1135 2292 spe·

76 2326 162 2396 retis,
200 2327 342 2385 habeatis.
395 2327 490 2400 Quum
519 2327 611 2384 hostis
633 2326 846 2400 alienigenam
877 2323 966 2381 Italia
986 2332 1075 2392 esset,
1108 2330 1136 2378 et
1186 2350 1187 2356 κ

76 2430 227 2488 Hannibal
254 2432 362 2501 hostis,
392 2441 421 2488 et
443 2442 547 2488 cuncta
568 2431 644 2488 bello
668 2431 817 2499 arderent,
848 2428 963 2486 omissis
993 2427 1135 2496 omnibus,

77 2536 185 2593 omisso
206 2535 271 2611 ipso
293 2536 474 2605 Hannibale,
506 2536 593 2593 ambo
613 2535 745 2592 consules
766 2544 796 2591 et
818 2534 875 2590 duo
898 2531 1063 2590 consulares
1085 2549 1136 2586 ex·
1197 2590 1199 2594 λ
1249 2524 1253 2528 ’

77 2641 182 2698 orcitus
204 2641 241 2697 ad
264 2638 396 2714 Capuam
418 2642 644 2716 oppugnandam
673 2640 821 2696 miseruut.
865 2632 998 2694 Alterum
1029 2632 1167 2691 annum8

76 2745 309 2802 circumvallatos
330 2744 514 2819 inclusosque
528 2763 581 2801 nos
596 2744 674 2801 fame
690 2751 846 2810 macerant,
869 2749 897 2798 et
916 2740 972 2815 ipsi
986 2739 1136 2796 nobiscum

77 2849 181 2906 ultima
200 2849 329 2925 pericula
353 2858 382 2906 et
408 2850 596 2924 gravissimos
621 2849 737 2906 labores
759 2845 898 2921 perpessi,
928 2844 1007 2900 cirea
1027 2843 1135 2900 vallum

78 2972 113 3011 ac
134 2952 230 3011 fossas
251 2970 328 3029 saepe
348 2955 483 3011 trucidati
507 2972 542 3010 ao
563 2971 654 3028 prope
677 2952 714 3008 ad
736 2959 895 3007 extremum
925 2947 1026 3006 castris
1048 2946 1136 3003 exuti.
1200 2939 1203 2945 ’

78 3057 137 3117 Sed
159 3057 261 3115 omitto
281 3060 358 3127 haec;
390 3068 472 3116 vetus
496 3066 584 3131 atque
603 3056 711 3113 usitata
732 3075 779 3112 res
807 3063 852 3112 est
880 3055 910 3110 in
940 3050 1167 3127 oppugnandas

77 3161 203 3219 hostium
224 3163 296 3220 urbe
318 3163 433 3234 labores
454 3181 489 3219 ao
512 3161 641 3236 pericula
668 3160 745 3235 pati3
779 3159 851 3216 illud
880 3157 931 3213 irae
961 3166 1048 3229 atque
1078 3154 1137 3213 odii

79 3266 264 3324 exsecrabilis
287 3266 422 3324 indicium
446 3276 500 3326 est.
543 3265 693 3322 Hannibal
711 3265 874 3340 ingentibus
896 3261 987 3336 copiis
1007 3259 1137 3333 peditum
1154 3259 1188 3312 to

79 3372 265 3444 equitumque
286 3379 382 3427 castra
404 3371 584 3445 oppugnavit
598 3383 628 3427 et
642 3388 679 3426 ex
694 3379 778 3444 parte
792 3366 882 3441 oepit;
913 3373 995 3421 tanto
1010 3362 1137 3437 periculo

78 3475 150 3530 nihil
170 3474 242 3531 moti
264 3485 330 3532 sunt
351 3476 388 3533 ab
411 3476 570 3536 obsidione.
612 3472 766 3534 Profectus
787 3479 867 3528 trans
882 3468 1057 3526 Vulturnum
1072 3484 1138 3539 per·

30 3572 32 3577 ⁴
78 3579 151 3635 ussit
181 3577 320 3636 Calenum
351 3595 467 3651 agrum;
505 3578 575 3634 nihil
607 3586 689 3634 tanta
718 3576 862 3634 sociorum
901 3572 983 3630 clade
1022 3570 1139 3629 avocati

28 3684 31 3689 ’
78 3691 154 3739 sunt.
212 3684 261 3740 Ad
290 3683 383 3756 ipsam
413 3683 512 3738 urbem
544 3683 670 3740 Romam
698 3680 804 3736 infesta
834 3679 918 3753 signo
946 3674 1016 3732 ferri
1042 3675 1186 3743 iussit311

80 3807 143 3846 eam
160 3806 277 3862 quoque
291 3794 489 3861 tempestatem
508 3786 704 3843 imminentem
715 3790 894 3859 spreverunt
926 3779 1139 3854 Transgressus
1237 3781 1239 3785 ’

79 3893 221 3950 Anienem
244 3910 357 3948 amnem
379 3891 436 3948 tria
460 3889 551 3947 millia
582 3907 720 3964 passuum
751 3887 788 3944 ab
818 3885 890 3943 urbe
917 3894 1014 3943 castra
1034 3884 1139 3960 posuit,
