<?xml version="1.0" encoding="UTF-8"?>
<!DOCTYPE html PUBLIC "-//W3C//DTD XHTML 1.0 Transitional//EN"
    "http://www.w3.org/TR/xhtml1/DTD/xhtml1-transitional.dtd">
<html xmlns="http://www.w3.org/1999/xhtml" xml:lang="en" lang="en">
 <head>
  <title>
</title>
<meta http-equiv="Content-Type" content="text/html;charset=utf-8" />
  <meta name='ocr-system' content='tesseract 3.04.00' />
  <meta name='ocr-capabilities' content='ocr_page ocr_carea ocr_par ocr_line ocrx_word'/>
</head>
<body>
  <div class='ocr_page' id='page_1' title='image "./titiliviihistor01ussigoog/titiliviihistor01ussigoog_0351.png"; bbox 0 0 2680 4546; ppageno 0'>
   <div class='ocr_carea' id='block_1_1' title="bbox 308 261 1015 326">
    <p class='ocr_par' dir='ltr' id='par_1_1' title="bbox 308 261 1015 326">
     <span class='ocr_line' id='line_1_1' title="bbox 308 261 1015 326; baseline -0.007 -10"><span class='ocrx_word' id='word_1_1' title='bbox 308 271 344 324; x_wconf 76' lang='lat' dir='ltr'>ru</span> <span class='ocrx_word' id='word_1_2' title='bbox 573 263 651 314; x_wconf 77' lang='lat' dir='ltr'>Liber</span> <span class='ocrx_word' id='word_1_3' title='bbox 667 261 768 316; x_wconf 77' lang='lat' dir='ltr'>xm</span> <span class='ocrx_word' id='word_1_4' title='bbox 805 264 884 326; x_wconf 79' lang='grc' dir='ltr'><strong>(Δ.ιι</strong></span> <span class='ocrx_word' id='word_1_5' title='bbox 907 261 1015 323; x_wconf 72' lang='lat' dir='ltr'>aare.)</span> 
     </span>
    </p>
   </div>
   <div class='ocr_carea' id='block_1_2' title="bbox 214 445 1337 1177">
    <p class='ocr_par' dir='ltr' id='par_1_2' title="bbox 214 445 1337 1177">
     <span class='ocr_line' id='line_1_2' title="bbox 262 445 1324 524; baseline -0.003 -20"><span class='ocrx_word' id='word_1_6' title='bbox 262 447 426 524; x_wconf 77' lang='lat' dir='ltr'>proconsul,</span> <span class='ocrx_word' id='word_1_7' title='bbox 437 447 492 516; x_wconf 91' lang='lat' dir='ltr'>cui,</span> <span class='ocrx_word' id='word_1_8' title='bbox 502 445 615 522; x_wconf 75' lang='lat' dir='ltr'>collega</span> <span class='ocrx_word' id='word_1_9' title='bbox 623 465 661 504; x_wconf 88' lang='lat' dir='ltr'>ex</span> <span class='ocrx_word' id='word_1_10' title='bbox 667 446 787 504; x_wconf 86' lang='lat' dir='ltr'>vulnere</span> <span class='ocrx_word' id='word_1_11' title='bbox 794 465 883 522; x_wconf 78' lang='lat' dir='ltr'>egro,</span> <span class='ocrx_word' id='word_1_12' title='bbox 892 446 1118 522; x_wconf 76' lang='lat' dir='ltr'>digrediundum</span> <span class='ocrx_word' id='word_1_13' title='bbox 1127 447 1261 504; x_wconf 83' lang='lat' dir='ltr'>Romam</span> <span class='ocrx_word' id='word_1_14' title='bbox 1269 455 1324 516; x_wconf 70' lang='lat' dir='ltr'>erat,</span> 
     </span>
     <span class='ocr_line' id='line_1_3' title="bbox 262 550 1324 626; baseline -0.004 -16"><span class='ocrx_word' id='word_1_15' title='bbox 262 553 392 610; x_wconf 78' lang='lat' dir='ltr'>etr-ibus</span> <span class='ocrx_word' id='word_1_16' title='bbox 413 551 587 610; x_wconf 75' lang='lat' dir='ltr'>exercitibus</span> <span class='ocrx_word' id='word_1_17' title='bbox 610 550 700 608; x_wconf 90' lang='lat' dir='ltr'>milite</span> <span class='ocrx_word' id='word_1_18' title='bbox 721 551 823 622; x_wconf 89' lang='lat' dir='ltr'>electo,</span> <span class='ocrx_word' id='word_1_19' title='bbox 846 552 884 608; x_wconf 87' lang='lat' dir='ltr'>ad</span> <span class='ocrx_word' id='word_1_20' title='bbox 906 551 1071 626; x_wconf 90' lang='lat' dir='ltr'>quindecim</span> <span class='ocrx_word' id='word_1_21' title='bbox 1087 550 1187 608; x_wconf 88' lang='lat' dir='ltr'>millia</span> <span class='ocrx_word' id='word_1_22' title='bbox 1200 551 1324 626; x_wconf 79' lang='lat' dir='ltr'>peditum,</span> 
     </span>
     <span class='ocr_line' id='line_1_4' title="bbox 214 655 1323 731; baseline -0.004 -15"><span class='ocrx_word' id='word_1_23' title='bbox 214 663 249 717; x_wconf 85' lang='lat' dir='ltr'>lb</span> <span class='ocrx_word' id='word_1_24' title='bbox 263 657 341 714; x_wconf 86' lang='lat' dir='ltr'>mille</span> <span class='ocrx_word' id='word_1_25' title='bbox 371 657 481 731; x_wconf 82' lang='lat' dir='ltr'>equites</span> <span class='ocrx_word' id='word_1_26' title='bbox 509 655 685 712; x_wconf 79' lang='lat' dir='ltr'><strong>Vulturnum</strong></span> <span class='ocrx_word' id='word_1_27' title='bbox 718 655 852 712; x_wconf 83' lang='lat' dir='ltr'>traducit.</span> <span class='ocrx_word' id='word_1_28' title='bbox 912 655 986 712; x_wconf 88' lang='lat' dir='ltr'>Iuda</span> <span class='ocrx_word' id='word_1_29' title='bbox 1013 673 1105 730; x_wconf 89' lang='lat' dir='ltr'>quum</span> <span class='ocrx_word' id='word_1_30' title='bbox 1136 655 1323 712; x_wconf 77' lang='lat' dir='ltr'>Hanmbelre</span> 
     </span>
     <span class='ocr_line' id='line_1_5' title="bbox 264 759 1337 868; baseline -0.004 -49"><span class='ocrx_word' id='word_1_31' title='bbox 264 762 369 820; x_wconf 86' lang='lat' dir='ltr'>Latina</span> <span class='ocrx_word' id='word_1_32' title='bbox 391 761 439 819; x_wconf 83' lang='lat' dir='ltr'>via</span> <span class='ocrx_word' id='word_1_33' title='bbox 460 761 566 818; x_wconf 89' lang='lat' dir='ltr'>iturum</span> <span class='ocrx_word' id='word_1_34' title='bbox 588 760 659 817; x_wconf 86' lang='lat' dir='ltr'>satis</span> <span class='ocrx_word' id='word_1_35' title='bbox 686 761 888 836; x_wconf 86' lang='lat' dir='ltr'>comperisset,</span> <span class='ocrx_word' id='word_1_36' title='bbox 916 761 979 835; x_wconf 89' lang='lat' dir='ltr'>ipse</span> <span class='ocrx_word' id='word_1_37' title='bbox 1005 779 1059 835; x_wconf 88' lang='lat' dir='ltr'>per</span> <span class='ocrx_word' id='word_1_38' title='bbox 1084 760 1197 835; x_wconf 76' lang='lat' dir='ltr'>Appiae</span> <span class='ocrx_word' id='word_1_39' title='bbox 1217 759 1337 868; x_wconf 50' lang='lat' dir='ltr'>muniri-7</span> 
     </span>
     <span class='ocr_line' id='line_1_6' title="bbox 262 863 1337 942; baseline -0.004 -19"><span class='ocrx_word' id='word_1_40' title='bbox 262 867 312 942; x_wconf 86' lang='lat' dir='ltr'>pia</span> <span class='ocrx_word' id='word_1_41' title='bbox 334 885 455 942; x_wconf 74' lang='lat' dir='ltr'>quaque</span> <span class='ocrx_word' id='word_1_42' title='bbox 478 877 597 941; x_wconf 86' lang='lat' dir='ltr'>propter</span> <span class='ocrx_word' id='word_1_43' title='bbox 618 883 682 922; x_wconf 86' lang='lat' dir='ltr'>eam</span> <span class='ocrx_word' id='word_1_44' title='bbox 710 865 789 922; x_wconf 86' lang='lat' dir='ltr'>viam</span> <span class='ocrx_word' id='word_1_45' title='bbox 810 874 891 935; x_wconf 87' lang='lat' dir='ltr'>sunt,</span> <span class='ocrx_word' id='word_1_46' title='bbox 920 864 1046 935; x_wconf 88' lang='lat' dir='ltr'>Setiam,</span> <span class='ocrx_word' id='word_1_47' title='bbox 1077 864 1208 934; x_wconf 87' lang='lat' dir='ltr'>Coram,</span> <span class='ocrx_word' id='word_1_48' title='bbox 1248 863 1337 929; x_wconf 64' lang='lat' dir='ltr'>Lari-l</span> 
     </span>
     <span class='ocr_line' id='line_1_7' title="bbox 214 963 1337 1046; baseline -0.004 -17"><span class='ocrx_word' id='word_1_49' title='bbox 214 979 246 1036; x_wconf 80' lang='lat' dir='ltr'>tt</span> <span class='ocrx_word' id='word_1_50' title='bbox 264 973 342 1029; x_wconf 91' lang='lat' dir='ltr'>nium</span> <span class='ocrx_word' id='word_1_51' title='bbox 365 969 520 1046; x_wconf 80' lang='lat' dir='ltr'>praemisit,</span> <span class='ocrx_word' id='word_1_52' title='bbox 555 979 587 1028; x_wconf 89' lang='lat' dir='ltr'>ut</span> <span class='ocrx_word' id='word_1_53' title='bbox 607 980 786 1028; x_wconf 84' lang='lat' dir='ltr'>commeatus</span> <span class='ocrx_word' id='word_1_54' title='bbox 808 980 928 1045; x_wconf 84' lang='lat' dir='ltr'>paratos</span> <span class='ocrx_word' id='word_1_55' title='bbox 949 978 978 1027; x_wconf 92' lang='lat' dir='ltr'>et</span> <span class='ocrx_word' id='word_1_56' title='bbox 998 970 1027 1026; x_wconf 93' lang='lat' dir='ltr'>in</span> <span class='ocrx_word' id='word_1_57' title='bbox 1046 971 1174 1027; x_wconf 79' lang='lat' dir='ltr'><strong>urbibus</strong></span> <span class='ocrx_word' id='word_1_58' title='bbox 1195 963 1337 1026; x_wconf 71' lang='lat' dir='ltr'>urbemi</span> 
     </span>
     <span class='ocr_line' id='line_1_8' title="bbox 263 1073 1336 1177; baseline -0.005 -44"><span class='ocrx_word' id='word_1_59' title='bbox 263 1085 291 1134; x_wconf 87' lang='lat' dir='ltr'>et</span> <span class='ocrx_word' id='word_1_60' title='bbox 313 1093 350 1133; x_wconf 85' lang='lat' dir='ltr'>ex</span> <span class='ocrx_word' id='word_1_61' title='bbox 372 1076 451 1152; x_wconf 83' lang='lat' dir='ltr'>agris</span> <span class='ocrx_word' id='word_1_62' title='bbox 477 1075 568 1132; x_wconf 83' lang='lat' dir='ltr'>deviis</span> <span class='ocrx_word' id='word_1_63' title='bbox 589 1075 619 1131; x_wconf 91' lang='lat' dir='ltr'>in</span> <span class='ocrx_word' id='word_1_64' title='bbox 644 1074 722 1132; x_wconf 88' lang='lat' dir='ltr'>viam</span> <span class='ocrx_word' id='word_1_65' title='bbox 750 1073 930 1150; x_wconf 82' lang='lat' dir='ltr'>proferrent,</span> <span class='ocrx_word' id='word_1_66' title='bbox 961 1074 1161 1149; x_wconf 72' lang='lat' dir='ltr'>praesidiaque</span> <span class='ocrx_word' id='word_1_67' title='bbox 1192 1073 1223 1130; x_wconf 90' lang='lat' dir='ltr'>in</span> <span class='ocrx_word' id='word_1_68' title='bbox 1249 1073 1336 1177; x_wconf 66' lang='lat' dir='ltr'>urbaq</span> 
     </span>
    </p>
   </div>
   <div class='ocr_carea' id='block_1_3' title="bbox 168 1175 1337 4079">
    <p class='ocr_par' dir='ltr' id='par_1_3' title="bbox 168 1175 1337 4079">
     <span class='ocr_line' id='line_1_9' title="bbox 263 1175 1334 1255; baseline -0.003 -17"><span class='ocrx_word' id='word_1_69' title='bbox 263 1182 475 1250; x_wconf 69' lang='lat' dir='ltr'>contraherent,</span> <span class='ocrx_word' id='word_1_70' title='bbox 497 1191 530 1237; x_wconf 86' lang='lat' dir='ltr'>ut</span> <span class='ocrx_word' id='word_1_71' title='bbox 547 1197 601 1237; x_wconf 84' lang='lat' dir='ltr'>sua</span> <span class='ocrx_word' id='word_1_72' title='bbox 624 1175 727 1253; x_wconf 89' lang='lat' dir='ltr'>c&#39;uique</span> <span class='ocrx_word' id='word_1_73' title='bbox 746 1197 794 1237; x_wconf 89' lang='lat' dir='ltr'>res</span> <span class='ocrx_word' id='word_1_74' title='bbox 815 1179 932 1255; x_wconf 87' lang='lat' dir='ltr'>publica</span> <span class='ocrx_word' id='word_1_75' title='bbox 952 1180 982 1236; x_wconf 92' lang='lat' dir='ltr'>in</span> <span class='ocrx_word' id='word_1_76' title='bbox 1004 1198 1095 1236; x_wconf 90' lang='lat' dir='ltr'>manu</span> <span class='ocrx_word' id='word_1_77' title='bbox 1118 1188 1208 1236; x_wconf 86' lang='lat' dir='ltr'>esset.</span> <span class='ocrx_word' id='word_1_78' title='bbox 1329 1204 1334 1254; x_wconf 48' lang='grc' dir='ltr'><strong>ᾗ</strong></span> 
     </span>
     <span class='ocr_line' id='line_1_10' title="bbox 168 1281 1334 1361; baseline -0.003 -19"><span class='ocrx_word' id='word_1_79' title='bbox 168 1284 189 1352; x_wconf 75' lang='lat' dir='ltr'>ll</span> <span class='ocrx_word' id='word_1_80' title='bbox 346 1285 506 1356; x_wconf 78' lang='lat' dir='ltr'>Hannibal,</span> <span class='ocrx_word' id='word_1_81' title='bbox 527 1305 586 1361; x_wconf 93' lang='lat' dir='ltr'>quo</span> <span class='ocrx_word' id='word_1_82' title='bbox 610 1286 656 1342; x_wconf 87' lang='lat' dir='ltr'>die</span> <span class='ocrx_word' id='word_1_83' title='bbox 678 1281 855 1341; x_wconf 81' lang='lat' dir='ltr'><strong>Vulturnum</strong></span> <span class='ocrx_word' id='word_1_84' title='bbox 871 1294 914 1340; x_wconf 90' lang='lat' dir='ltr'>est</span> <span class='ocrx_word' id='word_1_85' title='bbox 929 1293 1140 1358; x_wconf 78' lang='lat' dir='ltr'>transgressus,</span> <span class='ocrx_word' id='word_1_86' title='bbox 1163 1284 1244 1341; x_wconf 91' lang='lat' dir='ltr'>haud</span> <span class='ocrx_word' id='word_1_87' title='bbox 1264 1301 1334 1357; x_wconf 64' lang='lat' dir='ltr'>pro-1</span> 
     </span>
     <span class='ocr_line' id='line_1_11' title="bbox 232 1382 1334 1465; baseline -0.005 -15"><span class='ocrx_word' id='word_1_88' title='bbox 232 1395 249 1450; x_wconf 82' lang='lat'>2</span> <span class='ocrx_word' id='word_1_89' title='bbox 263 1389 309 1446; x_wconf 92' lang='lat' dir='ltr'>cul</span> <span class='ocrx_word' id='word_1_90' title='bbox 330 1409 348 1446; x_wconf 85' lang='lat' dir='ltr'>a</span> <span class='ocrx_word' id='word_1_91' title='bbox 369 1391 486 1448; x_wconf 85' lang='lat' dir='ltr'>flumine</span> <span class='ocrx_word' id='word_1_92' title='bbox 507 1401 604 1448; x_wconf 85' lang='lat' dir='ltr'>castra</span> <span class='ocrx_word' id='word_1_93' title='bbox 626 1390 738 1465; x_wconf 80' lang='lat' dir='ltr'>posuit3</span> <span class='ocrx_word' id='word_1_94' title='bbox 759 1399 877 1464; x_wconf 87' lang='lat' dir='ltr'>postero</span> <span class='ocrx_word' id='word_1_95' title='bbox 898 1389 944 1446; x_wconf 90' lang='lat' dir='ltr'>die</span> <span class='ocrx_word' id='word_1_96' title='bbox 959 1398 1064 1463; x_wconf 76' lang='lat' dir='ltr'>praeter</span> <span class='ocrx_word' id='word_1_97' title='bbox 1079 1385 1171 1446; x_wconf 88' lang='lat' dir='ltr'>Cales</span> <span class='ocrx_word' id='word_1_98' title='bbox 1185 1389 1215 1445; x_wconf 92' lang='lat' dir='ltr'>in</span> <span class='ocrx_word' id='word_1_99' title='bbox 1230 1405 1317 1463; x_wconf 83' lang='lat' dir='ltr'>agruu</span> <span class='ocrx_word' id='word_1_100' title='bbox 1333 1382 1334 1386; x_wconf 61' lang='grc'>’</span> 
     </span>
     <span class='ocr_line' id='line_1_12' title="bbox 262 1491 1317 1570; baseline -0.004 -18"><span class='ocrx_word' id='word_1_101' title='bbox 262 1493 419 1552; x_wconf 83' lang='lat' dir='ltr'>Sidicinum</span> <span class='ocrx_word' id='word_1_102' title='bbox 444 1496 584 1570; x_wconf 86' lang='lat' dir='ltr'>pervenit.</span> <span class='ocrx_word' id='word_1_103' title='bbox 633 1494 680 1552; x_wconf 91' lang='lat' dir='ltr'>lbi</span> <span class='ocrx_word' id='word_1_104' title='bbox 708 1494 783 1551; x_wconf 91' lang='lat' dir='ltr'>diem</span> <span class='ocrx_word' id='word_1_105' title='bbox 816 1513 904 1550; x_wconf 90' lang='lat' dir='ltr'>unum</span> <span class='ocrx_word' id='word_1_106' title='bbox 931 1491 1101 1568; x_wconf 85' lang='lat' dir='ltr'>populando</span> <span class='ocrx_word' id='word_1_107' title='bbox 1126 1502 1259 1550; x_wconf 88' lang='lat' dir='ltr'>moratus</span> <span class='ocrx_word' id='word_1_108' title='bbox 1276 1509 1317 1565; x_wconf 87' lang='lat' dir='ltr'>per</span> 
     </span>
     <span class='ocr_line' id='line_1_13' title="bbox 263 1584 1334 1681; baseline -0.004 -25"><span class='ocrx_word' id='word_1_109' title='bbox 263 1598 439 1656; x_wconf 81' lang='lat' dir='ltr'>Suessanum</span> <span class='ocrx_word' id='word_1_110' title='bbox 473 1599 694 1675; x_wconf 79' lang='lat' dir='ltr'>Allifanumque</span> <span class='ocrx_word' id='word_1_111' title='bbox 727 1608 756 1656; x_wconf 85' lang='lat' dir='ltr'>et</span> <span class='ocrx_word' id='word_1_112' title='bbox 790 1597 957 1656; x_wconf 76' lang='lat' dir='ltr'>Casinatem</span> <span class='ocrx_word' id='word_1_113' title='bbox 992 1615 1096 1672; x_wconf 85' lang='lat' dir='ltr'>agrum</span> <span class='ocrx_word' id='word_1_114' title='bbox 1133 1597 1187 1654; x_wconf 82' lang='lat' dir='ltr'>via</span> <span class='ocrx_word' id='word_1_115' title='bbox 1225 1584 1334 1681; x_wconf 67' lang='lat' dir='ltr'>Latinaq=</span> 
     </span>
     <span class='ocr_line' id='line_1_14' title="bbox 262 1692 1334 1777; baseline -0.004 -18"><span class='ocrx_word' id='word_1_116' title='bbox 262 1703 348 1760; x_wconf 83' lang='lat' dir='ltr'>ducit.</span> <span class='ocrx_word' id='word_1_117' title='bbox 409 1702 470 1762; x_wconf 91' lang='lat' dir='ltr'>Sub</span> <span class='ocrx_word' id='word_1_118' title='bbox 492 1703 630 1762; x_wconf 87' lang='lat' dir='ltr'>Casinum</span> <span class='ocrx_word' id='word_1_119' title='bbox 658 1703 745 1760; x_wconf 90' lang='lat' dir='ltr'>biduo</span> <span class='ocrx_word' id='word_1_120' title='bbox 770 1703 880 1759; x_wconf 86' lang='lat' dir='ltr'>stativa</span> <span class='ocrx_word' id='word_1_121' title='bbox 899 1702 999 1760; x_wconf 85' lang='lat' dir='ltr'>habita</span> <span class='ocrx_word' id='word_1_122' title='bbox 1022 1713 1053 1759; x_wconf 87' lang='lat' dir='ltr'>et</span> <span class='ocrx_word' id='word_1_123' title='bbox 1072 1702 1186 1776; x_wconf 86' lang='lat' dir='ltr'>passim</span> <span class='ocrx_word' id='word_1_124' title='bbox 1209 1692 1334 1777; x_wconf 79' lang='lat' dir='ltr'>popula-i</span> 
     </span>
     <span class='ocr_line' id='line_1_15' title="bbox 232 1807 1310 1884; baseline -0.005 -17"><span class='ocrx_word' id='word_1_125' title='bbox 232 1808 355 1867; x_wconf 87' lang='lat' dir='ltr'>3tiones</span> <span class='ocrx_word' id='word_1_126' title='bbox 379 1807 473 1866; x_wconf 79' lang='lat' dir='ltr'>factae.</span> <span class='ocrx_word' id='word_1_127' title='bbox 515 1809 588 1866; x_wconf 90' lang='lat' dir='ltr'>Inde</span> <span class='ocrx_word' id='word_1_128' title='bbox 609 1817 714 1884; x_wconf 84' lang='lat' dir='ltr'>praeter</span> <span class='ocrx_word' id='word_1_129' title='bbox 737 1809 933 1864; x_wconf 74' lang='lat' dir='ltr'>Interamnam</span> <span class='ocrx_word' id='word_1_130' title='bbox 957 1807 1171 1881; x_wconf 88' lang='lat' dir='ltr'>Aquinumque</span> <span class='ocrx_word' id='word_1_131' title='bbox 1201 1808 1231 1863; x_wconf 94' lang='lat' dir='ltr'>in</span> <span class='ocrx_word' id='word_1_132' title='bbox 1257 1808 1310 1862; x_wconf 77' lang='lat' dir='ltr'>Fre</span> 
     </span>
     <span class='ocr_line' id='line_1_16' title="bbox 261 1892 1334 2001; baseline -0.002 -32"><span class='ocrx_word' id='word_1_133' title='bbox 261 1913 407 1988; x_wconf 83' lang='lat' dir='ltr'>gelianum</span> <span class='ocrx_word' id='word_1_134' title='bbox 438 1931 540 1988; x_wconf 81' lang='lat' dir='ltr'>agrum</span> <span class='ocrx_word' id='word_1_135' title='bbox 571 1913 609 1970; x_wconf 87' lang='lat' dir='ltr'>ad</span> <span class='ocrx_word' id='word_1_136' title='bbox 640 1912 729 1970; x_wconf 89' lang='lat' dir='ltr'>Lirim</span> <span class='ocrx_word' id='word_1_137' title='bbox 760 1912 878 1971; x_wconf 86' lang='lat' dir='ltr'>fluvium</span> <span class='ocrx_word' id='word_1_138' title='bbox 914 1921 1050 1982; x_wconf 86' lang='lat' dir='ltr'>ventum,</span> <span class='ocrx_word' id='word_1_139' title='bbox 1080 1912 1132 1968; x_wconf 94' lang='lat' dir='ltr'>ubi</span> <span class='ocrx_word' id='word_1_140' title='bbox 1163 1892 1334 2001; x_wconf 61' lang='lat' dir='ltr'>intercisuui</span> 
     </span>
     <span class='ocr_line' id='line_1_17' title="bbox 233 2015 1337 2096; baseline -0.005 -20"><span class='ocrx_word' id='word_1_141' title='bbox 233 2029 380 2096; x_wconf 72' lang='lat' dir='ltr'>tpontem</span> <span class='ocrx_word' id='word_1_142' title='bbox 412 2036 430 2075; x_wconf 89' lang='lat' dir='ltr'>a</span> <span class='ocrx_word' id='word_1_143' title='bbox 462 2016 643 2091; x_wconf 84' lang='lat' dir='ltr'>Fregellanis</span> <span class='ocrx_word' id='word_1_144' title='bbox 673 2017 806 2074; x_wconf 90' lang='lat' dir='ltr'>morandi</span> <span class='ocrx_word' id='word_1_145' title='bbox 839 2017 949 2074; x_wconf 89' lang='lat' dir='ltr'>itineris</span> <span class='ocrx_word' id='word_1_146' title='bbox 983 2035 1074 2074; x_wconf 87' lang='lat' dir='ltr'>causa</span> <span class='ocrx_word' id='word_1_147' title='bbox 1107 2017 1229 2073; x_wconf 80' lang='lat' dir='ltr'>invenit</span> <span class='ocrx_word' id='word_1_148' title='bbox 1281 2015 1309 2070; x_wconf 80' lang='lat' dir='ltr'>n</span> <span class='ocrx_word' id='word_1_149' title='bbox 1336 2055 1337 2059; x_wconf 65' lang='lat'>,</span> 
     </span>
     <span class='ocr_line' id='line_1_18' title="bbox 263 2118 1337 2193; baseline -0.002 -11"><span class='ocrx_word' id='word_1_150' title='bbox 263 2125 397 2182; x_wconf 88' lang='lat' dir='ltr'>Fulvium</span> <span class='ocrx_word' id='word_1_151' title='bbox 428 2122 588 2178; x_wconf 85' lang='lat' dir='ltr'>Vulturnus</span> <span class='ocrx_word' id='word_1_152' title='bbox 624 2131 756 2179; x_wconf 85' lang='lat' dir='ltr'>tenuerat</span> <span class='ocrx_word' id='word_1_153' title='bbox 786 2124 894 2193; x_wconf 84' lang='lat' dir='ltr'>amuis,</span> <span class='ocrx_word' id='word_1_154' title='bbox 929 2122 1052 2180; x_wconf 85' lang='lat' dir='ltr'>neribus</span> <span class='ocrx_word' id='word_1_155' title='bbox 1091 2123 1131 2178; x_wconf 88' lang='lat' dir='ltr'>ab</span> <span class='ocrx_word' id='word_1_156' title='bbox 1163 2118 1308 2178; x_wconf 78' lang='lat' dir='ltr'>Hannibale</span> <span class='ocrx_word' id='word_1_157' title='bbox 1336 2149 1337 2180; x_wconf 77' lang='grc'><strong>;</strong></span> 
     </span>
     <span class='ocr_line' id='line_1_19' title="bbox 262 2223 1333 2339; baseline -0.007 -53"><span class='ocrx_word' id='word_1_158' title='bbox 262 2228 401 2297; x_wconf 86' lang='lat' dir='ltr'>incensis,</span> <span class='ocrx_word' id='word_1_159' title='bbox 433 2232 511 2283; x_wconf 86' lang='lat' dir='ltr'>rates</span> <span class='ocrx_word' id='word_1_160' title='bbox 541 2225 578 2282; x_wconf 88' lang='lat' dir='ltr'>ad</span> <span class='ocrx_word' id='word_1_161' title='bbox 609 2226 808 2285; x_wconf 87' lang='lat' dir='ltr'>traiioiendum</span> <span class='ocrx_word' id='word_1_162' title='bbox 838 2226 995 2286; x_wconf 85' lang='lat' dir='ltr'>exercitum</span> <span class='ocrx_word' id='word_1_163' title='bbox 1025 2227 1055 2283; x_wconf 92' lang='lat' dir='ltr'>in</span> <span class='ocrx_word' id='word_1_164' title='bbox 1090 2244 1202 2301; x_wconf 83' lang='lat' dir='ltr'>magna</span> <span class='ocrx_word' id='word_1_165' title='bbox 1229 2223 1333 2339; x_wconf 59' lang='lat' dir='ltr'>inopia!</span> 
     </span>
     <span class='ocr_line' id='line_1_20' title="bbox 232 2327 1333 2427; baseline -0.004 -38"><span class='ocrx_word' id='word_1_166' title='bbox 232 2333 390 2395; x_wconf 79' lang='lat' dir='ltr'>5materiae</span> <span class='ocrx_word' id='word_1_167' title='bbox 412 2349 488 2406; x_wconf 74' lang='lat' dir='ltr'>tegre</span> <span class='ocrx_word' id='word_1_168' title='bbox 511 2341 738 2406; x_wconf 85' lang='lat' dir='ltr'>comparantem.</span> <span class='ocrx_word' id='word_1_169' title='bbox 788 2333 926 2390; x_wconf 76' lang='lat' dir='ltr'>Treiecto</span> <span class='ocrx_word' id='word_1_170' title='bbox 952 2331 1066 2388; x_wconf 87' lang='lat' dir='ltr'>ratibus</span> <span class='ocrx_word' id='word_1_171' title='bbox 1088 2332 1233 2398; x_wconf 86' lang='lat' dir='ltr'>exercitu,</span> <span class='ocrx_word' id='word_1_172' title='bbox 1257 2327 1333 2427; x_wconf 64' lang='lat' dir='ltr'>idi-q</span> 
     </span>
     <span class='ocr_line' id='line_1_21' title="bbox 262 2434 1336 2512; baseline -0.001 -19"><span class='ocrx_word' id='word_1_173' title='bbox 262 2455 349 2511; x_wconf 91' lang='lat' dir='ltr'>quum</span> <span class='ocrx_word' id='word_1_174' title='bbox 372 2435 478 2494; x_wconf 81' lang='lat' dir='ltr'>Fulvio</span> <span class='ocrx_word' id='word_1_175' title='bbox 502 2434 667 2508; x_wconf 87' lang='lat' dir='ltr'>expeditum</span> <span class='ocrx_word' id='word_1_176' title='bbox 689 2435 753 2505; x_wconf 89' lang='lat' dir='ltr'>iter,</span> <span class='ocrx_word' id='word_1_177' title='bbox 780 2455 839 2492; x_wconf 93' lang='lat' dir='ltr'>nou</span> <span class='ocrx_word' id='word_1_178' title='bbox 859 2456 913 2512; x_wconf 88' lang='lat' dir='ltr'>per</span> <span class='ocrx_word' id='word_1_179' title='bbox 935 2439 1020 2496; x_wconf 84' lang='lat' dir='ltr'>urbes</span> <span class='ocrx_word' id='word_1_180' title='bbox 1043 2439 1149 2507; x_wconf 87' lang='lat' dir='ltr'>modo,</span> <span class='ocrx_word' id='word_1_181' title='bbox 1179 2436 1230 2492; x_wconf 93' lang='lat' dir='ltr'>sed</span> <span class='ocrx_word' id='word_1_182' title='bbox 1248 2435 1303 2490; x_wconf 82' lang='lat' dir='ltr'>ciret</span> <span class='ocrx_word' id='word_1_183' title='bbox 1335 2463 1336 2492; x_wconf 79' lang='lat'>1</span> 
     </span>
     <span class='ocr_line' id='line_1_22' title="bbox 261 2537 1336 2617; baseline -0.008 -20"><span class='ocrx_word' id='word_1_184' title='bbox 261 2541 338 2597; x_wconf 89' lang='lat' dir='ltr'>viam</span> <span class='ocrx_word' id='word_1_185' title='bbox 367 2539 506 2616; x_wconf 82' lang='lat' dir='ltr'>expositis</span> <span class='ocrx_word' id='word_1_186' title='bbox 536 2539 659 2614; x_wconf 85' lang='lat' dir='ltr'>benigne</span> <span class='ocrx_word' id='word_1_187' title='bbox 681 2543 899 2613; x_wconf 87' lang='lat' dir='ltr'>commeatibus,</span> <span class='ocrx_word' id='word_1_188' title='bbox 922 2553 998 2611; x_wconf 78' lang='lat' dir='ltr'>erat3</span> <span class='ocrx_word' id='word_1_189' title='bbox 1030 2543 1203 2614; x_wconf 87' lang='lat' dir='ltr'>alacresque</span> <span class='ocrx_word' id='word_1_190' title='bbox 1223 2537 1303 2596; x_wconf 83' lang='lat' dir='ltr'>milites</span> <span class='ocrx_word' id='word_1_191' title='bbox 1335 2561 1336 2617; x_wconf 54' lang='lat' dir='ltr'>q</span> 
     </span>
     <span class='ocr_line' id='line_1_23' title="bbox 261 2637 1301 2721; baseline -0.004 -19"><span class='ocrx_word' id='word_1_192' title='bbox 261 2645 334 2702; x_wconf 85' lang='lat' dir='ltr'>alius</span> <span class='ocrx_word' id='word_1_193' title='bbox 356 2644 459 2713; x_wconf 87' lang='lat' dir='ltr'>aliurn,</span> <span class='ocrx_word' id='word_1_194' title='bbox 492 2651 525 2699; x_wconf 86' lang='lat' dir='ltr'>ut</span> <span class='ocrx_word' id='word_1_195' title='bbox 546 2643 666 2702; x_wconf 83' lang='lat' dir='ltr'>adderet</span> <span class='ocrx_word' id='word_1_196' title='bbox 686 2648 825 2721; x_wconf 82' lang='lat' dir='ltr'>gradum,</span> <span class='ocrx_word' id='word_1_197' title='bbox 855 2667 967 2706; x_wconf 86' lang='lat' dir='ltr'>memor</span> <span class='ocrx_word' id='word_1_198' title='bbox 991 2649 1028 2704; x_wconf 93' lang='lat' dir='ltr'>ad</span> <span class='ocrx_word' id='word_1_199' title='bbox 1057 2637 1301 2704; x_wconf 81' lang='lat' dir='ltr'>defendendaniri</span> 
     </span>
     <span class='ocr_line' id='line_1_24' title="bbox 231 2747 1299 2828; baseline -0.009 -16"><span class='ocrx_word' id='word_1_200' title='bbox 231 2757 248 2812; x_wconf 87' lang='grc'><strong>6</strong></span> <span class='ocrx_word' id='word_1_201' title='bbox 260 2750 401 2824; x_wconf 86' lang='lat' dir='ltr'>patriam,</span> <span class='ocrx_word' id='word_1_202' title='bbox 431 2749 631 2806; x_wconf 84' lang='lat' dir='ltr'>hortabantur.</span> <span class='ocrx_word' id='word_1_203' title='bbox 690 2752 815 2809; x_wconf 88' lang='lat' dir='ltr'>Romam</span> <span class='ocrx_word' id='word_1_204' title='bbox 852 2753 1043 2828; x_wconf 82' lang='lat' dir='ltr'>Fregellanus</span> <span class='ocrx_word' id='word_1_205' title='bbox 1081 2751 1214 2817; x_wconf 87' lang='lat' dir='ltr'>nuntius,</span> <span class='ocrx_word' id='word_1_206' title='bbox 1245 2747 1299 2802; x_wconf 83' lang='lat' dir='ltr'>dieu</span> 
     </span>
     <span class='ocr_line' id='line_1_25' title="bbox 261 2851 1299 2930; baseline -0.001 -18"><span class='ocrx_word' id='word_1_207' title='bbox 261 2866 432 2929; x_wconf 88' lang='lat' dir='ltr'>noctemque</span> <span class='ocrx_word' id='word_1_208' title='bbox 452 2852 555 2910; x_wconf 86' lang='lat' dir='ltr'>itinere</span> <span class='ocrx_word' id='word_1_209' title='bbox 576 2853 752 2924; x_wconf 87' lang='lat' dir='ltr'>continuato,</span> <span class='ocrx_word' id='word_1_210' title='bbox 775 2855 920 2930; x_wconf 86' lang='lat' dir='ltr'>ingentem</span> <span class='ocrx_word' id='word_1_211' title='bbox 943 2855 1039 2914; x_wconf 88' lang='lat' dir='ltr'>attulit</span> <span class='ocrx_word' id='word_1_212' title='bbox 1065 2865 1216 2914; x_wconf 81' lang='lat' dir='ltr'>terrorem.</span> <span class='ocrx_word' id='word_1_213' title='bbox 1256 2851 1299 2906; x_wconf 73' lang='lat' dir='ltr'>Tu·</span> 
     </span>
     <span class='ocr_line' id='line_1_26' title="bbox 262 2957 1296 3036; baseline -0.009 -20"><span class='ocrx_word' id='word_1_214' title='bbox 262 2959 442 3027; x_wconf 86' lang='lat' dir='ltr'>multuosius,</span> <span class='ocrx_word' id='word_1_215' title='bbox 462 2975 548 3032; x_wconf 88' lang='lat' dir='ltr'>quam</span> <span class='ocrx_word' id='word_1_216' title='bbox 572 2957 691 3015; x_wconf 85' lang='lat' dir='ltr'>allatum</span> <span class='ocrx_word' id='word_1_217' title='bbox 714 2969 786 3030; x_wconf 88' lang='lat' dir='ltr'>erat,</span> <span class='ocrx_word' id='word_1_218' title='bbox 813 2972 1002 3036; x_wconf 75' lang='lat' dir='ltr'>propaqatum</span> <span class='ocrx_word' id='word_1_219' title='bbox 1023 2963 1156 3019; x_wconf 68' lang='lat' dir='ltr'>ducrum</span> <span class='ocrx_word' id='word_1_220' title='bbox 1177 2957 1296 3016; x_wconf 86' lang='lat' dir='ltr'>hominen</span> 
     </span>
     <span class='ocr_line' id='line_1_27' title="bbox 231 3061 1296 3138; baseline -0.007 -13"><span class='ocrx_word' id='word_1_221' title='bbox 231 3063 459 3138; x_wconf 83' lang='lat' dir='ltr'>lalflngentium</span> <span class='ocrx_word' id='word_1_222' title='bbox 490 3081 567 3119; x_wconf 86' lang='lat' dir='ltr'>vana</span> <span class='ocrx_word' id='word_1_223' title='bbox 597 3063 702 3119; x_wconf 80' lang='lat' dir='ltr'>auditis</span> <span class='ocrx_word' id='word_1_224' title='bbox 733 3076 824 3122; x_wconf 87' lang='lat' dir='ltr'>totam</span> <span class='ocrx_word' id='word_1_225' title='bbox 854 3061 954 3124; x_wconf 77' lang='lat' dir='ltr'>urbe&#39;m</span> <span class='ocrx_word' id='word_1_226' title='bbox 993 3066 1129 3125; x_wconf 84' lang='lat' dir='ltr'>concitat.</span> <span class='ocrx_word' id='word_1_227' title='bbox 1186 3065 1296 3122; x_wconf 78' lang='lat' dir='ltr'>Plorattt</span> 
     </span>
     <span class='ocr_line' id='line_1_28' title="bbox 261 3159 1294 3242; baseline 0 -18"><span class='ocrx_word' id='word_1_228' title='bbox 261 3167 411 3224; x_wconf 87' lang='lat' dir='ltr'>mulierum</span> <span class='ocrx_word' id='word_1_229' title='bbox 439 3185 497 3223; x_wconf 91' lang='lat' dir='ltr'>non</span> <span class='ocrx_word' id='word_1_230' title='bbox 519 3185 556 3223; x_wconf 84' lang='lat' dir='ltr'>ex</span> <span class='ocrx_word' id='word_1_231' title='bbox 577 3167 699 3242; x_wconf 87' lang='lat' dir='ltr'>privatis</span> <span class='ocrx_word' id='word_1_232' title='bbox 727 3169 820 3227; x_wconf 87' lang='lat' dir='ltr'>solum</span> <span class='ocrx_word' id='word_1_233' title='bbox 851 3171 986 3228; x_wconf 90' lang='lat' dir='ltr'>domibus</span> <span class='ocrx_word' id='word_1_234' title='bbox 1015 3171 1235 3235; x_wconf 75' lang='lat' dir='ltr'>exaudiebatur,</span> <span class='ocrx_word' id='word_1_235' title='bbox 1259 3159 1294 3217; x_wconf 69' lang='lat' dir='ltr'>sed</span> 
     </span>
     <span class='ocr_line' id='line_1_29' title="bbox 260 3269 1293 3346; baseline -0.004 -17"><span class='ocrx_word' id='word_1_236' title='bbox 260 3271 393 3345; x_wconf 87' lang='lat' dir='ltr'>undique</span> <span class='ocrx_word' id='word_1_237' title='bbox 422 3279 562 3327; x_wconf 83' lang='lat' dir='ltr'>matronae</span> <span class='ocrx_word' id='word_1_238' title='bbox 594 3271 624 3327; x_wconf 92' lang='lat' dir='ltr'>iu</span> <span class='ocrx_word' id='word_1_239' title='bbox 661 3271 806 3346; x_wconf 82' lang='lat' dir='ltr'>publicum</span> <span class='ocrx_word' id='word_1_240' title='bbox 842 3271 941 3332; x_wconf 73' lang='lat' dir='ltr'>effusae</span> <span class='ocrx_word' id='word_1_241' title='bbox 972 3275 1049 3332; x_wconf 84' lang='lat' dir='ltr'>cirea</span> <span class='ocrx_word' id='word_1_242' title='bbox 1084 3275 1171 3332; x_wconf 90' lang='lat' dir='ltr'>deum</span> <span class='ocrx_word' id='word_1_243' title='bbox 1201 3269 1293 3328; x_wconf 79' lang='lat' dir='ltr'>delubrt</span> 
     </span>
     <span class='ocr_line' id='line_1_30' title="bbox 230 3373 1292 3456; baseline -0.004 -19"><span class='ocrx_word' id='word_1_244' title='bbox 230 3381 247 3438; x_wconf 85' lang='lat'>8</span> <span class='ocrx_word' id='word_1_245' title='bbox 260 3377 431 3444; x_wconf 82' lang='lat' dir='ltr'>discurrunt,</span> <span class='ocrx_word' id='word_1_246' title='bbox 454 3375 579 3432; x_wconf 86' lang='lat' dir='ltr'>crinibus</span> <span class='ocrx_word' id='word_1_247' title='bbox 594 3377 688 3450; x_wconf 90' lang='lat' dir='ltr'>passis</span> <span class='ocrx_word' id='word_1_248' title='bbox 703 3395 771 3434; x_wconf 90' lang='lat' dir='ltr'>aras</span> <span class='ocrx_word' id='word_1_249' title='bbox 785 3387 942 3448; x_wconf 87' lang='lat' dir='ltr'>verrentes,</span> <span class='ocrx_word' id='word_1_250' title='bbox 964 3378 1039 3435; x_wconf 82' lang='lat' dir='ltr'>nixoe</span> <span class='ocrx_word' id='word_1_251' title='bbox 1053 3379 1184 3453; x_wconf 84' lang='lat' dir='ltr'>genibus,</span> <span class='ocrx_word' id='word_1_252' title='bbox 1202 3373 1292 3456; x_wconf 72' lang='lat' dir='ltr'>multus</span> 
     </span>
     <span class='ocr_line' id='line_1_31' title="bbox 260 3472 1290 3556; baseline -0.003 -18"><span class='ocrx_word' id='word_1_253' title='bbox 260 3472 362 3538; x_wconf 79' lang='lat' dir='ltr'>manus</span> <span class='ocrx_word' id='word_1_254' title='bbox 396 3479 434 3536; x_wconf 89' lang='lat' dir='ltr'>ad</span> <span class='ocrx_word' id='word_1_255' title='bbox 463 3479 562 3536; x_wconf 82' lang='lat' dir='ltr'>caelum</span> <span class='ocrx_word' id='word_1_256' title='bbox 594 3497 628 3536; x_wconf 90' lang='lat' dir='ltr'>ac</span> <span class='ocrx_word' id='word_1_257' title='bbox 658 3481 729 3538; x_wconf 89' lang='lat' dir='ltr'>deos</span> <span class='ocrx_word' id='word_1_258' title='bbox 756 3482 906 3539; x_wconf 89' lang='lat' dir='ltr'>tendentes</span> <span class='ocrx_word' id='word_1_259' title='bbox 934 3493 1125 3556; x_wconf 85' lang='lat' dir='ltr'>orantesque,</span> <span class='ocrx_word' id='word_1_260' title='bbox 1163 3491 1193 3540; x_wconf 90' lang='lat' dir='ltr'>ut</span> <span class='ocrx_word' id='word_1_261' title='bbox 1217 3479 1290 3535; x_wconf 76' lang='lat' dir='ltr'>urbem</span> 
     </span>
     <span class='ocr_line' id='line_1_32' title="bbox 259 3583 1290 3662; baseline -0.003 -21"><span class='ocrx_word' id='word_1_262' title='bbox 259 3586 421 3641; x_wconf 83' lang='lat' dir='ltr'>Romanam</span> <span class='ocrx_word' id='word_1_263' title='bbox 454 3603 470 3640; x_wconf 90' lang='lat' dir='ltr'>a</span> <span class='ocrx_word' id='word_1_264' title='bbox 495 3583 627 3640; x_wconf 79' lang='lat' dir='ltr'>nianibua</span> <span class='ocrx_word' id='word_1_265' title='bbox 655 3585 780 3642; x_wconf 84' lang='lat' dir='ltr'>hostiurn</span> <span class='ocrx_word' id='word_1_266' title='bbox 808 3587 953 3662; x_wconf 84' lang='lat' dir='ltr'>eriperent</span> <span class='ocrx_word' id='word_1_267' title='bbox 982 3596 1148 3662; x_wconf 83' lang='lat' dir='ltr'>matresque</span> <span class='ocrx_word' id='word_1_268' title='bbox 1173 3589 1290 3644; x_wconf 72' lang='lat' dir='ltr'>Romane</span> 
     </span>
     <span class='ocr_line' id='line_1_33' title="bbox 229 3686 1289 3768; baseline -0.002 -20"><span class='ocrx_word' id='word_1_269' title='bbox 229 3695 289 3748; x_wconf 75' lang='lat' dir='ltr'>liet</span> <span class='ocrx_word' id='word_1_270' title='bbox 310 3687 418 3746; x_wconf 87' lang='lat' dir='ltr'>liberos</span> <span class='ocrx_word' id='word_1_271' title='bbox 441 3706 550 3763; x_wconf 87' lang='lat' dir='ltr'>parvos</span> <span class='ocrx_word' id='word_1_272' title='bbox 571 3687 727 3747; x_wconf 89' lang='lat' dir='ltr'>inviolatos</span> <span class='ocrx_word' id='word_1_273' title='bbox 748 3701 907 3747; x_wconf 85' lang='lat' dir='ltr'>servarent.</span> <span class='ocrx_word' id='word_1_274' title='bbox 955 3688 1081 3749; x_wconf 86' lang='lat' dir='ltr'>Senatus</span> <span class='ocrx_word' id='word_1_275' title='bbox 1105 3686 1289 3768; x_wconf 69' lang='lat' dir='ltr'>magistratibus</span> 
     </span>
     <span class='ocr_line' id='line_1_34' title="bbox 259 3791 1288 3868; baseline 0.002 -20"><span class='ocrx_word' id='word_1_276' title='bbox 259 3792 288 3848; x_wconf 93' lang='lat' dir='ltr'>iu</span> <span class='ocrx_word' id='word_1_277' title='bbox 310 3791 378 3850; x_wconf 82' lang='lat' dir='ltr'>foro</span> <span class='ocrx_word' id='word_1_278' title='bbox 400 3805 506 3868; x_wconf 76' lang='lat' dir='ltr'>presto</span> <span class='ocrx_word' id='word_1_279' title='bbox 529 3805 587 3864; x_wconf 84' lang='lat' dir='ltr'>est,</span> <span class='ocrx_word' id='word_1_280' title='bbox 618 3793 734 3868; x_wconf 92' lang='lat' dir='ltr'>siquid</span> <span class='ocrx_word' id='word_1_281' title='bbox 756 3794 906 3852; x_wconf 90' lang='lat' dir='ltr'>consulere</span> <span class='ocrx_word' id='word_1_282' title='bbox 935 3796 1035 3852; x_wconf 81' lang='lat' dir='ltr'>velint.</span> <span class='ocrx_word' id='word_1_283' title='bbox 1089 3797 1152 3854; x_wconf 80' lang='lat' dir='ltr'>Alii</span> <span class='ocrx_word' id='word_1_284' title='bbox 1176 3791 1288 3866; x_wconf 74' lang='lat' dir='ltr'>recipiunt</span> 
     </span>
     <span class='ocr_line' id='line_1_35' title="bbox 258 3887 1286 3978; baseline 0.014 -25"><span class='ocrx_word' id='word_1_285' title='bbox 258 3897 381 3972; x_wconf 83' lang='lat' dir='ltr'>imperia</span> <span class='ocrx_word' id='word_1_286' title='bbox 411 3898 618 3973; x_wconf 86' lang='lat' dir='ltr'>disceduntque</span> <span class='ocrx_word' id='word_1_287' title='bbox 645 3899 684 3956; x_wconf 90' lang='lat' dir='ltr'>ad</span> <span class='ocrx_word' id='word_1_288' title='bbox 710 3917 779 3957; x_wconf 87' lang='lat' dir='ltr'>suaa</span> <span class='ocrx_word' id='word_1_289' title='bbox 802 3901 925 3975; x_wconf 88' lang='lat' dir='ltr'>quisque</span> <span class='ocrx_word' id='word_1_290' title='bbox 946 3899 1108 3959; x_wconf 76' lang='lat' dir='ltr'>officiorum</span> <span class='ocrx_word' id='word_1_291' title='bbox 1131 3911 1230 3978; x_wconf 76' lang='lat' dir='ltr'>penest</span> <span class='ocrx_word' id='word_1_292' title='bbox 1252 3887 1286 3947; x_wconf 61' lang='lat'>⁸¹5</span> 
     </span>
     <span class='ocr_line' id='line_1_36' title="bbox 259 3997 1285 4079; baseline 0.014 -22"><span class='ocrx_word' id='word_1_293' title='bbox 259 4001 385 4060; x_wconf 82' lang='lat' dir='ltr'>offerunt</span> <span class='ocrx_word' id='word_1_294' title='bbox 406 4019 452 4069; x_wconf 84' lang='lat' dir='ltr'>se,</span> <span class='ocrx_word' id='word_1_295' title='bbox 483 4004 507 4058; x_wconf 86' lang='lat' dir='ltr'>si</span> <span class='ocrx_word' id='word_1_296' title='bbox 538 4022 596 4078; x_wconf 92' lang='lat' dir='ltr'>quo</span> <span class='ocrx_word' id='word_1_297' title='bbox 626 4021 696 4061; x_wconf 88' lang='lat' dir='ltr'>usus</span> <span class='ocrx_word' id='word_1_298' title='bbox 724 4021 820 4079; x_wconf 81' lang='lat' dir='ltr'>operte</span> <span class='ocrx_word' id='word_1_299' title='bbox 846 4005 892 4062; x_wconf 87' lang='lat' dir='ltr'>sit.</span> <span class='ocrx_word' id='word_1_300' title='bbox 950 4006 1093 4064; x_wconf 74' lang='lat' dir='ltr'>Presidio</span> <span class='ocrx_word' id='word_1_301' title='bbox 1120 4007 1150 4063; x_wconf 90' lang='lat' dir='ltr'>in</span> <span class='ocrx_word' id='word_1_302' title='bbox 1176 3997 1285 4070; x_wconf 68' lang='lat' dir='ltr'>main</span> 
     </span>
    </p>
   </div>
   <div class='ocr_carea' id='block_1_4' title="bbox 0 0 1344 4546">
    <p class='ocr_par' dir='ltr' id='par_1_4' title="bbox 0 0 1344 4546">
     <span class='ocr_line' id='line_1_37' title="bbox 0 0 1344 4546; baseline 0 6"><span class='ocrx_word' id='word_1_303' title='bbox 0 0 1344 4546; x_wconf 95' lang='lat' dir='ltr'> </span> 
     </span>
    </p>
   </div>
  </div>
 </body>
</html>
