2748 4556
325 227 384 284 200
587 223 664 274 Libat
680 222 782 278 xxix,
820 222 907 285 (aa.
923 226 1035 288 assu)

252 410 320 468 aad
341 426 395 466 vos
416 407 580 484 parvenisse
602 407 708 484 Pyrrhi
729 408 822 480 bello,
850 410 915 483 qui,
938 428 1026 484 quum
1048 429 1085 467 ex
1105 409 1187 470 Sicilia
1210 411 1321 466 rediens

283 515 394 574 Locros
424 513 515 571 classe
535 515 809 588 praeterveheretur,
840 513 914 572 inter
938 514 1111 585 aliafmda,
1133 527 1322 591 quapropter

282 621 366 678 fidem
393 638 462 695 erga
484 638 537 676 vos
562 619 592 677 in
612 620 757 678 civitatem
774 628 904 677 nostram
922 618 1055 680 facinora
1070 622 1158 692 edidit,
1176 623 1322 679 thesauros
1347 689 1348 698 χ

284 744 400 801 quoquc
411 725 604 801 Proserpina,
620 726 744 784 intactos
767 725 805 781 ad
827 743 893 783 eam
917 725 1003 797 diem,
1023 727 1161 803 spoliarit,
1179 737 1267 802 atqua
1281 728 1326 786 ita.

254 831 405 907 bpecunia
434 829 464 886 in
489 849 579 888 naves
606 831 760 906 imposita,
795 831 857 906 ipso
885 840 962 888 terra
983 842 1028 890 est
1048 832 1194 908 profectus.
1257 833 1330 906 Quid

285 956 354 1012 ergo
376 936 480 1007 evenit,
501 945 599 1012 patres
620 936 796 1012 conscripti?
844 935 952 995 Classis
974 948 1094 1014 postero
1116 939 1159 996 die
1176 938 1331 996 fedissimas

284 1051 454 1118 tempestate
485 1042 613 1100 lacerata
642 1061 797 1116 omnesque
827 1061 932 1112 naves,
967 1064 1032 1119 quus
1054 1063 1165 1102 sacram
1184 1044 1329 1120 pecuniam

255 1148 455 1220 bhabucrunt,
476 1149 506 1206 in
526 1148 613 1206 litora
633 1158 734 1206 nostra
753 1149 850 1208 eieotae
871 1159 953 1220 sunt3
976 1170 1035 1225 qua
1053 1159 1136 1208 tanta
1151 1151 1229 1208 clade
1251 1150 1332 1206 edoc-

285 1262 331 1310 tus
352 1255 479 1322 tandem,
512 1257 582 1312 deos
614 1272 693 1324 esse,
724 1255 945 1330 superbissimus
966 1275 1020 1315 rex
1047 1256 1195 1332 pecuniam
1222 1273 1333 1312 omnem

284 1359 475 1435 conquisitam
497 1361 527 1417 in
545 1360 695 1416 thesauros
711 1361 894 1436 Proserpinae
907 1362 1009 1420 referri
1026 1363 1118 1421 iussit.
1165 1361 1225 1419 Nec
1242 1370 1335 1417 tamen

284 1467 325 1525 illi
347 1485 473 1542 unquam
496 1476 600 1541 postea
620 1466 753 1541 prosperi
778 1467 932 1542 quicquam
956 1469 1060 1536 evenit,
1084 1468 1239 1543 pulsusque
1255 1467 1334 1524 Italia

284 1573 404 1648 ignobili
423 1557 510 1650 atque
534 1572 687 1629 inhonesta
709 1580 813 1643 morte,
834 1583 942 1631 temere
962 1574 1211 1648 nocte'ingressus
1231 1576 1337 1647 Argos

257 1679 426 1738 loccubuit.
492 1677 564 1734 Hanc
603 1695 691 1751 quum
733 1677 860 1734 audisset
898 1677 1011 1753 legatus
1047 1688 1143 1736 vester
1180 1679 1336 1752 tribunique

287 1785 407 1843 militum
430 1794 459 1842 et
478 1783 554 1840 mille
574 1781 649 1853 alis,
672 1800 735 1855 quae
756 1801 814 1838 non
839 1784 977 1857 augendae
999 1783 1146 1858 religionis
1167 1803 1269 1854 causa,
1295 1784 1337 1838 sed

286 1892 420 1968 prasenti
463 1891 524 1948 deae
571 1889 686 1946 numine
729 1907 806 1963 saepe
842 1899 991 1964 comperta
1024 1890 1109 1946 nobis
1140 1890 1337 1963 maioribusque

257 1997 394 2055 8nostris
415 1996 629 2066 referebantur,
663 1993 726 2050 ausi
747 2004 815 2051 sunt
835 1995 925 2053 nihilo
948 1995 1042 2052 minus
1066 1995 1222 2070 sacrilegas
1244 1995 1337 2052 admo·

288 2123 356 2160 vere
377 2121 479 2159 manus
500 2103 615 2159 intactis
640 2100 695 2158 illis
716 2101 859 2158 thesauris
889 2111 919 2158 et
947 2100 1074 2158 nefanda
1094 2101 1194 2176 praeda
1215 2121 1247 2158 se
1269 2103 1337 2176 ipsos

257 2211 322 2266 9ac
345 2210 447 2265 domos
472 2207 669 2264 contaminare
698 2225 766 2264 suas
788 2216 816 2263 et
838 2207 941 2264 milites
962 2217 1085 2264 vestros.
1132 2207 1264 2281 Quibus,
1296 2226 1337 2282 per

288 2332 340 2370 ros
376 2313 462 2368 fidem
499 2322 648 2383 vestram,
690 2322 789 2388 patres
828 2313 1003 2388 conscripti,
1047 2313 1218 2389 priusquam
1252 2332 1336 2370 eorm

287 2420 375 2475 soclus
408 2421 567 2492 copiositas,
602 2439 636 2476 oe
662 2419 737 2502 'quid
763 2437 879 2492 usquam
905 2422 946 2475 roi
979 2420 1139 2494 gesseritis,
1178 2437 1233 2486 ne,
1272 2419 1348 2494 quodl

287 2523 393 2598 piaculi
431 2526 651 2596 commiserunt,
683 2543 742 2581 non
779 2541 832 2580 suo
869 2524 962 2582 solum
999 2524 1153 2600 sanguine,
1185 2525 1337 2582 sedetiam

241 2630 404 2705 lOpublioa
437 2629 518 2686 clade
550 2631 641 2690 luant.
699 2629 874 2703 Quanquam
905 2650 941 2688 ne
972 2651 1048 2689 nunc
1080 2631 1214 2705 quidem,
1254 2641 1336 2707 patres

288 2735 456 2810 conscripti,
492 2746 542 2793 aut
580 2737 610 2793 in
647 2736 766 2793 ducibus
799 2745 850 2792 aut
887 2737 917 2794 in
953 2737 1090 2794 militibus
1116 2736 1222 2793 vestris
1259 2727 1348 2796 cessstl

287 2844 332 2899 ira
355 2843 424 2903 dese.
473 2841 638 2916 Aliquoties
671 2840 728 2896 iam
757 2840 832 2898 inter
859 2860 890 2898 se
911 2843 1000 2917 signis
1025 2842 1138 2898 collatis
1159 2860 1335 2899 concucurre-

287 2958 362 3006 runt.
410 2950 481 3006 Dux
518 2947 634 3004 alterius
666 2946 759 3021 partis
791 2946 966 3013 Pleminius,
1003 2946 1120 3010 alterius
1156 2947 1216 3004 duo
1245 2947 1348 3005 tribuni,

289 3054 410 3111 militum
431 3063 523 3110 erant.
572 3053 641 3110 Non
663 3053 758 3109 scrius
781 3071 841 3109 cum
863 3051 1151 3128 Carthaginiensibus
1164 3073 1259 3128 quam
1278 3057 1336 3111 inter

240 3166 274 3218 ii
289 3179 320 3216 se
341 3159 396 3234 ipsi
417 3157 494 3215 ferro
519 3157 745 3228 dimicaverunt,
778 3159 1025 3234 praebuissentque
1047 3159 1230 3216 occasionem
1254 3129 1348 3220 furorci

289 3284 341 3322 suo
364 3265 475 3322 Locros
496 3263 652 3339 recipiendi
677 3264 846 3336 Hannibali,
871 3264 926 3322 nisi
951 3263 1059 3320 accitus
1081 3263 1120 3318 ab
1141 3265 1226 3322 nobis
1254 3263 1335 3340 Scipio

242 3375 276 3429 12
289 3370 495 3429 intervenisset.
549 3370 592 3428 At
618 3372 734 3429 hercule
766 3370 869 3427 milites
906 3377 1055 3425 contactos
1085 3369 1240 3444 sacrilegio
1272 3371 1348 3428 furor

290 3476 401 3549 agitat,
422 3475 452 3531 in
476 3476 596 3532 ducibus
617 3476 687 3552 ipsis
711 3475 861 3552 puniendis
883 3475 990 3531 nullum
1011 3474 1072 3530 dea·
1086 3492 1192 3531 numen
1204 3478 1334 3551 apparuit

290 3581 383 3636 immo
398 3581 439 3637 ibi
456 3599 582 3656 praesens
600 3582 728 3638 maxime
742 3581 805 3639 fuit.
850 3580 950 3655 Virgis
975 3581 1041 3636 caesi
1063 3580 1170 3636 tribuni
1192 3583 1230 3639 ab
1254 3582 1333 3658 legato

243 3693 277 3746 13
290 3695 368 3754 sunt3
400 3687 513 3762 legatus
542 3686 645 3744 deinde
675 3687 786 3744 insidiis
808 3685 987 3742 tribunorum
1009 3686 1199 3760 interceptus,
1231 3699 1333 3762 praster-

291 3809 378 3866 quam
408 3792 485 3864 quod
516 3802 578 3849 toto
604 3811 726 3868 corpore
747 3793 909 3872 laceratus,
942 3809 1013 3847 naso
1037 3809 1152 3864 quoque
1174 3791 1333 3868 auribusque

242 3905 275 3958 14
291 3896 410 3965 decisis,
446 3897 601 3972 exsanguis
643 3907 686 3954 est
718 3897 846 3965 relictus;
881 3905 1027 3954 recreatus
1064 3897 1131 3953 dein
1166 3895 1281 3970 legatus
1310 3915 1333 3954 ex

291 4001 456 4058 vulneribus
478 4002 608 4059 tribunos
630 4003 752 4059 militum
778 4002 808 4058 in
830 4002 927 4060 vincla
953 4001 1113 4072 coniectos,
1153 4001 1218 4059 dein
1246 4005 1332 4062 verbe·
