2678 4560
319 277 357 336 82
584 273 663 364 Liber
679 271 797 326 XXVII.
832 271 879 328 (Δ.
892 285 918 323 ιι.
931 285 957 324 c.
971 269 1046 333 tat.)

276 457 451 536 Hispaniam
473 475 588 515 omnem
622 464 769 514 averterat
790 455 829 511 ad
849 455 1015 512 Romanurn
1038 472 1057 510 a
1076 443 1195 514 Punico
1221 455 1324 530 imperio

245 564 368 632 atr-exit
395 581 470 624 eum.
514 561 626 620 Eadem
655 565 746 620 causa
772 560 890 619 Indibili
920 559 1143 634 Mandonioque
1165 561 1240 630 init,
1271 563 1324 617 hau

277 671 364 728 dubie
385 667 479 726 omnis
493 666 645 743 Hispanias
665 667 853 743 principibus,
875 684 941 723 cum
955 664 1037 722 omni
1049 664 1242 740 popularium
1256 684 1324 722 manu

276 774 377 832 relicto
391 770 590 838 Hasdrubale,
609 773 760 830 secedendi
775 773 805 829 in
819 771 1001 830 imminentes
1017 770 1121 826 castris
1138 771 1206 828 eius
1220 771 1324 827 tumulos

277 879 353 936 unde
379 897 433 953 per
462 877 640 934 continentia
670 877 739 951 iuga
766 885 844 934 tutus
866 883 1000 948 receptus
1026 875 1065 931 ad
1089 876 1246 932 Romanos
1268 889 1324 931 esset

246 983 457 1052 iliasdrubal,
493 1000 580 1056 quum
615 981 740 1038 hostium
773 999 820 1037 res
852 980 940 1038 tantis
971 998 1132 1055 augescere
1170 981 1324 1038 inerementi

276 1096 415 1157 cerneret,
431 1104 499 1143 suas
516 1087 656 1157 imminui,
673 1105 707 1142 ao
726 1085 799 1154 iore,
810 1093 851 1154 ut,
865 1084 920 1140 nisi
935 1085 1070 1142 audendo
1083 1085 1201 1159 aliquid
1216 1099 1324 1142 moveret

246 1203 336 1267 5qua
350 1191 511 1267 coepissent,
532 1192 663 1260 fluerent,
686 1189 823 1246 dimicare
846 1189 1081 1264 quamprimum
1106 1190 1224 1246 statuit
1255 1189 1324 1262 Scipi<

277 1296 391 1354 avidior
412 1295 498 1353 etiam
521 1296 686 1352 certaminis
711 1303 790 1364 erat,
823 1311 912 1367 quum
942 1313 960 1350 a
984 1311 1053 1368 spe,
1088 1311 1182 1367 quam
1205 1313 1324 1351 sacceam

276 1420 371 1460 rerum
402 1403 544 1476 augebat,
582 1410 642 1456 tum
674 1400 766 1473 quod,
802 1399 972 1473 priusquam
1004 1399 1200 1473 iungerentur
1228 1399 1324 1455 hostiur

277 1506 436 1576 exercitus,
470 1523 534 1562 cum
572 1523 631 1562 uno
661 1504 799 1560 dimicare
827 1503 900 1559 duce
926 1503 1116 1577 exercituque
1148 1524 1239 1579 quarn
1266 1499 1324 1558 sind

246 1622 341 1675 (teum
365 1609 506 1669 universis
528 1610 664 1666 malebat.
711 1606 857 1677 Ceterum,
879 1608 992 1665 etiamsi
1014 1623 1081 1665 cum
1098 1610 1234 1683 pluribus
1246 1607 1324 1683 paritet

278 1705 473 1774 dimicandum
496 1716 586 1786 foret,
619 1723 681 1772 arte
704 1713 830 1786 quadam
853 1711 953 1787 copias
976 1723 1110 1770 auxerat.
1160 1716 1242 1771 Nam
1263 1715 1324 1786 quun

278 1822 398 1892 videret,
420 1822 529 1878 nullum
552 1837 616 1877 esse
631 1818 748 1874 navium
765 1835 858 1885 usum,
880 1817 949 1891 quia
967 1835 1063 1874 vactra
1084 1819 1183 1876 omnis
1202 1819 1274 1893 Hisp
1306 1817 1310 1826 '

277 1947 330 1984 ora
353 1927 493 1985 classibus
510 1925 622 1981 Ptsnicis
636 1932 704 1992 erat,
726 1923 874 1980 subductis
889 1923 1013 1980 novibus
1029 1924 1218 1994 Tarracone,
1232 1921 1304 1996 nayel

247 2032 372 2092 isocios
394 2030 577 2088 terrestribus
599 2029 690 2105 copiis
712 2026 838 2095 addidit3
871 2036 899 2083 et
925 2045 1074 2086 armorum
1097 2028 1214 2087 affatim
1236 2037 1288 2085 erat

277 2145 419 2211 captorum
451 2135 616 2209 Cartbapina
655 2141 680 2190 et
710 2149 774 2205 quta
804 2142 872 2206 post
900 2141 1016 2207 captam
1045 2151 1112 2190 eam
1134 2135 1246 2193 fecerat
1265 2141 1321 2189 tanto

248 2240 412 2315 80pificum
435 2257 545 2294 numero
565 2240 676 2295 incluso.
726 2235 801 2294 Cum
821 2237 857 2294 iis
880 2237 970 2312 copiis
991 2238 1091 2313 Scipio
1107 2240 1186 2297 varis
1209 2236 1318 2316 principio

279 2345 317 2401 ab
332 2345 502 2400 Tarracone
524 2359 657 2416 egressus
679 2342 748 2414 (iam
772 2342 848 2400 enim
871 2353 900 2399 et
917 2343 1023 2399 Laelius
1044 2344 1175 2402 redierat
1189 2348 1228 2403 ab
1243 2345 1319 2401 Runa.

278 2448 340 2504 sine
370 2464 428 2520 quo
456 2445 527 2502 nihil
549 2447 667 2504 maioris
689 2447 731 2504 rei
753 2456 865 2504 motum
887 2448 1018 2520 volebat)
1040 2448 1149 2507 ducere
1175 2453 1213 2508 ad
1234 2452 1316 2506 husten

247 2551 382 2628 9pergit.
430 2552 490 2608 Per
521 2551 620 2606 omnia
652 2560 759 2624 pacata
794 2552 889 2621 eunti,
927 2563 957 2609 ut
983 2554 1125 2628 cuiusque
1153 2556 1253 2631 populi
1269 2553 1317 2608 tine

276 2655 428 2724 transiret,
463 2655 704 2730 prosequentibus
733 2655 1000 2732 excipientibusque
1025 2659 1130 2729 sociis,
1169 2657 1314 2717 indibiliset

229 2769 264 2822 ib
280 2761 448 2818 Mandonius
475 2767 658 2815 occurrerunt.
706 2760 833 2817 [adibito
862 2779 916 2835 pro
938 2773 1063 2837 utroque
1084 2765 1218 2835 loeutus,
1250 2758 1314 2818 haud·

278 2883 425 2940 quaquam
458 2873 490 2920 ut
520 2861 664 2919 barbarus
702 2865 806 2921 stolide
838 2864 1004 2937 incauteve,
1052 2869 1104 2924 sed
1145 2869 1241 2944 potius
1271 2881 1312 2920 mn

247 3043 251 3052 Ι
277 2968 452 3051 verecundia
472 2986 505 3025 oc
526 2965 689 3041 gravitate,
718 2968 895 3041 propiorque
917 2973 1070 3029 excusanti
1091 2975 1280 3031 transitionem
1296 2977 1313 3020 tt

277 3073 472 3131 necessariam
500 3089 588 3147 quam
618 3070 772 3146 glorianti,
805 3089 868 3128 eam
897 3074 977 3132 velut
1004 3076 1131 3152 primam
1162 3077 1311 3137 occasionem

227 3179 261 3234 ii
276 3187 408 3252 raptam:
438 3175 511 3234 scire
526 3177 600 3234 anim
623 3194 664 3248 ee,
688 3174 847 3250 transfirgae
867 3193 973 3233 nomen
997 3183 1179 3240 exsecrabile
1201 3179 1311 3240 veten'bu

277 3282 372 3352 sociis,
394 3283 478 3339 novis
493 3289 658 3356 suspectum
676 3291 754 3349 'esse;
775 3298 870 3354 neque
884 3297 949 3336 eum
965 3299 996 3338 se
1010 3287 1224 3360 reprehendere
1234 3297 1309 3344 moran

188 3378 193 3388 ’
276 3387 440 3456 hominum,
472 3387 497 3442 si
519 3395 615 3442 tumen
644 3403 751 3459 anceps
772 3384 870 3440 odium
894 3402 997 3456 causa,
1033 3407 1092 3445 non
1116 3409 1224 3449 nomen
1244 3389 1307 3448 iaciat

226 3491 262 3545 12
276 3493 383 3551 Merita
417 3491 484 3548 inde
519 3507 573 3546 sua
607 3491 636 3546 in
676 3490 764 3547 duces
803 3487 1059 3564 Carthaginienses
1095 3490 1307 3552 commemoravit·

276 3597 430 3653 avaritiam
442 3605 544 3652 contra
554 3613 654 3651 eorum
671 3595 896 3668 superbiamque
907 3604 936 3651 et
947 3597 1041 3654 omnis
1051 3599 1167 3672 generis
1177 3600 1281 3657 iniurias
1290 3595 1305 3648 it·
1321 3613 1322 3622 ¹

227 3699 262 3755 13
275 3717 307 3756 se
318 3709 405 3775 atque
416 3699 582 3775 populares.
630 3699 735 3772 Itaque
749 3717 855 3774 corpus
869 3700 1022 3758 dumtaxat
1033 3718 1117 3758 suum
1133 3704 1172 3760 ad
1187 3705 1217 3760 id
1229 3715 1305 3776 annu
1321 3677 1322 3742 i

274 3804 354 3878 apud
376 3822 426 3861 eos
448 3803 551 3872 finisse3
586 3803 714 3860 animum
739 3805 798 3861 iam
820 3805 930 3880 pridem
945 3805 986 3862 ibi
1008 3823 1081 3876 esse,
1102 3807 1153 3864 ubi
1173 3809 1218 3866 ius
1239 3804 1303 3866 asia

275 3909 425 3965 crederent
464 3909 528 3965 coli.
571 3909 620 3966 Ad
654 3909 724 3964 deos
760 3927 877 3983 quoque
912 3910 1069 3985 confugere
1098 3913 1255 3988 supplices,
1277 3905 1303 3981 qli

225 4011 261 4065 14
275 4021 422 4084 nequeant
452 4012 598 4068 hominum
621 4012 680 4068 vim
703 4021 791 4086 atque
812 4014 933 4072 iniurias
954 4016 1032 4089 pati;
1069 4035 1100 4073 se
1123 4018 1153 4074 id
1174 4017 1301 4093 Scipionem
