2748 4556
282 243 341 298 254
559 237 639 288 biber
656 236 743 288 XXX.
781 236 826 300 (Δ.
839 251 865 289 u.
879 249 902 288 c.
918 239 992 298 ΜΞ.)
1361 10 1369 289 i

240 427 312 482 riam
335 421 441 492 habui,
476 421 501 478 is
522 421 599 478 ultro
629 422 667 478 ed
692 439 793 496 pacem
821 421 976 496 petendam
998 420 1148 488 venirem,
1179 418 1258 476 letor
1276 429 1301 474 te
1364 330 1370 499 i

210 529 311 588 ‹tmibi
333 537 412 586 sorte
434 527 615 604 potissimum
640 527 760 596 datum,
790 545 809 584 a
832 545 891 600 quo
913 533 1053 601 peterem.
1102 525 1174 582 Tibi
1195 543 1302 600 quoque

240 635 314 692 inter
336 633 427 690 multa
448 632 567 707 egregia
587 651 646 688 non
666 631 696 688 in
720 630 827 689 ultimis
848 630 966 688 laudum
988 632 1046 688 hoc
1069 630 1178 702 fuerit,
1199 632 1302 688 Hanni-

241 741 355 808 balem,
391 739 438 796 cui
468 748 511 795 tot
543 737 579 794 da
600 736 741 794 Romanis
769 735 890 795 ducibus
911 737 1066 794 victoriam
1097 737 1129 794 di
1157 737 1304 796 dedissent.
1372 816 1373 819 Ἴ

241 847 293 904 tibi
326 845 461 915 cessisse,
498 853 584 917 teque
615 841 682 898 huic
717 840 809 912 bello,
843 841 948 898 vest-rie
977 843 1043 917 plus
1078 861 1171 916 quam
1207 843 1304 900 nosbis
1372 824 1373 855 ³

211 950 371 1008 butadibus
397 947 521 1022 insigni,
558 951 644 1006 finem
673 947 855 1022 imposuisse.
909 948 976 1006 Hoc
1006 966 1128 1021 quoque
1157 947 1303 1006 ludibrium

241 1073 326 1114 cesus
348 1053 469 1112 ediderit
489 1052 623 1122 fortuna,
661 1062 700 1121 ut,
730 1071 819 1126 quum
849 1061 933 1128 patre
964 1062 1015 1110 tuo
1046 1056 1161 1111 conante
1188 1054 1304 1130 ceperim

242 1179 341 1230 orma,
377 1177 442 1216 cum
475 1137 579 1216 eodem
610 1158 734 1233 primum
761 1159 896 1216 Romano
921 1157 1107 1233 imperatore,
1137 1158 1225 1234 signa
1244 1177 1305 1216 cou-

242 1266 372 1336 tulerim,
409 1265 446 1322 ad
477 1264 566 1320 filium
596 1264 657 1322 eius
681 1263 798 1322 inermis
821 1264 858 1320 ad
879 1282 981 1339 pacem
1004 1265 1165 1339 petendam
1189 1266 1305 1322 veniam.

211 1372 391 1448 60ptimum
413 1370 529 1445 quidem
551 1367 662 1437 iuerat,
691 1387 756 1424 eam
775 1368 907 1443 putribus
930 1369 1037 1426 nostris
1060 1379 1193 1426 mentem
1217 1371 1305 1428 datam

242 1480 279 1542 ab
302 1477 447 1546 dieasse,
478 1486 508 1532 ut
530 1485 559 1532 et
580 1494 633 1532 vos
654 1473 747 1532 Italiae
770 1483 799 1530 et
824 1492 878 1530 nos
903 1473 1013 1531 Africae
1033 1474 1163 1549 imperio
1187 1479 1305 1535 conteuti

211 1588 387 1648 iessemus;
422 1599 515 1654 neque
542 1581 618 1636 enim
646 1599 682 1636 ne
709 1579 798 1635 vobis¹
832 1578 948 1652 quidem
976 1577 1078 1636 Sicilia
1108 1599 1147 1638 ac
1178 1582 1307 1640 Sardinia

241 1687 312 1745 satis
336 1686 424 1760 digna
447 1685 541 1761 pretia
564 1694 630 1742 sunt
651 1703 704 1758 pro
730 1695 773 1740 tot
792 1683 949 1750 classibus,
979 1691 1022 1738 tot
1043 1686 1250 1755 exercitibus,
1271 1697 1307 1742 tot

243 1803 301 1850 tam
325 1791 448 1866 egregiis
471 1789 585 1846 omissis
607 1789 742 1858 ducibus;
774 1789 825 1846 sed
853 1789 998 1863 preterita
1021 1789 1117 1862 magis
1139 1790 1308 1864 reprebendi

211 1900 363 1974 8possunt
384 1915 472 1970 quam
495 1894 610 1969 corrigi.
657 1895 704 1952 Ita
726 1893 821 1951 aliena
843 1893 1035 1969 appetiimus,
1074 1901 1109 1948 ut
1140 1893 1181 1950 de
1210 1894 1308 1950 nostris

242 2003 459 2072 dimicaremus,
493 2019 546 2058 nec
572 2001 600 2056 in
630 1999 717 2056 ltalia
746 1999 840 2056 solum
862 1999 946 2056 vobis
974 1999 1073 2054 bellum
1105 2010 1159 2056 out
1186 2001 1307 2058 modin

241 2107 346 2166 Africa
367 2115 458 2175 esset3
494 2106 544 2164 sed
573 2114 602 2162 et
624 2122 678 2160 vos
699 2105 729 2164 in
751 2103 843 2179 portis
864 2104 968 2161 vestris
989 2122 1083 2179 prope
1106 2125 1143 2162 ac
1171 2108 1306 2164 moenibus

241 2215 324 2289 signa
346 2231 486 2287 armaque
507 2211 632 2268 hostium
656 2210 784 2281 vidistis,
817 2219 845 2266 et
865 2197 920 2267 nos
944 2211 981 2266 ab
1006 2207 1193 2284 Carthagine
1214 2213 1304 2270 fremi-

210 2323 301 2378 9tum
335 2327 495 2376 castrorum
530 2317 729 2376 Romanorum
768 2315 949 2388 exaudimus.
1010 2315 1099 2387 Quod
1131 2316 1226 2391 igitur
1260 2335 1304 2376 nos

241 2423 368 2481 maxime
390 2422 606 2492 abominamur,
637 2439 691 2478 vos
720 2431 817 2478 autem
847 2430 914 2478 ante
941 2419 1040 2478 omnia
1061 2429 1169 2494 optare
1192 2424 1305 2488 debetis,

241 2531 271 2586 in
297 2527 416 2585 meliore
438 2537 537 2584 vestra
564 2526 682 2584 fortuna
703 2526 739 2582 de
759 2544 832 2601 pace
854 2526 958 2600 agitur.
1006 2524 1134 2600 Agimus
1157 2528 1203 2598 ei,
1240 2549 1304 2604 qno·

241 2653 304 2691 rum
327 2632 454 2690 inaximo
475 2633 594 2690 interest
614 2649 716 2707 pacem
739 2649 812 2701 esse,
834 2640 863 2688 et
880 2631 929 2706 qui
946 2632 1303 2708 quodcunqueegerimus.

240 2749 335 2798 ratum
366 2739 497 2796 civitates
526 2746 633 2796 nostrae
663 2738 805 2794 habiturae
834 2738 906 2806 sint,
944 2736 1041 2794 animo
1078 2747 1197 2796 tentum
1228 2741 1302 2798 nobis

193 2851 228 2906 10
242 2863 316 2922 opus
349 2855 392 2902 eat
424 2863 481 2900 non
518 2844 692 2900 abhorrente
725 2862 743 2900 a
770 2840 874 2916 quietis
903 2843 1040 2902 consiliis.
1089 2844 1181 2917 Quod
1204 2847 1242 2903 ad
1264 2865 1302 2902 me

242 2952 360 3021 attinet,
382 2944 448 3006 ‘iam
474 2958 545 3006 aetas
574 2966 671 3005 senem
693 2949 723 3005 iu
746 2949 871 3024 petriam
893 2955 1101 3018 revertentem,
1138 2950 1218 3008 unde
1239 2970 1302 3026 puer

240 3056 386 3132 profectus
408 3074 481 3124 snm,
502 3055 560 3110 iam
583 3055 725 3124 secundae,
747 3053 958 3136 iamadversae
979 3070 1026 3110 res
1047 3053 1090 3110 ita
1111 3056 1301 3120 erudiverunt,

192 3167 223 3220 ll
241 3172 272 3219 ut
292 3161 434 3218 rationem
458 3159 540 3234 sequi
563 3176 652 3233 quam
673 3159 819 3216 fortunam
844 3157 958 3228 malim3
981 3168 1060 3214 tuam
1084 3167 1112 3216 et
1136 3162 1300 3222 adolescen-

240 3265 309 3323 tiam
336 3275 364 3322 et
385 3274 555 3341 perpetuam
577 3263 754 3335 felicitatem,
775 3263 920 3322 ferociora
942 3274 1074 3338 utraque,
1098 3284 1190 3339 quam
1206 3269 1299 3343 quietis

242 3389 315 3446 opus
334 3382 377 3428 est
394 3369 530 3440 consiliis,
551 3378 658 3427 metuo.
704 3371 774 3428 Non
792 3377 900 3426 temere
917 3369 1028 3428 incerta
1044 3388 1167 3428 casuum
1183 3382 1297 3449 reputat

192 3481 227 3535 12
242 3495 327 3550 quem
356 3474 474 3533 fortuna
503 3493 651 3549 nunquam
682 3475 804 3549 decepit.
853 3474 939 3548 Quod
969 3494 1024 3550 ego
1054 3475 1097 3533 fui
1128 3478 1168 3534 ad
1199 3479 1297 3536 Trasu-

242 3599 386 3651 mennum,
409 3582 446 3638 ed
472 3580 604 3649 Cannas,
626 3580 657 3637 id
678 3588 708 3636 tn
735 3579 822 3637 hodie
844 3599 881 3640 es.
928 3581 1058 3640 Vixdum
1081 3580 1202 3640 militari
1225 3593 1296 3640 aetate

240 3686 363 3759 imperio
399 3694 537 3761 accepto,
573 3685 672 3742 omnia
710 3685 903 3742 audacissime
940 3686 1124 3762 incipientem
1164 3706 1294 3762 nusquam

194 3795 228 3850 13
242 3788 344 3846 fefellit
366 3789 493 3849 fortuna.
543 3791 641 3849 Patris
663 3799 692 3862 et
713 3791 809 3865 patrui
830 3799 999 3866 persecutus
1022 3801 1147 3870 mortem
1171 3793 1209 3850 ab
1229 3793 1295 3850 culs·

241 3897 342 3953 mitate
363 3904 467 3954 vestrae
489 3897 592 3954 domus
617 3896 704 3952 decus
726 3895 839 3971 insigne
859 3894 973 3954 virtutis
995 3895 1174 3971 pietatisque
1195 3897 1295 3956 eximie

242 3999 357 4073 cepisti3
392 4000 513 4056 emissae
537 4000 696 4075 Hispanias
717 4001 913 4076 recuperasti,
942 4008 1081 4075 quattuor
1104 4002 1173 4060 inde
1193 4003 1295 4060 Punicis
