2748 4556
310 249 369 306 270
577 246 654 296 Liber
670 243 758 294 XXX.
794 246 843 308 (Δ.
856 259 882 296 n.
895 259 917 293 e.
931 247 1002 300 55³.)

264 450 324 510 pax
345 431 539 498 convenisset,
577 431 639 488 sine
666 429 759 506 pretio
790 448 840 487 eos
862 427 1149 504 Carthaginiensibus
1179 427 1317 484 redderet

234 538 390 598 91⁸¹etisles
412 557 500 613 quum
521 538 550 595 in
573 536 704 596 Africam
726 536 763 592 ad
784 535 877 594 foedus
899 534 1059 592 feriendum
1082 535 1126 592 ire
1147 535 1319 600 iuberentur,

265 643 334 721 ipsis
355 642 566 719 postulantibus
587 653 705 702 sanatus
728 640 886 700 consultum
909 639 1017 698 sactum
1040 649 1084 697 est
1100 639 1132 696 in
1146 639 1213 696 baec
1228 639 1317 704 verba,

264 759 296 808 ot
320 750 420 826 puros
448 747 560 826 lapides
590 749 683 807 silices
713 747 868 825 privasque
896 747 1037 804 verbenas
1070 763 1170 802 secum
1208 743 1318 803 fenest

264 868 310 926 ut,
337 855 384 912 ubi
403 863 509 930 prator
528 857 677 914 Romarm
701 853 736 911 iis
758 853 928 928 imperaret,
952 862 983 908 ut
1002 850 1096 908 foedus
1118 849 1261 918 ferirent,
1287 850 1318 905 illi

263 972 414 1040 praetorem
437 960 570 1037 sagmina
593 968 752 1037 poscerent.
788 959 896 1016 Herba
916 959 947 1014 id
967 975 1059 1034 genus
1080 975 1119 1014 ex
1140 974 1212 1016 arce
1224 975 1319 1032 sump-

262 1077 323 1126 tum
344 1065 491 1125 fetialibus
512 1065 575 1122 dari
593 1065 675 1123 solet.

215 1171 249 1226 10
345 1173 392 1230 lta
421 1171 532 1228 dimissi
562 1172 599 1228 ab
625 1173 722 1230 Roma
743 1167 995 1244 Carthaginienses
1023 1187 1110 1244 quum
1133 1169 1165 1226 in
1186 1168 1316 1228 Africam

262 1279 407 1336 venissent
431 1278 468 1334 ad
490 1275 664 1352 Scipionem,
687 1275 790 1351 quibus
808 1275 995 1332 antedictum
1016 1285 1059 1332 est
1072 1275 1198 1350 legibus,
1219 1293 1313 1350 paoem

213 1383 244 1438 ll
261 1383 399 1442 iecerunt.
457 1385 558 1442 Navoa
594 1383 713 1458 longas,
758 1381 941 1457 elephantos,
980 1381 1135 1456 perfugas,
1172 1381 1315 1456 fugitivos,

262 1490 441 1566 captivorum
467 1497 604 1564 quattuor
625 1489 715 1546 millia
736 1487 929 1556 tradiderunt,
957 1487 1033 1544 inter
1052 1505 1127 1561 quos
1151 1487 1188 1560 Q.
1208 1489 1313 1545 Teren·

213 1594 248 1651 12
262 1593 317 1650 tius
344 1592 445 1652 Culleo
475 1602 593 1650 senator
620 1591 683 1650 fuit.
731 1594 830 1652 Nares
857 1601 1010 1667 provectas
1041 1593 1070 1650 in
1093 1593 1183 1650 altum
1205 1593 1312 1650 incendi
1371 1649 1372 1660 ,

261 1701 358 1770 iussit;
387 1702 558 1776 quingentas
579 1699 668 1757 fuisse
690 1701 782 1759 omnis
803 1698 933 1775 generis,
956 1717 1019 1772 quae
1043 1701 1132 1756 remis
1156 1711 1312 1774 agerentur,

263 1805 378 1882 quidam
402 1807 535 1877 tradunt;
570 1826 692 1882 quarum
719 1815 904 1882 conspectum
932 1783 1051 1879 repente
1072 1803 1233 1864 incendium
1255 1817 1310 1862 tam

214 1909 247 1967 ts
261 1912 381 1988 lugubre
406 1910 495 1969 fuisse
523 1913 639 1984 Poenis,
672 1931 758 1987 quam
789 1911 815 1968 si
840 1911 905 1987 ipsa
925 1907 1075 1984 Carthago
1104 1911 1225 1970 arderet.
1267 1911 1312 1966 De

261 2015 389 2093 perfugis
410 2018 528 2093 gravius
551 2036 637 2094 quam
660 2019 697 2075 de
718 2017 847 2094 fugitivis
869 2016 1048 2085 consultum
1071 2015 1198 2076 nominis
1219 2015 1310 2074 Latini

262 2122 420 2198 quierant,
442 2124 534 2182 securi
555 2125 692 2200 percussi,
713 2123 838 2182 Romaiu
859 2123 887 2180 iu
910 2141 1022 2180 crucem
1045 2122 1162 2180 sublati.

343 2229 438 2288 Annis
465 2240 532 2288 ante
559 2229 751 2306 quadraginta
780 2247 839 2305 pax
866 2247 928 2286 cum
954 2226 1243 2303 Carthaginiensibus
1262 2245 1307 2301 po-

231 2341 367 2397 2stremo
390 2335 468 2394 facta
489 2345 561 2407 erat,
583 2335 619 2410 Q.
641 2335 768 2404 Lutatio,
789 2336 825 2392 Α.
846 2334 956 2392 Manlio
978 2333 1156 2393 oonsadibus.
1204 2332 1306 2390 Bellum

260 2441 359 2499 initum
391 2441 473 2498 annis
499 2451 564 2516 post
591 2441 683 2498 tribus
710 2451 738 2498 et
764 2440 879 2516 viginti,
915 2441 951 2503 P.
974 2439 1129 2511 Cornelio,
1165 2441 1215 2498 Ti.
1235 2439 1307 2500 Sem·

260 2545 362 2621 pronio
384 2544 558 2616 consulibus,
579 2545 689 2602 finitum
712 2556 755 2604 est
776 2548 898 2622 septimo
920 2545 1031 2603 decimo
1053 2563 1143 2616 auno,
1165 2544 1221 2604 Cn.
1242 2543 1307 2602 Cor·

230 2649 351 2718 3nelio,
387 2651 422 2706 P.
443 2648 525 2708 AElio
552 2651 634 2707 Paeto
667 2651 839 2710 oonsulibus.
896 2651 980 2726 Saepe
1014 2662 1118 2727 postea
1152 2649 1306 2727 Scipionem

259 2754 354 2814 ferunt
375 2754 496 2826 dixisse,
532 2755 579 2812 Ti.
609 2754 723 2814 Claudii
750 2756 873 2832 primum
895 2757 1100 2832 cupiditatem,
1137 2757 1244 2814 deinde
1262 2754 1306 2814 Cn.

260 2861 386 2920 Cornelii
407 2859 496 2919 luisse
520 2862 549 2918 in
570 2880 670 2932 mora,
698 2880 756 2937 quo
778 2862 871 2920 miuus
892 2861 923 2919 id
945 2862 1051 2920 bellum
1075 2863 1168 2920 exitio
1191 2862 1308 2922 Cartha·

257 2967 332 3043 giuia
350 2966 452 3024 finiret.

229 3083 245 3136 4
341 3069 512 3147 Carthagini
546 3089 634 3146 quum
664 3071 760 3145 prima
786 3071 902 3130 collatio
939 3072 1067 3148 pecunia
1101 3073 1215 3132 diutino
1242 3073 1308 3130 bello

259 3177 405 3236 exhaustis
434 3175 558 3234 difficilis
587 3177 748 3249 videretur,
783 3178 972 3253 maestitiaque
1005 3187 1033 3236 et
1061 3179 1147 3236 fletus
1179 3179 1209 3236 in
1237 3179 1309 3236 curia

229 3295 347 3354 tessal,
368 3284 509 3340 ridentem
532 3283 727 3341 Hannibalem
750 3284 846 3344 ierunt
869 3293 1063 3360 conspectum.
1113 3281 1206 3340 Cuius
1229 3302 1308 3359 quom

259 3390 429 3448 Hasdrubal
457 3389 567 3446 Haedus
596 3387 685 3448 risum
718 3389 880 3465 increparet
906 3390 937 3446 in
963 3389 1079 3465 publico
1107 3390 1196 3459 fletu,
1229 3408 1308 3464 quum

230 3496 321 3571 6ipse
342 3495 525 3554 lacrimarum
547 3511 636 3550 causa
657 3504 746 3566 esset,
779 3496 839 3566 ,Si,
860 3494 1103 3571 quemadmodum
1126 3495 1187 3552 oris
1201 3496 1307 3553 habitus

259 3601 383 3658 cernitur
422 3598 530 3659 oculis“
567 3598 675 3673 iuquit,
712 3599 772 3670 „sic
798 3608 827 3658 et
854 3601 966 3658 animus
998 3601 1075 3660 intus
1107 3602 1189 3660 cerni
1209 3613 1307 3677 posset,

257 3706 342 3764 facile
357 3706 439 3764 vobis
460 3714 622 3781 appareret,
644 3724 703 3762 non
722 3705 789 3777 lati,
807 3705 858 3762 sed
873 3725 965 3782 prope
980 3707 1102 3764 amentis
1120 3707 1209 3764 malis
1222 3705 1306 3764 cordis

257 3815 348 3884 hunc,
380 3829 465 3886 quem
492 3811 663 3886 increpatis,
695 3812 784 3868 risum
812 3828 889 3881 esse3
927 3811 976 3885 qui
1005 3821 1102 3869 tamen
1128 3829 1305 3888 nequaquam

257 3920 329 3977 adeo
366 3927 409 3976 est
440 3916 678 3992 intempestivus,
715 3935 802 3991 quam
831 3927 934 3974 vestrae
965 3917 1028 3974 ista
1060 3919 1198 3976 absurdae
1229 3929 1305 3993 atque

227 4023 442 4082 7abhorreutes
462 4021 588 4078 lacrimae
608 4033 683 4078 suut.
731 4023 815 4080 Tunc
835 4023 919 4080 flesse
941 4023 1046 4092 decuit,
1067 4042 1158 4099 quum
1178 4025 1304 4099 adempta
