2700 4426
417 157 497 207 Liber
515 159 629 210 xxvn.
666 160 712 224 (A.
729 161 775 211 cu.
791 163 864 226 eos.)
1091 168 1130 223 99

103 335 181 390 enim
205 337 303 394 omnia
325 341 440 397 emebat
461 351 511 398 aut
533 336 767 417 eblandiebatur‚
787 347 847 402 'sed
875 346 934 404 vim
955 347 1072 422 flagitiis
1094 348 1179 406 adhi-
1279 427 1280 430 Ἴ

108 442 206 513 bebat,
228 445 482 519 periculosumque
504 456 534 503 et
547 449 617 504 viris
634 457 662 506 et
680 451 848 524 parentibus
866 463 928 509 erat
944 470 1055 509 moram
1068 453 1178 511 incom-

109 547 198 604 moda
219 551 373 607 severitate
396 552 507 609 libidini
531 554 618 628 regiae
629 553 745 624 fecisse3
761 555 810 612 uni
821 555 906 612 etiam
918 557 1042 632 principi
1052 560 1178 616 Achaeo·
1190 561 1209 618 8

106 671 171 708 rum
194 653 291 711 Arato
321 657 459 732 adempta
488 677 564 716 uxor
584 661 701 716 nomine
722 661 892 736 Polycratia
913 680 947 718 ec
965 680 1017 738 spe
1031 665 1177 738 regiarum

107 759 273 833 nuptiarum
297 762 326 817 in
348 763 551 821 Macedoniam
575 773 728 841 asportata
748 766 852 824 fuerat.

98 874 105 890 ’
192 865 252 921 Per
278 867 339 924 haee
368 869 480 944 flagitia
510 870 642 928 sollemni
664 872 842 930 Nemeorum
874 881 993 947 peracto
1015 872 1206 946 paucisquell

108 968 215 1025 additis
244 971 354 1043 diebus,
377 973 491 1049 Dymas
513 985 557 1033 est
578 976 726 1050 profectus
749 980 786 1037 ad
809 978 973 1053 praesidium
995 978 1175 1049 AEtolorum‚

108 1073 187 1146 quod
210 1076 246 1131 ab
269 1077 348 1134 Eleis
372 1080 494 1137 accitum
511 1091 719 1156 acceptumque
736 1085 765 1139 in
780 1083 881 1138 urbem
901 1089 973 1151 erat,
996 1081 1176 1143 eiiciendum.

108 1179 264 1255 Cycliadas
299 1182 407 1259 (penes'
439 1204 504 1242 eum
541 1205 655 1243 summa
685 1186 799 1262 imperii
834 1185 908 1259 erat)
941 1187 1103 1261 Achaeique
1139 1175 1228 1246 ad'to

107 1285 221 1361 Dymas
243 1290 304 1362 regi
327 1309 486 1361 occurrere,
509 1299 537 1346 et
558 1292 689 1349 Eliorum
707 1292 821 1349 accensi
841 1291 919 1362 odio,
942 1291 1020 1364 qnod
1039 1294 1177 1351 acetaria

107 1391 225 1447 Achaeis
247 1393 438 1466 dissentirem,
462 1404 489 1451 et
510 1395 616 1452 infensi
637 1395 757 1466 AEtolis‚
781 1413 854 1469 quos
871 1397 1036 1452 Romanum
1060 1416 1177 1471 quoqne

108 1497 248 1553 adversus
276 1518 308 1554 se
336 1501 463 1557 movisse
495 1502 600 1557 bellum
632 1501 797 1557 credebant.
853 1498 982 1557 Profecti
1019 1520 1038 1557 a
1069 1502 1175 1577 Dymis
1192 1506 1224 1559 ll

107 1602 260 1659 coniuncto
294 1606 422 1662 exercitu
456 1615 606 1662 transeunt
643 1606 777 1662 Larisum
811 1621 941 1674 amnem,
986 1605 1035 1679 qui
1076 1606 1173 1664 Elium

108 1724 209 1780 agrum
241 1727 259 1765 a
287 1708 411 1784 Dymmo
442 1711 556 1768 dirimit
607 1712 739 1770 Primum
762 1709 847 1778 diem,
872 1727 930 1782 quo
953 1711 1024 1765 fines
1045 1711 1171 1768 hostium
1227 1705 1273 1772 32

106 1810 228 1886 ingressi
266 1823 348 1884 sunt,
384 1815 551 1889 populando
594 1817 832 1891 absumpserunt3
871 1822 989 1889 postero
1032 1814 1079 1870 die
1112 1814 1175 1873 acie

105 1917 246 1974 instructa
267 1919 304 1974 ad
326 1922 426 1976 urbem
450 1929 650 1991 accesserunt,
672 1920 827 1994 praemissis
850 1919 1008 1993 equitibus,
1032 1919 1080 1992 qui
1104 1921 1176 1976 obe·

107 2023 248 2097 quitando
265 2033 432 2099 promptum
450 2026 487 2081 ad
503 2026 690 2082 excursiones
704 2043 796 2099 genus
809 2024 985 2080 lacesserent
994 2024 1174 2084 AEtolorum.

106 2128 296 2202 Ignorabam,
325 2128 483 2204 Sulpicium
517 2148 581 2187 cum
609 2129 772 2204 quindecim
802 2128 926 2185 navibus
955 2131 992 2186 ab
1018 2130 1206 2204 Naupact02

107 2232 247 2308 Cyllenen
276 2234 424 2291 traiecisse
458 2244 499 2304 et,
529 2235 670 2310 expositis
697 2235 727 2291 in
758 2240 866 2289 terram
890 2243 1028 2307 quattuor
1049 2235 1175 2292 millibus

107 2349 295 2411 armatorum,
317 2341 431 2397 silentio
448 2341 551 2411 noctis,
572 2359 610 2396 ne
634 2340 763 2415 conspici
785 2356 890 2413 agmen
912 2350 1027 2413 posset,
1050 2341 1176 2399 intrasse

106 2444 194 2501 Elim.
242 2445 347 2519 Itaque
370 2447 530 2520 improvisa
554 2463 601 2502 res
622 2445 768 2520 ingentem
789 2443 888 2500 iniecit
908 2453 1065 2518 terrorem,
1094 2445 1206 2522 post-3

108 2566 196 2622 quam
233 2549 309 2604 inter
340 2550 459 2607 AEtolos
498 2550 639 2624 Eliosque
675 2553 812 2607 Romana
844 2548 929 2623 signa
970 2559 1058 2624 atque
1093 2570 1176 2610 arma

108 2670 280 2726 cognovere.
303 2653 343 2708 Et
359 2653 453 2727 primo
472 2653 600 2728 recipere
612 2672 682 2710 suos
693 2654 828 2710 voluerat
841 2672 908 2723 rex3
921 2653 1032 2724 deinde,
1045 2663 1175 2714 contrac-
1190 2656 1207 2708 4

108 2764 138 2811 to
156 2756 214 2812 iem
233 2756 308 2813 inter
321 2757 441 2814 AEtolos
460 2766 489 2813 et
503 2758 618 2815 Tralles
640 2757 818 2832 (Illyriorum
841 2757 870 2812 id
893 2765 937 2813 est
957 2755 1060 2832 genus)
1083 2768 1175 2816 certa·

108 2861 202 2932 mine,
226 2880 313 2935 quum
336 2862 432 2936 urgeri
455 2861 566 2918 videret
587 2880 671 2931 suos,
700 2869 728 2917 et
749 2862 812 2936 ipse
833 2881 887 2917 rex
908 2879 972 2918 cum
995 2863 1124 2936 equitatu
1146 2864 1176 2920 in

108 2967 257 3023 cohortem
285 2969 450 3023 Romanam
480 2966 608 3023 incurrit.
656 2965 704 3023 Ibi
732 2984 823 3040 equus
845 2966 905 3041 pilo
927 2967 1064 3024 traiectus
1087 2967 1206 3042 quumb

107 3071 278 3146 prolapsum
306 3091 359 3146 per
380 3080 469 3147 ceput
489 3090 587 3146 regem
616 3069 782 3140 effudisset,
816 3078 902 3127 atrox
922 3090 1021 3146 pugna
1042 3073 1177 3147 utrinque

108 3194 232 3233 accensa
254 3184 313 3247 est,
346 3186 374 3233 et
394 3180 431 3234 ab
453 3177 595 3234 Romanis
619 3176 730 3251 impetu
752 3176 901 3251 inregem
926 3176 1006 3234 facto
1029 3185 1059 3233 et
1079 3186 1176 3253 prote-

107 3281 241 3354 gentibus
270 3281 367 3356 regiis.
411 3282 537 3357 Insignis
569 3291 598 3338 et
626 3282 717 3357 ipsius
746 3298 846 3355 pugna
872 3280 941 3350 fuit,
977 3301 1065 3356 quum
1088 3283 1208 3358 pedesb
1230 3342 1245 3369 κ

107 3385 183 3441 inter
216 3386 327 3459 equites
361 3395 479 3442 coactus
501 3394 578 3443 esset
607 3384 740 3460 proelium
769 3386 857 3455 inire;
890 3386 965 3455 dein,
993 3403 1081 3459 quum
1116 3387 1175 3446 iam

108 3488 205 3564 imper
231 3499 376 3547 certamen
409 3501 486 3548 esset
512 3491 707 3564 caderentque
729 3491 806 3547 cirea
829 3509 895 3548 eum
917 3489 1000 3547 multi
1021 3497 1050 3546 et
1073 3491 1176 3549 vulne·

108 3602 252 3665 rarenter,
274 3604 375 3671 raptus
398 3598 435 3653 ab
458 3596 517 3652 suis
541 3604 629 3671 atque
651 3594 733 3651 alteri
756 3613 832 3668 equo
856 3593 976 3650 iniectus
998 3591 1082 3668 fugit.
1129 3597 1206 3654 Eoi

109 3699 156 3755 die
186 3708 282 3757 castra
310 3701 437 3775 quinque
466 3701 557 3758 millia
585 3717 725 3775 passuum
750 3698 787 3753 ab
810 3699 882 3754 urbe
904 3698 1035 3756 Eliorum
1064 3701 1176 3776 posuit3

109 3812 227 3877 postero
268 3804 314 3861 die
346 3806 386 3861 ad
423 3806 572 3863 castellum
607 3805 751 3881 (Pyrgum
785 3801 905 3876 vocant)
938 3805 1038 3878 copias
1076 3822 1176 3863 omnes

110 3907 219 3979 eduxit,
243 3927 301 3983 quo
325 3910 481 3984 agrestium
499 3909 709 3966 multitudinem
727 3925 792 3964 cum
814 3907 968 3981 pecoribus
989 3918 1066 3967 metu
1082 3927 1177 3985 popu·

929 4055 931 4059 .
944 4007 975 4059 7*
