2680 4546
730 227 764 270 VI

222 410 312 480 miset,
334 411 361 466 in
384 409 471 467 altem
491 408 661 484 adscriptum
693 418 733 466 est
754 417 780 465 et
800 427 891 484 prono
920 410 977 466 loeo
1003 408 1200 485 interpositum
1223 423 1274 478 oop-

221 509 328 562 nomen,
357 511 410 567 quo
431 494 458 548 in
481 491 621 548 narrando
642 492 780 567 appellari
800 490 891 570 solet.)
920 492 1044 562 XXIII,
1083 497 1102 549 5
1129 487 1274 564 (Anagnia

222 575 291 638 Loo.
307 578 335 645 1,
350 576 378 636 t.
393 574 524 634 PDrolo.
541 575 691 650 Anagnia)
707 576 827 643 XXIV,
850 579 867 632 6
884 575 1024 650 (iurisque
1039 595 1074 633 ac
1092 571 1221 632 dicionis
1232 589 1276 628 nm

217 667 308 734 potest
328 677 420 716 uuum
443 677 508 728 esse,
529 676 576 714 neo
597 677 620 719 o.
644 660 694 728 51,
716 659 735 714 8
748 658 895 732 serendum
916 677 972 732 que
994 677 1028 716 ac
1050 657 1234 734 copulaturus
1251 673 1277 712 ue

132 761 135 768 ·
222 755 250 800 et
270 741 340 800 iuris
362 751 391 798 et
411 739 531 800 dicionis
553 741 661 816 quidem
682 741 738 798 diei
748 750 866 816 poterat,
888 741 1023 798 distracto
1046 761 1107 798 una
1131 739 1277 796 nodonein

222 826 293 882 duos
322 833 484 900 separatos3
512 825 610 882 eeeidit
636 823 780 882 iacturum
797 833 864 900 post
893 843 1009 882 eorum:
1040 825 1181 898 iurisque
1203 821 1277 878 aad

222 927 320 966 eorum
341 907 509 976 facturum.)
541 911 576 964 12
600 906 675 980 (iore
697 909 775 969 Mur,
797 907 827 962 P
843 907 935 964 Draln
959 908 1071 983 eornm)
1110 912 1150 965 15
1175 906 1278 978 Zacyn·

222 991 301 1048 thum
324 1023 364 1034 -
385 1007 532 1066 parva...
562 990 678 1048 nomine
699 992 847 1048 habet-
871 1010 949 1048 eam.
963 1035 992 1051 ..
1021 993 1112 1067 cepit,
1140 997 1173 1046 et
1194 988 1278 1062 (inter-

217 1075 388 1150 punctionem
415 1075 583 1148 superiorum
605 1071 782 1150 restituimus)
818 1077 851 1130 16
874 1074 1042 1148 Philippum
1066 1091 1193 1148 quoque
1214 1068 1279 1143 (W.)

165 1259 170 1271 ·
222 1227 325 1294 XXV,
348 1228 364 1284 2
381 1227 433 1298 (ab
448 1235 528 1300 tergo
544 1224 631 1286 Salm.
647 1226 677 1282 P
694 1226 814 1300 altergo,
836 1226 928 1283 Drole.
950 1226 1075 1299 alterno)
1099 1229 1115 1282 3
1135 1223 1280 1300 (Simiam,

222 1310 251 1366 in
266 1309 466 1370 Macedoniam
481 1309 585 1368 Buten.
593 1332 604 1376 ,-
621 1309 649 1364 P
659 1309 751 1365 Drole.
773 1308 858 1366 sitam
879 1309 908 1365 in
931 1309 987 1374 Μ.)
1010 1314 1027 1365 4
1044 1318 1070 1364 et
1086 1315 1102 1364 5
1119 1307 1278 1364 deseendit:

224 1393 262 1450 ad
301 1391 462 1454 bellum...
500 1393 645 1450 credebat.
679 1401 708 1448 et
738 1391 836 1449 relicto
869 1391 945 1468 (Mp.
976 1392 1006 1448 P
1037 1389 1279 1449 descenditmead

224 1474 321 1550 Neque
343 1477 480 1532 interiecto
502 1477 541 1532 sic
561 1478 618 1534 sine
635 1476 777 1550 porticulo
805 1477 854 1532 iliu
884 1478 1014 1533 sententia
1039 1475 1077 1532 ad
1099 1473 1211 1532 bellum
1235 1481 1277 1528 aet.

216 1561 292 1633 feni
318 1566 409 1633 potest
442 1576 526 1633 neque
548 1569 576 1614 et
607 1558 706 1616 relicto
739 1577 758 1614 a
789 1559 974 1632 superioribus
1011 1560 1146 1616 nochum.
1196 1555 1276 1614 Kool.

225 1641 343 1717 quippe)
380 1642 397 1697 8
432 1641 469 1696 ad
501 1640 677 1718 frangendos
709 1641 797 1716 igitur
829 1649 944 1698 vastare
975 1638 1049 1716 (Mp.
1076 1642 1140 1700 Em.
1167 1638 1281 1696 satu

226 1725 264 1781 ad
275 1723 450 1798 frangendas
460 1724 547 1799 igitur
557 1728 646 1794 vast.)
674 1728 708 1781 10
721 1724 884 1794 (Adversus
908 1743 981 1798 quos
1002 1724 1089 1780 Frot.
1106 1724 1197 1792 1531,
1220 1723 1274 1794 uu

224 1807 286 1865 Em.
302 1807 368 1864 309.
382 1807 556 1864 Padversus
572 1807 697 1882 quodse.
709 1850 738 1868 ..
758 1807 899 1882 imparem
914 1817 972 1878 aut,
987 1810 1013 1864 si
1024 1809 1121 1864 Anci.
1136 1807 1274 1872 oredimus,

224 1891 331 1966 impar3
352 1890 444 1952 Dralo.
460 1890 610 1948 Adversus
626 1891 719 1964 quod.
731 1939 737 1950 .
749 1938 756 1952 .
768 1888 874 1966 impar)
900 1894 935 1948 13
949 1891 1151 1964 adicerentque
1167 1887 1278 1960 (irps

223 1974 410 2048 adliberentq.
420 1973 512 2031 Drolt.
526 1972 762 2049 adhiberentque)
777 1974 898 2044 XXVI,
921 1977 937 2031 6
950 1974 1027 2031 edita
1041 1977 1100 2030 sine
1109 1975 1184 2030 unas
1199 1971 1271 2046 (Uss-

223 2056 287 2114 Non
301 2058 388 2114 solam
401 2058 549 2132 asyndeton
563 2057 680 2130 offendit,
695 2057 868 2131 sedprorsus
880 2075 967 2130 prave
983 2057 1060 2113 edita
1075 2059 1187 2112 stimma
1208 2073 1272 2111 oom-

223 2148 413 2210 memorantur,
428 2159 510 2214 quum
524 2141 643 2196 nondam
652 2140 766 2214 prolato
780 2140 945 2214 vulpataque
958 2142 1021 2198 siut.
1055 2139 1097 2209 Si,
1113 2139 1186 2214 quod
1198 2139 1271 2209 vulp

224 2224 368 2280 edebatur:
381 2223 457 2278 edita
468 2221 595 2297 fictaque
606 2224 643 2280 ab
655 2222 777 2279 inimicis
788 2225 917 2298 aompias,
929 2241 990 2297 qaeu
999 2225 1101 2280 inimici
1110 2221 1271 2296 querentibus

225 2307 359 2363 ediderint
372 2306 592 2380 subiecerintque,
612 2325 665 2361 noa
680 2306 782 2362 dieitur
793 2308 831 2362 sio
845 2307 930 2362 edere
945 2315 970 2362 et
983 2307 1051 2362 ordo
1071 2307 1273 2380 participiorum

220 2407 326 2464 prauus
355 2388 405 2462 est)
452 2393 484 2445 10
514 2389 741 2460 (diuturnitatem
778 2389 895 2448 codd?
922 2407 999 2459 reos,
1019 2389 1118 2454 0100,-
1147 2389 1176 2444 Ρ
1188 2385 1269 2444 Drat-

224 2470 572 2547 diuturnitate)·XXVII,
595 2476 611 2529 4
628 2472 697 2528 aedis
721 2475 737 2528 6
753 2470 914 2529 incendium
929 2473 1112 2546 profiteretur
1127 2472 1200 2544 (Mp.
1214 2470 1269 2526 Em

224 2552 295 2628 310)
327 2559 358 2610 11
385 2554 497 2611 hostilis
525 2557 582 2610 sine
602 2557 680 2612 unas
702 2555 782 2628 (Uss.
804 2555 890 2628 Valpo
912 2564 972 2611 erat
986 2565 1015 2612 et
1028 2555 1157 2612 hostiles.
1187 2552 1270 2609 Natio

225 2646 288 2694 sunt
308 2638 417 2694 hostiles
446 2639 590 2694 inimicitius
619 2656 667 2694 neo
687 2637 804 2694 Fuluius
827 2656 884 2694 rem
905 2647 994 2710 aupet,
1024 2657 1053 2694 se
1082 2639 1175 2694 hostili
1201 2635 1270 2692 modo

224 2722 378 2778 inimicitius
398 2720 541 2797 mereare.)
579 2723 613 2776 12
643 2721 711 2794 quia
732 2723 789 2777 sine
815 2723 892 2777 uncis
918 2720 992 2797 (My.
1013 2721 1079 2780 Em.
1093 2721 1153 2778 310
1163 2739 1189 2780 n.
1233 2716 1270 2776 Ne
1335 2748 1336 2769 i

225 2803 352 2861 Senecam
380 2804 486 2879 quidem
512 2803 571 2878 Ep
594 2804 647 2873 97,
677 2806 716 2860 15
737 2805 879 2878 scripsisse
908 2804 977 2878 quia
1003 2803 1090 2860 vitari
1112 2809 1269 2860 metns'non

224 2905 319 2962 posse,
350 2888 592 2956 ostmdit.1netus;
627 2905 712 2960 neque
739 2889 807 2942 euim
834 2887 957 2962 pluralis
981 2889 1087 2942 numeri
1112 2888 1268 2944 ooousodous

225 2971 263 3028 ibi
274 2973 350 3045 ferri
368 2979 471 3045 potest‚·
504 2971 614 3044 scripsit
641 2969 756 3044 possit.)
794 2972 828 3026 16
852 2966 1025 3044 (secutisque
1052 2969 1098 3029 W.
1122 2979 1148 3026 et
1174 2967 1271 3042 Myr

225 3053 397 3128 seculisque;
425 3052 519 3109 Dralo.
546 3050 724 3128 AEtolisque]
756 3048 760 3130 )
790 3053 929 3122 Romam,
954 3055 1068 3126 speeiem
1100 3049 1266 3127 proebuitcl

225 3137 288 3193 urb.
312 3135 423 3192 excidio
452 3137 511 3208 [ac]
541 3135 732 3192 celeberrimis
765 3135 839 3208 (Mp.
868 3135 931 3194 Em.
959 3135 1018 3191 309
1025 3157 1036 3201 ,·
1067 3154 1102 3191 ac
1131 3135 1265 3192 &tetum

226 3221 281 3274 iam
313 3219 457 3277 deleverat.
519 3218 676 3275 Rectissime
712 3218 812 3275 dicitur
845 3215 969 3274 formam
1011 3219 1149 3292 praebuit.
1162 3262 1191 3279 ..
1228 3215 1266 3272 ad·

227 3301 363 3362 ducentia.
419 3301 468 3356 Ea
497 3299 620 3358 formam
657 3309 759 3370 ortum,
791 3301 960 3375 procedente
992 3320 1024 3371 e,
1060 3321 1191 3369 ormam,
1225 3311 1269 3357 mm

226 3386 359 3445 Romam.
391 3383 483 3440 Drole.
505 3385 628 3441 Romam
660 3383 779 3460 praeivit.
828 3382 962 3440 Celebres
998 3379 1119 3442 homines
1157 3386 1269 3442 dicuntur

227 3469 307 3524 etiam
335 3467 399 3536 VII,
420 3469 469 3537 21,
495 3463 535 3544 0.)
558 3467 712 3537 XXVIII,
737 3463 876 3542 1(Fieitne
889 3465 1059 3542 gessisseti)
1085 3467 1268 3544 3praeiuerat.

228 3550 375 3608 consulum
406 3551 441 3606 de
468 3569 551 3625 prov.
581 3547 626 3626 (P.
648 3551 689 3606 Et
709 3549 882 3606 desideratur
910 3551 1069 3624 sipnifioatio
1101 3553 1170 3620 eius,
1192 3571 1209 3608 a
1229 3568 1270 3625 quo

228 3637 314 3690 oratio
336 3634 431 3690 deinde
453 3635 617 3707 transfertur
638 3633 677 3690 ad
697 3635 763 3704 otia,
786 3642 811 3689 et
832 3633 979 3689 consulum
996 3652 1089 3708 pravo
1112 3635 1170 3691 loeo
1200 3652 1270 3710 poue

228 3715 331 3791 bauer.)
351 3720 385 3774 13
400 3715 519 3774 fuissent
535 3713 606 3792 (cod.
622 3735 691 3772 unus
705 3716 772 3790 reo.)
794 3716 917 3786 XXIX,
933 3717 949 3772 3
967 3712 1062 3791 (suam
1078 3734 1211 3792 quosque
1221 3718 1269 3789 Mo.

227 3799 291 3859 Em.
315 3800 382 3860 311.
397 3801 427 3856 P
434 3800 526 3860 Drale.
550 3819 631 3858 sunm
653 3797 786 3875 quisque)
804 3794 807 3876 )
827 3798 942 3865 (domos
965 3801 1056 3875 suppl.
1079 3799 1178 3858 Weiss.
1193 3799 1269 3858 Drut.

229 3881 371 3958 senatum)
415 3888 550 3956 lposset
582 3880 676 3958 (Voss.
704 3883 764 3954 Mp.
787 3882 851 3938 Em.
873 3881 933 3936 302
943 3888 982 3951 n.)
1024 3886 1057 3939 10
1079 3893 1149 3956 post
1184 3885 1269 3942 adver·

229 3966 351 4021 sissimus
371 3965 496 4021 secundae
517 3963 589 4039 (My.
606 3965 671 4023 Em.
685 3964 752 4022 312.
769 3964 873 4038 Ppost
894 3964 1042 4030 adversae5
1055 3963 1153 4025 Drulo.
1178 3968 1269 4042 primus

231 4046 371 4120 adversae)
404 4047 517 4117 XXX,
546 4051 581 4103 10
603 4065 639 4102 ne
659 4046 736 4102 nudo
759 4047 832 4119 (My.
854 4046 919 4106 Em.
941 4046 1013 4124 312)
1056 4049 1092 4104 12
1115 4049 1269 4108 habeamus.
