2700 4426
431 229 512 280 Liber
527 229 614 282 XXV.
650 228 697 293 (Α.
711 228 759 281 ch.
770 228 843 291 212.)
1029 281 1031 285 ,
1070 232 1133 288 2454

104 419 220 468 sontem
248 413 359 482 iacere,
389 412 561 486 hospitalem
601 413 713 469 hostem
747 412 898 488 appellans
932 411 1172 487 simulantemque

105 534 242 590 parcere,
276 517 322 573 cui
349 517 423 574 sciat
446 536 546 592 parem
569 535 601 573 se
629 536 687 573 non
715 535 788 576 esse.
845 516 876 574 Si
907 536 1020 592 parum,
1048 519 1200 592 publicis9

105 620 266 678 foederibus
294 624 396 697 ruptis,
429 623 572 697 dirempta
593 622 679 678 simul
709 632 738 679 et
768 622 885 697 privata
906 623 971 680 iura
997 641 1061 680 esse
1081 631 1172 699 putet,

105 725 231 783 Badium
269 725 451 804 Campanum
484 729 520 785 T.
554 727 689 800 Quinctio
727 725 860 803 Crispino
893 730 1027 786 Romano
1063 731 1171 803 palam,

106 831 222 888 duobus
251 831 423 890 exercitibus
450 833 646 902 audientibus,
677 834 842 890 renuntiare
873 835 1040 908 hospitium.
1089 835 1171 909 Nihil
1187 838 1221 892 10

106 937 162 992 sibi
192 956 256 993 cum
288 956 322 994 eo
351 939 564 1008 consociatum,
596 939 666 995 nihil
695 938 867 996 foederatum
890 940 967 996 hosti
989 958 1052 996 cum
1077 942 1170 1009 hoste,

107 1043 189 1099 citius
217 1043 342 1117 patriam
377 1063 412 1101 ac
444 1052 564 1118 penates
593 1043 725 1118 publicos
753 1045 943 1118 privatosque
970 1051 1170 1119 oppugnatunt

106 1148 244 1207 venisset.
300 1147 331 1206 Si
358 1148 404 1205 vir
427 1158 512 1215 esset,
534 1148 765 1221 congrederetur,
812 1149 872 1206 Diu
902 1146 1082 1206 cunctantem
1106 1150 1220 1208 Cri-'li
1261 1172 1264 1178 ¹

106 1256 221 1331 spinum
252 1253 405 1329 perpulere
426 1254 577 1320 tur'males,
604 1267 647 1309 'ne
679 1253 796 1328 impune
826 1254 966 1310 insultare
988 1253 1168 1331 Campanum

106 1368 264 1435 pateretur.
311 1344 426 1431 Itaque*
442 1367 552 1414 tantum
581 1366 726 1426 moratus,
758 1359 826 1414 dum
854 1359 1044 1433 imperatores
1066 1380 1169 1418 consu·
1186 1362 1221 1418 12

106 1464 187 1533 leret,
208 1463 443 1539 permitterentne
458 1463 512 1518 sibi
534 1471 617 1518 extra
639 1462 768 1519 ordinem
784 1465 812 1520 in
828 1474 1034 1539 provocantem
1056 1468 1168 1524 hostem
1219 1506 1230 1511 --

104 1586 248 1644 pugnare,
280 1569 421 1643 permissu
444 1587 543 1624 eorum
567 1586 649 1622 arma
671 1568 748 1642 cepit
769 1587 933 1643 equumque
955 1572 1121 1628 conscendit
1143 1582 1172 1629 et

106 1674 231 1732 Badium
248 1672 364 1728 nomine
385 1658 561 1746 compellans
583 1673 620 1728 ad
642 1692 770 1748 pugnam
793 1674 935 1730 evocavit
982 1675 1072 1732 Nulla
1087 1696 1171 1734 mora
1186 1682 1222 1737 13

106 1799 125 1836 a
148 1778 300 1854 Campano
330 1777 410 1835 facta
432 1785 490 1844 est-;
512 1776 623 1834 infestis
645 1779 727 1852 equis
748 1788 963 1838 concurrerunt.
1020 1779 1170 1855 Crispinus

83 1902 197 1959 ⁴supra
232 1894 344 1940 scutum
381 1883 527 1939 sinistrum
570 1884 720 1940 humerum
760 1883 871 1939 Badio>
896 1885 982 1940 hasta
1017 1885 1174 1952 transfixit,-

105 2008 252 2064 superque
278 1989 428 2063 delapsum
456 2006 521 2043 cum
551 1988 670 2044 vulnere
700 2007 736 2044 ex
759 2007 834 2060 equo
857 1989 986 2058 desiluit,
1018 1996 1051 2045 ut
1082 1990 1171 2064 pedes

104 2095 248 2151 iacentem
270 2095 431 2152 conficeret.
478 2092 598 2161 Badius,
626 2093 796 2168 priusquam
819 2093 1038 2168 opprimeretur,
1067 2113 1171 2169 parma
1186 2101 1221 2155 ll

106 2209 196 2272 atque
218 2217 293 2272 equo
312 2198 412 2255 relicto
435 2198 472 2253 ad
494 2216 562 2254 suos
579 2197 706 2272 aufugit3
729 2195 879 2272 Crispinus
902 2216 1008 2271 equum
1031 2216 1171 2271 armaque
1186 2207 1221 2260 15

75 2363 79 2370 ,
105 2313 196 2378 capta
236 2313 266 2360 et
294 2314 441 2360 cruentam
472 2304 618 2378 cuspidem
650 2303 770 2378 insignis
798 2303 898 2377 spoliis
925 2313 1073 2361 ostentans
1105 2306 1169 2359 cum

105 2427 217 2484 magua
236 2409 326 2465 laude
346 2419 374 2464 et
395 2409 592 2484 gratulatione
613 2409 734 2465 militum
757 2409 794 2464 ad
809 2409 942 2466 consules
964 2420 1008 2467 est
1023 2410 1171 2479 deductus,

104 2513 301 2586 laudatusque
320 2514 361 2570 ibi
383 2515 534 2588 magnifice
557 2522 585 2570 et
607 2514 690 2569 donis
712 2513 846 2571 donatus.
918 2559 920 2562 ,

191 2617 342 2674 Hannibal
362 2637 398 2674 ex
421 2636 493 2692 agro
515 2619 721 2674 Beneventano
746 2629 843 2674 castra
865 2617 903 2674 ad
925 2616 1055 2693 Capuam
1080 2639 1166 2694 quum
1221 2611 1264 2680 19

106 2721 255 2791 movisset,
276 2724 362 2779 tertio
383 2733 450 2798 post
472 2723 527 2793 die,
549 2741 636 2796 quam
658 2723 749 2790 venit,
773 2723 872 2797 copias
894 2723 923 2778 in
946 2723 1035 2780 aciem
1061 2724 1170 2792 eduxit,

105 2827 334 2900 haudquaquam
357 2828 471 2894 dubius,
493 2816 570 2901 quod
593 2825 750 2901 Campanis
773 2827 893 2883 absente
916 2845 947 2882 se
976 2846 1085 2902 paucos
1104 2828 1200 2885 aute2

106 2932 169 2988 dies
201 2933 329 2988 secunda
361 2931 464 2989 fuisset
485 2951 598 3009 pugna,
630 2931 713 3006 quin'
728 2932 818 2988 multo
847 2932 941 2988 minus
959 2940 1000 2989 'se
1030 2951 1172 3006 suumque

107 3037 192 3093 toties
214 3037 355 3094 victorem
377 3038 534 3095 exercitum
553 3038 697 3094 sustinere
712 3037 835 3095 Romani
859 3046 986 3112 possent.
1036 3036 1201 3095 Ceterum3

105 3150 263 3216 postquam
285 3144 409 3217 pugnari
432 3153 555 3217 coeptum
579 3150 631 3209 cst,
653 3141 781 3215 equitum
796 3143 923 3199 maxime
937 3142 1062 3211 incursu,
1082 3161 1170 3216 quum

106 3247 209 3311 iaculis
243 3249 430 3318 obrueremr,
462 3247 617 3303 laborabat
646 3248 782 3303 Romana
812 3248 904 3317 acies,
938 3248 1029 3305 donec
1056 3247 1170 3322 siguum
1272 3257 1284 3270 ”

108 3351 253 3424 equitibus
286 3353 385 3408 datum
414 3361 471 3421 est,
504 3361 536 3407 ut
564 3353 594 3408 in
622 3353 735 3408 hostem
765 3352 948 3410 admitterent
974 3371 1074 3427 equos.
1125 3353 1203 3427 ital

107 3466 242 3529 equestre
262 3456 395 3531 proelium
419 3466 497 3525 crat,
522 3475 610 3530 quum
633 3458 735 3531 procul
763 3457 841 3513 visus
863 3457 1090 3532 Sempronianus
1121 3475 1171 3513 ex·

107 3561 222 3629 arcitus,
244 3561 290 3618 cui
305 3560 359 3621 Cn.
375 3559 526 3617 Cornelius
549 3570 676 3636 quaestor
696 3570 827 3637 praeerat,
851 3562 965 3636 utrique
980 3563 1055 3636 parti
1071 3580 1170 3638 parem

107 3676 214 3722 metum
240 3667 372 3740 praebuit,
396 3687 432 3723 ne
453 3667 552 3723 hostes
576 3667 644 3723 novi
665 3669 864 3740 advent-arent.
913 3667 1003 3723 Velut
1031 3687 1068 3724 ex
1093 3667 1202 3725 com-5

107 3771 204 3845 posito
226 3771 361 3844 utrinque
383 3772 496 3846 signum
519 3772 647 3847 receptui
676 3773 790 3842 datum,
818 3772 990 3846 reductique
1015 3773 1045 3828 in
1076 3783 1172 3830 castra

108 3893 201 3950 prope
230 3890 317 3949 aequo
343 3878 439 3934 Marte
469 3877 676 3947 discesserunt;
707 3879 804 3953 plures
836 3887 933 3935 tamen
966 3878 1004 3934 ab
1033 3878 1172 3936 Romanis

107 3979 204 4054 primo
226 3980 350 4038 incursu·
373 3982 502 4056 equitum
529 3983 702 4044 ceciderunt.
751 3983 824 4040 Inde
850 3984 996 4054 consules,
1028 3991 1059 4040 ut
1088 3979 1202 4040 aver-6
1303 3996 1341 4063 J
