2700 4426
407 154 484 206 Liter
500 155 614 208 XXVII.
657 152 856 220 (1011111.)
1071 161 1124 214 111

106 338 163 393 duo
199 337 289 393 millia
329 337 488 394 Poenorum
529 355 614 396 caesa.
673 339 746 395 Inde
784 322 932 396 nocturnis
969 339 1172 414 montanisque

105 441 255 499 itineribus
276 444 395 513 Poenus,
416 461 453 499 ne
473 442 568 501 locum
588 442 738 518 pugnandi
752 443 844 514 daret,
867 446 1067 519 Metapontum
1080 445 1171 520 petiit.

107 549 214 605 Hanno
243 547 466 624 111111111111
487 549 621 624 praesidio
644 548 704 605 eius
725 548 782 606 loci
804 548 974 625 praefuerat)
997 551 1026 607 in
1042 551 1172 608 Bruttios
1188 553 1224 608 16

107 671 171 710 cum
194 653 294 728 paucis
321 654 358 710 ad
378 655 536 712 exercitum
552 673 660 711 novum
676 655 904 728 comparandum
918 656 1172 724 missus;.Hanni·

106 756 164 827 bal,
187 757 277 832 copiis
299 759 361 815 eius
384 759 421 815 ad
439 777 508 817 suas
523 759 638 830 additis,
649 759 810 817 Venusiam
828 770 916 830 retro,
939 748 1043 835 quibus
1053 771 1174 818 venerat

105 861 267 932 itineribus,
288 864 419 938 repetiit,
442 873 531 938 atque
552 865 620 922 inde
642 863 801 923 Canusium
825 866 966 940 procedit.
1013 867 1173 940 Nunquam
1190 868 1223 922 17

108 969 190 1026 Nero
212 969 343 1043 vestigiis
365 970 457 1027 hostis
479 971 647 1042 abstiterat,
681 978 709 1026 11
731 970 767 1042 Q.
789 971 944 1041 Fulvium,
969 990 1057 1046 quum
1080 972 1175 1028 Meta·

106 1083 227 1148 pontum
243 1076 306 1151 ipse
323 1075 562 1152 proficisceretur,
585 1076 616 1132 in
633 1076 779 1145 Lucanos,
801 1095 838 1132 ne
857 1076 938 1151 regio
961 1094 997 1133 ea
1018 1077 1080 1134 sina
1100 1096 1174 1152 prae·

107 1181 181 1238 sidio
203 1191 287 1252 esset,
310 1182 489 1239 arcessierat.

182 1288 352 1344 ’1111111111
376 1289 413 1344 ab
435 1286 631 1355 Hasdrubale,
653 1293 808 1360 postquam
825 1285 1011 1345 aPlacentiae
1022 1285 1173 1343 obsidione
1226 1274 1269 1347 43

108 1392 256 1462 abscessit,
289 1401 428 1467 quattuor
449 1390 530 1451 Galli
560 1391 679 1464 equites,
712 1391 770 1447 duo
802 1391 939 1448 Numidae
971 1408 1036 1448 cum
1070 1391 1173 1449 littaris

108 1497 188 1555 missi
220 1499 258 1555 ad
279 1497 491 1566 Hannibssem,
532 1515 619 1571 quum
642 1514 695 1570 per
716 1495 827 1551 medios
851 1497 950 1552 hostes
969 1504 1061 1553 totam
1083 1496 1175 1554 ferme

108 1602 316 1677 longitudinem
341 1602 434 1658 Italiae
455 1601 563 1658 emensi
586 1610 690 1670 essent,
714 1600 783 1657 dum
799 1601 1001 1676 Metapontum
1025 1599 1206 1660 cedentem2

108 1707 304 1764 Hannibalem
333 1715 508 1780 sequuntur,
540 1705 657 1762 incertis
686 1704 836 1761 itineribus
859 1706 1019 1764 Tarentum
1046 1708 1134 1764 delati
1158 1725 1176 1764 a

108 1813 192 1888 vagis
214 1831 267 1887 per
288 1829 375 1886 agros
403 1810 625 1886 pabulatoribus
648 1810 790 1867 Romanis
812 1810 849 1866 ad
872 1810 908 1883 Q.
931 1809 1084 1869 Claudium
1106 1829 1177 1886 pro-

110 1927 262 1994 praetorem
274 1918 462 1974 deducuntur.
502 1917 578 1972 Etim
594 1915 689 1990 primo
700 1915 816 1973 incertis
827 1916 1009 1991 implicantes
1019 1916 1177 1991 responsis,
1190 1913 1207 1968 3

108 2033 141 2081 ut
162 2033 256 2080 metus
277 2030 485 2080 tormentorum
508 2023 643 2078 admotus
664 2020 751 2077 fateri
772 2040 844 2079 vera
866 2021 969 2095 coegit,
992 2020 1177 2089 edocuerunt,

110 2128 222 2185 litteras
254 2145 285 2183 se
317 2129 354 2184 ab
382 2126 570 2184 Hasdrubale
606 2126 644 2184 ad
671 2127 867 2183 Hannibalem
908 2125 993 2182 ferre.
1041 2123 1115 2182 Cum
1141 2123 1209 2179 1114

110 2233 222 2303 litteris,
244 2233 319 2289 sicut
340 2241 431 2302 erant,
455 2233 576 2308 signatis
593 2233 627 2292 L.
639 2232 781 2308 Verginio
792 2233 909 2289 tribuno
921 2230 1042 2288 militum
1055 2229 1178 2287 ducendi

113 2339 151 2395 ad
173 2337 325 2395 Claudium
348 2338 495 2395 consulem
517 2339 686 2408 traduntur3
709 2339 773 2395 duae
786 2337 872 2395 simul
888 2346 990 2394 turmae
1004 2335 1177 2396 Samnitium
1193 2335 1209 2390 5

113 2443 239 2519 praesidii
275 2461 364 2499 causa
399 2443 503 2501 missa.
550 2443 609 2518 Qui
645 2443 695 2501 ubi
728 2444 766 2500 ad
799 2443 945 2500 consulem
976 2447 1178 2518 pervenerunt,

111 2550 271 2621 litteraeque
291 2547 374 2604 leetae
393 2567 446 2623 per
465 2549 652 2623 interpret-em
666 2557 734 2605 sunt
754 2557 783 2605 11
803 2567 840 2605 ex
855 2548 978 2622 captivis
999 2545 1179 2622 percontatio

112 2653 202 2722 facta,
225 2661 285 2708 tum
299 2650 447 2722 Claudius,
468 2671 527 2708 non
548 2654 578 2709 id
599 2661 713 2728 tempus
735 2671 798 2709 esse
812 2653 854 2708 rei
874 2652 995 2728 publicas
1009 2661 1099 2722 ratus,
1122 2649 1211 2726 quob

114 2758 241 2814 consiliis
262 2757 416 2815 ordinariis
439 2757 595 2833 provinciae
616 2776 676 2815 suae
698 2758 820 2831 quisque
837 2756 943 2813 finibus
964 2776 1017 2831 per
1039 2757 1182 2814 exercitus

113 2881 183 2920 euos
204 2881 268 2920 cum
290 2864 374 2920 hosta
396 2862 539 2919 destinato
562 2864 600 2919 ab
621 2870 724 2919 senatu
741 2861 847 2918 bellum
866 2869 995 2935 gereret3
1018 2861 1210 2919 audenduml

114 2968 224 3042 aliquid
256 2967 464 3044 improvisum,
489 2967 690 3042 inopinatum,
712 2966 791 3040 quod
813 2973 938 3040 coeptum
960 2984 1019 3022 non
1041 2966 1181 3023 minorem

115 3076 193 3150 apud
228 3074 306 3131 cives
338 3091 426 3146 quam
457 3074 556 3130 hostes
588 3081 730 3130 terrorem
762 3071 894 3140 faceret,
928 3080 1126 3147 perpetratum
1152 3072 1183 3128 in

115 3198 252 3254 magnam
273 3178 401 3236 laetitiam
424 3198 461 3235 ex
484 3197 591 3254 magno
612 3185 692 3235 metu
706 3185 846 3248 verterat,
869 3176 973 3233 litteris
987 3173 1212 3233 Hasdrubalis8

114 3286 240 3343 Romam
268 3284 306 3340 ad
327 3292 459 3342 senatum
481 3283 595 3355 missis,
631 3282 717 3340 simul
738 3292 767 3340 11
789 3283 854 3358 ipse
873 3291 973 3358 patres
995 3282 1183 3358 conscriptos,

116 3390 186 3464 quid
205 3396 342 3464 pararet,
372 3390 489 3460 edocet,
512 3397 538 3444 et
561 3396 611 3460 ut,
633 3406 723 3461 quum
743 3389 774 3446 in
794 3389 921 3448 Umbria
944 3405 976 3444 aa
998 3404 1183 3445 occursurum

116 3493 287 3551 Hasdrubal
307 3491 391 3550 fratri
412 3494 529 3564 scribat,
553 3494 697 3568 legionem
720 3513 738 3552 a
760 3493 865 3571 Capua
880 3495 1006 3551 Romam
1029 3502 1185 3565 arcessant,

117 3600 251 3656 dilectum
286 3599 388 3656 Romae
420 3598 565 3668 habeant,
599 3601 757 3658 exercitum
794 3601 938 3657 urbanum
972 3597 1010 3654 ad
1043 3598 1217 3658 Narniamb
1284 3574 1287 3579 Ι

116 3704 195 3760 hosti
228 3711 386 3779 opponant.
432 3704 505 3760 Haeo
540 3704 654 3761 senatui
689 3705 809 3781 scripta.
857 3702 1007 3761 Praemissi
1036 3704 1105 3762 item
1134 3723 1187 3780 par
1201 3708 1239 3764 10

120 3826 224 3884 agrum
239 3807 416 3886 Larinatem,
438 3809 649 3880 Marrucinum,
671 3811 864 3880 Frentanum,
885 3809 1107 3878 Praetutianum,
1130 3826 1189 3883 qua

122 3913 279 3971 exercitum
301 3913 438 3972 ducturus
460 3922 532 3984 1111,
554 3923 588 3972 ut
603 3932 705 3973 omnes
721 3932 759 3971 ex
775 3913 854 3989 agris
866 3913 1048 4112 urbibumu
1060 3932 1189 3975 somme-
