2680 4546
288 241 327 296 66
556 235 635 284 Liber
651 233 768 286 XXVII.
810 233 858 296 (Δ.
868 247 895 288 ιι.
906 249 930 288 c.
943 233 1018 298 att.)

245 431 343 498 patres
364 419 475 476 litteras
496 417 535 476 ad
548 419 590 476 M.
603 415 757 476 Claudium
773 416 929 475 mittendas
944 425 1134 485 censuerrmt,
1159 423 1191 470 ut
1205 413 1310 470 deserta

246 527 284 586 ab
312 524 424 600 collega
451 523 494 582 rei
524 523 647 600 publicae
674 521 842 580 subveniret
873 523 1055 598 diceretque,
1085 539 1181 597 quem
1203 519 1311 594 populus

199 631 385 702 liliussiaset,
410 630 590 690 dictatorern.
637 629 686 686 Ita
707 648 726 687 a
758 629 800 685 M.
831 626 955 686 Claudio
982 627 1105 685 consule
1139 627 1180 700 Q.
1207 625 1313 683 Fulvius

247 740 372 797 dictator
393 735 496 804 dietus,
532 745 561 792 et
593 753 630 791 ex
663 733 765 790 ecdem
800 733 951 810 plebiscito
988 733 1026 790 ab
1048 733 1085 806 Q.
1121 730 1234 789 Fulvio
1266 730 1313 786 dic·

248 853 342 903 tatore
356 845 393 902 P.
411 840 539 899 Licinius
562 838 685 898 Crassus
707 837 840 914 pontifex
859 840 1004 897 maximus
1026 839 1179 914 magister
1202 836 1315 910 equitnm

175 944 196 1014 b
250 951 351 1008 dictus.
408 946 545 1004 Dictator
577 955 733 1020 postquem
762 945 887 1002 Rommn
917 945 1010 1014 venit,
1047 943 1080 1004 Ο.
1116 941 1315 1018 Sempronium

248 1056 374 1114 Blaesum
402 1052 551 1127 legatum,
588 1069 674 1126 quem
708 1049 746 1106 ad
769 1047 903 1124 Capuam
925 1051 1084 1118 habuerat,
1119 1049 1156 1106 in
1181 1045 1315 1105 Etruriam

248 1156 428 1236 provinciam
450 1157 491 1214 ad
511 1157 668 1214 exercitum
691 1154 769 1212 misit
789 1154 819 1211 iu
839 1154 936 1213 locum
952 1153 986 1213 C.
1004 1153 1165 1230 Calpurnii
1187 1152 1316 1229 pretoria,

249 1282 350 1338 quam,
382 1270 415 1319 ut
444 1261 554 1337 Capua
582 1260 778 1336 exercituique
804 1279 858 1317 suo
889 1269 1040 1335 praeesset,
1076 1259 1191 1318 litteris
1214 1258 1315 1316 excivit.

219 1365 319 1442 21pse
340 1367 472 1436 comitia,
504 1365 535 1421 in
557 1383 642 1440 quam
664 1365 741 1424 diem
760 1367 884 1442 primum
906 1366 1009 1441 potuit,
1031 1366 1141 1435 edixit3
1168 1383 1246 1439 qnae,
1265 1380 1314 1417 cer

250 1473 358 1530 tamine
374 1471 449 1529 inter
459 1470 590 1528 tribunos
605 1469 834 1547 dictatoremque
846 1471 959 1541 iniecto,
970 1470 1072 1546 perfici
1081 1490 1141 1528 non
1154 1475 1313 1546 potuerunt.

219 1576 373 1636 3Galeria
393 1575 547 1647 iuniorum,
572 1594 637 1651 quae
657 1585 736 1634 sorte
757 1575 952 1652 praerogativa
974 1585 1047 1645 erat,
1070 1576 1108 1648 Q.
1129 1575 1272 1634 Fulvium
1292 1581 1313 1628 at

252 1682 288 1754 Q.
312 1680 437 1738 Fabium
460 1681 592 1738 consulas
614 1681 746 1754 dixerat,
774 1681 933 1756 eodemne
959 1681 1023 1738 inre
1044 1691 1160 1738 vocate
1183 1680 1311 1738 inclinas-

220 1788 328 1856 4sent,
367 1786 397 1843 ni
417 1805 450 1844 ae
472 1785 581 1843 tribuni
600 1786 693 1861 plebis
714 1786 749 1847 C.
772 1796 801 1845 et
823 1788 857 1845 1..
878 1786 961 1845 Arrii
981 1787 1244 1862 interposuissent,
1272 1783 1310 1858 qui

249 1913 343 1969 neque
381 1892 583 1968 magistratum
622 1893 784 1951 continuari
821 1892 892 1950 satis
921 1891 1005 1949 civile
1028 1899 1106 1950 'esse
1141 1893 1261 1950 aiebant
1287 1899 1309 1946 et

250 1998 340 2055 multo
355 1996 486 2056 foedioris
505 1996 639 2072 exempli,
661 2017 727 2055 eum
742 1999 837 2074 ipsum
852 1997 960 2068 creari,
984 1997 1035 2071 qui
1050 1999 1170 2056 comitia
1184 1999 1306 2062 haberat;

219 2103 358 2180 bitaque,
388 2102 413 2160 si
440 2119 524 2159 sunm
546 2121 651 2160 nomen
682 2104 808 2161 dictator
835 2103 992 2178 acciperet,
1027 2121 1060 2160 se
1087 2105 1211 2162 comitiis
1231 2104 1305 2160 inter·

250 2225 399 2276 cessur0a3
417 2206 442 2263 si
457 2207 580 2264 aliorum
598 2218 791 2284 preterquam
810 2209 901 2285 ipsius
915 2209 990 2267 ratio
1005 2209 1172 2280 haberetur,
1192 2206 1301 2267 comitiis

220 2315 282 2371 dee
309 2331 420 2370 moram
449 2312 637 2374 nonfacere.
686 2314 821 2373 Dictator
841 2332 961 2372 causam
983 2314 1168 2373 comitiorum
1190 2312 1300 2372 auctori·

221 2423 310 2476 itate
340 2427 475 2490 senatus,
507 2419 678 2494 plebiscito,
714 2419 855 2494 exemplis
895 2420 1063 2477 tutabatur:
1108 2439 1233 2495 namque
1257 2415 1299 2474 Cn.

252 2523 376 2584 Servilio
398 2525 532 2594 consule,
567 2543 655 2601 quum
687 2523 720 2582 O.
744 2525 907 2582 Flaminius
929 2525 1002 2583 alter
1023 2525 1127 2582 consul
1147 2527 1185 2583 ad
1205 2525 1300 2584 Trasu-

251 2648 385 2686 mennum
415 2629 581 2699 cecidisset,
614 2648 651 2688 ex
682 2629 854 2688 auctoritate
879 2639 994 2706 patrum
1023 2631 1062 2688 ad
1083 2632 1197 2707 plebem
1223 2631 1298 2687 latun

250 2734 422 2810 plebemque
443 2735 582 2806 scivisse,
611 2743 659 2805 ut,
689 2736 787 2811 quoad
809 2736 915 2794 bellurn
938 2737 970 2794 in
990 2737 1079 2794 Italia
1102 2747 1193 2808 esset,
1214 2757 1247 2795 ex
1264 2735 1298 2801 iit,

251 2839 301 2914 qni
322 2840 455 2897 consules
477 2839 607 2911 fuissent,
631 2859 704 2917 quos
727 2850 755 2899 et
778 2841 891 2916 quoties
910 2843 1004 2912 vellet,
1027 2844 1177 2902 reficiendi
1186 2841 1296 2902 eonsules

220 2943 359 3018 Spopulo
381 2945 426 3001 ius
448 2953 539 3016 esaet;
574 2947 798 3022 exemplumque
823 2946 854 3004 in
873 2967 949 3022 ,earn
972 2967 1033 3004 rem
1053 2966 1085 3005 se
1108 2951 1215 3008 habere
1230 2955 1296 3006 retus

250 3049 286 3108 L.
321 3049 466 3106 Postumii
498 3051 631 3125 Megelli,
669 3052 719 3126 qui
753 3051 882 3111 interrex
918 3053 954 3110 iis
987 3053 1126 3125 comitiis,
1157 3074 1220 3129 quae
1248 3053 1295 3127 ipa

250 3152 409 3224 habuisset,
434 3155 535 3212 consul
558 3155 788 3214 cumO.1uui0
812 3159 945 3216 Bubulco
970 3170 1085 3216 creatus
1112 3169 1197 3230 esset,
1215 3171 1294 3216 reeens

251 3257 286 3331 Q.
309 3255 404 3328 Fabii,
427 3259 477 3334 qui
498 3259 553 3317 sibi
577 3260 740 3320 continuari
753 3264 945 3336 consulatum,
968 3265 1023 3322 nisi
1047 3263 1078 3322 id
1101 3266 1180 3323 bono
1200 3262 1293 3341 publico

220 3363 347 3435 Oderat,
381 3363 512 3440 profecto
541 3365 802 3440 nunquam'sisset.
851 3369 906 3427 His
935 3371 1116 3428 orationibus
1148 3390 1233 3446 quum
1257 3366 1292 3424 dit

251 3478 392 3527 certatum
428 3480 518 3542 esset,
553 3481 700 3547 postremo
737 3473 780 3531 ita
811 3475 886 3532 inter
921 3475 1091 3534 dictatorem
1121 3495 1156 3534 ac
1188 3476 1291 3534 tribunos

202 3576 237 3631 10
251 3574 399 3644 convenit,
427 3585 458 3632 ut
480 3597 531 3650 eo,
561 3579 640 3652 qnod
664 3579 822 3636 censuisset
842 3589 974 3650 senatus,
996 3589 1131 3639 staretur.
1179 3581 1292 3642 Patribus

250 3679 280 3734 id
302 3689 416 3754 tempus
438 3682 623 3760 reipublice
645 3683 738 3741 visum
762 3692 819 3754 est,
847 3693 886 3751 nt
911 3695 1101 3760 perveteres
1128 3697 1157 3744 et
1181 3693 1292 3762 exportet

0 3793 1 3874 q
252 3784 377 3859 bellique
415 3787 523 3861 peritos
563 3789 754 3864 imperatores
791 3808 839 3847 raa
874 3791 993 3866 publica
1025 3802 1188 3867 gereretnr3
1216 3791 1291 3862 itaque

203 3891 235 3946 ll
252 3909 365 3948 moram
400 3891 464 3950 fieri
496 3893 620 3952 comitiis
652 3913 711 3952 non
743 3894 869 3970 placere.
929 3895 1161 3955 concedentibus
1184 3893 1290 3960 tannia

252 3995 370 4054 comitia
390 3997 508 4068 habita3
545 3999 684 4058 declarati
715 4001 862 4084 consules·
877 4001 914 4075 Q.
935 4002 1045 4060 Fabius
1067 4003 1212 4062 Maximus
1227 3999 1289 4076 quiu-
