2700 4426
423 205 502 253 Liber
518 203 620 253 XXIV.
659 205 707 267 (A.
722 203 768 254 cn
783 205 857 267 214.)
1080 207 1133 264 189

113 405 177 445 cunr
202 406 308 462 equum
323 388 480 457 habebant,
501 387 637 460 tribuque
659 388 730 444 moti
751 387 845 443 aerarii
868 405 968 443 omnes
988 386 1068 443 facti.
1115 388 1205 446 Ne·7

113 511 170 567 qne
190 503 293 552 senatu
314 493 402 550 modo
425 501 476 562 aut
496 493 622 566 equestri
653 493 753 550 ordine
779 492 907 567 regendo
930 511 1000 550 cura
1021 512 1052 548 se
1075 511 1174 549 censo·

111 618 175 657 rum
192 599 290 656 tenuit.
329 596 458 654 Nomina
473 596 600 652 omnium
623 616 660 652 ex
675 597 818 652 iuniorum
833 596 939 653 tabulis
961 605 1175 671 excerpserunt,

112 704 162 778 qni
189 702 379 778 quadriennio
406 719 463 758 non
489 700 672 770 militassent,
701 701 805 774 quibus
836 720 928 775 neque
956 701 1069 758 vacatio
1098 701 1175 758 insta

111 808 219 865 militiae
250 825 343 881 neque
369 806 488 862 morbus
516 823 605 862 causa
626 805 737 863 fuisset.
785 807 824 863 Et
851 826 887 863 ea
915 825 1004 881 supra
1026 807 1083 862 duo
1109 802 1204 862 mil-8

108 913 151 970 lia
180 912 328 970 hominum
355 911 386 966 in
413 911 531 967 aerarios
560 909 652 966 relata
681 910 814 983 tribuque
842 931 941 969 omnes
973 911 1057 980 moti3
1089 908 1217 968 addi-9·

110 1029 230 1092 tumque
252 1028 311 1075 tam
333 1016 406 1072 truci
428 1015 565 1073 censoriae
591 1025 668 1072 notae
695 1016 775 1071 triste
797 1025 915 1073 senatus
937 1016 1112 1086 consultum,
1142 1027 1174 1073 ut

108 1123 136 1179 ei
159 1141 274 1192 ornnes,
304 1138 377 1195 qnos
406 1138 538 1177 censores
565 1130 729 1190 notassent,
762 1121 883 1195 pedibus
913 1130 1057 1178 mererent
1078 1121 1172 1178 mitte-

108 1237 265 1301 renturque
293 1226 323 1282 in
346 1226 472 1284 Siciliam
508 1226 545 1282 ad
575 1226 735 1283 Cannensis
768 1227 910 1284 exercitus
942 1224 1094 1299 reliquias,
1114 1212 1172 1284 'cui

108 1332 231 1389 militnm
259 1332 358 1406 generi
388 1350 446 1387 non
475 1332 569 1405 prius,
604 1349 691 1404 quam
722 1331 822 1403 pulsus
851 1331 937 1388 Italia
969 1330 1060 1386 hostis
1088 1340 1171 1400 esset,

108 1437 220 1494 finitum
243 1436 450 1511 stipendiorum
476 1444 590 1508 tempus
612 1444 683 1490 erat.
1254 1417 1257 1422 ¹

193 1541 288 1613 Quum
320 1559 454 1597 censores
482 1542 519 1596 ob
547 1540 675 1614 inopiam
709 1540 803 1596 aerarii
836 1558 867 1596 se
893 1540 951 1595 iam
979 1538 1170 1598 locationibus
1188 1543 1223 1596 10

108 1647 287 1703 abstinerent
310 1646 413 1702 aedium
438 1663 586 1702 sacrarum
614 1645 784 1700 tuendarum
810 1644 1008 1717 curuliumque
1031 1654 1169 1718 equorum

108 1752 328 1826 praebendorum
352 1770 386 1807 ao
408 1751 542 1807 similium
565 1751 609 1807 his
639 1768 749 1819 rerum,
780 1767 941 1804 convenere
968 1749 1004 1804 ad
1034 1768 1083 1806 eos
1113 1749 1170 1806 fre-
1188 1755 1216 1809 ll

108 1865 238 1929 quantes,
260 1857 309 1930 qui
330 1857 421 1913 hastae
441 1855 526 1912 huius
548 1855 661 1930 generis
684 1863 886 1923 assueverant,
909 1854 1074 1927 hortatique
1104 1873 1169 1910 een·

106 1979 189 2018 sores
210 1972 282 2030 sunt,
303 1969 335 2018 nt
357 1959 454 2016 omnia
478 1960 597 2033 perinde
619 1969 752 2033 agerent,
779 1959 923 2026 locarent,
946 1976 980 2014 ac
1002 1959 1025 2014 si
1047 1958 1171 2033 pecunia

106 2067 152 2154 in·
171 2066 273 2124 aerario
306 2075 393 2123 esset:
424 2065 568 2122 neminem
597 2064 652 2120 uisi
680 2063 755 2120 bello
786 2061 917 2120 confecto
951 2063 1103 2136 pecuniam
1132 2066 1169 2121 ab

107 2170 210 2227 serario
232 2172 386 2246 petiturum
410 2187 481 2227 esse.
527 2169 696 2226 Convenere
716 2168 819 2224 deinde
840 2168 1073 2237 dominicorum,
1097 2187 1170 2242 quos
1189 2173 1222 2228 12

108 2273 156 2354 Ti:
178 2274 367 2350 Sempronius
390 2275 427 2332 ad
449 2276 647 2332 Beneventum
672 2292 760 2330 manu
785 2273 929 2342 emiserat,
959 2275 1171 2348 arcessitosque

107 2397 140 2435 se
161 2380 199 2435 ab
220 2379 377 2437 triumviris
402 2379 553 2436 mensariis
578 2397 641 2435 esse
671 2379 820 2448 dixerunt,
850 2388 881 2434 ut
902 2378 996 2452 pretia
1020 2397 1168 2435 servorum

107 2483 286 2558 acciperent3
315 2493 441 2542 ceterum
468 2504 526 2541 non
553 2492 709 2557 antequam
736 2482 812 2540 bello
840 2481 972 2540 confecto
1001 2493 1170 2558 accepturos

106 2606 177 2647 esse.
226 2587 322 2661 Quum
345 2591 406 2646 haec
426 2589 573 2647 inclinatio
600 2581 760 2654 animorum
787 2587 882 2661 plebis
910 2589 947 2643 ad
973 2589 1169 2664 sustinendam
1186 2595 1221 2650 13

106 2693 236 2768 inopiam
258 2694 352 2751 aerarii
373 2696 463 2764 fieret,
484 2694 613 2769 pecuniae
629 2711 745 2766 quoqne
767 2693 924 2767 pupillares
942 2693 1046 2767 primo,
1068 2693 1171 2750 deinde

105 2799 260 2855 viduarum
283 2807 384 2874 coeptae
405 2798 544 2868 conferri,
566 2800 717 2871 nusquam
733 2816 782 2854 eas
804 2797 892 2853 tutius
914 2797 1099 2871 sanctiusque
1121 2799 1170 2854 de·
1187 2805 1222 2859 14

106 2921 216 2978 ponere
229 2902 420 2975 credentibus,
442 2905 491 2978 qui
513 2903 690 2973 deferebant,
713 2920 799 2976 quam
821 2902 850 2959 in
872 2901 989 2977 publica
1009 2902 1082 2971 fide;
1104 2903 1171 2959 inde

106 3007 133 3064 si
157 3007 226 3082 quid
250 3017 377 3082 emptum
399 3018 592 3083 paratumque
621 3008 741 3087 pupillis
760 3026 795 3064 ac
816 3007 911 3064 viduis
932 3007 1023 3077 foret,
1050 3025 1069 3062 a
1091 3026 1171 3080 quae·

106 3121 186 3170 store
211 3114 453 3187 perscribebatur.
504 3113 639 3169 Manavit
670 3131 705 3168 ea
734 3113 914 3187 privatorum
943 3113 1105 3187 benignitas
1134 3132 1171 3170 ex
1188 3121 1222 3175 15

105 3219 179 3274 urbe
203 3217 465 3286 etiamincastra,
487 3227 598 3274 utnon
626 3235 728 3291 eques,
761 3234 818 3272 non
847 3216 974 3273 centurio
996 3219 1170 3294 stipendium

105 3321 259 3398 acciperet,
280 3321 546 3395 mercenarinmque
560 3322 741 3398 increpantes
761 3330 909 3393 vocarent,
932 3323 982 3395 qui
1004 3323 1170 3398 accepisset.

191 3427 228 3500 Q.
257 3427 367 3485 Fabius
397 3427 496 3484 consul
529 3428 566 3484 ad
595 3426 754 3485 Casilinum
787 3436 893 3484 castra·
916 3428 1058 3497 habebat,
1092 3430 1170 3502 quod
1224 3427 1264 3496 19

105 3533 195 3590 duum
227 3533 346 3590 millium
369 3531 586 3608 Campanorum
615 3541 644 3588 et
675 3531 921 3607 septingentorum
944 3532 1064 3590 militum
1087 3535 1174 3591 Han·¹

105 3638 212 3696 nibalis
239 3639 391 3695 tenebatur
416 3638 560 3712 praesidio.
616 3638 747 3694 Praeerat
779 3637 889 3695 Statius
912 3636 1034 3706 Metius,
1066 3639 1200 3700 missus2

106 3742 145 3799 ab
166 3740 220 3824 Cn.
241 3742 342 3816 Magio
366 3741 512 3813 Atellano,
536 3742 585 3817 qui
608 3761 642 3799 eo
664 3762 740 3799 anno
762 3741 861 3799 medix
881 3742 986 3799 tuticus
1008 3750 1086 3812 erat,
1108 3760 1167 3799 ser-

107 3846 235 3920 vitiaque
257 3855 286 3904 et
306 3846 420 3922 plebem
442 3847 606 3921 promiscue
626 3849 776 3917 armabat,
798 3857 830 3904 ut
852 3856 948 3904 castra
969 3841 1103 3905 Romana
1124 3847 1167 3902 in·

107 3950 241 4018 vaderet,
263 3951 373 4008 intento
401 3951 518 4009 consule
546 3952 584 4008 ad
606 3951 764 4009 Casilinum
791 3951 1027 4027 oppugnandum.
1087 3951 1198 4015 Nihila
