2700 4426
346 265 349 270 .
389 231 467 281 arser
483 231 571 282 xxn.
609 232 655 295 (s.
671 231 717 282 cn.
731 233 805 297 art.)
1044 238 1082 295 cs

59 414 208 493 hauddum
230 421 376 489 expertus,
399 415 510 489 agitare
532 433 567 473 ac
589 424 701 474 tentare
716 416 844 474 animum
864 418 1008 476 movendo
1024 419 1125 477 crebro

59 529 158 576 castra
182 519 408 595 populandoque
431 521 460 576 in
483 520 574 578 oeulis
596 521 657 578 eius
685 539 772 596 agros
793 522 938 579 sociorum
960 522 1063 597 coepit,
1098 529 1154 581 et?

60 623 148 680 modo
179 623 268 680 citato
291 625 407 700 agmine
436 644 474 682 ex
501 633 656 701 conspeetu
687 627 804 696 abibat,
839 628 925 684 modo
954 636 1072 703 repente
1095 627 1125 684 in

59 728 158 804 aliquo
186 730 264 786 flexu
298 730 368 800 vise,
401 730 425 787 si
454 730 588 806 excipere
617 732 785 805 degressum
815 732 845 788 in
873 750 986 807 aequum
1016 740 1125 808 posset,

59 835 189 892 occultus
221 834 406 895 subsistebat.
456 835 567 892 Fabius
597 855 649 911 per
680 835 746 892 loca
774 835 834 912 alta
861 854 965 910 agmen
992 837 1155 908 ducebat,8

59 940 175 998 modico
207 941 245 997 ab
271 941 355 997 hoste
382 914 551 1012 intervallo,
585 949 617 997 ut
643 959 738 1016 neque
766 941 911 998 omitteret
938 961 1002 999 enm
1032 959 1126 1016 neque

59 1045 294 1120 congrederetur.
348 1043 474 1116 Castris,
509 1045 565 1102 nisi
598 1056 736 1120 quantum
775 1065 844 1103 usus
879 1047 1033 1104 necessarii
1074 1065 1125 1105 co·

58 1159 173 1224 gerent,
206 1152 359 1208 tenebatur
378 1150 476 1219 miles3
509 1150 648 1225 pabulum
680 1159 709 1207 et
732 1150 813 1224 ligna
844 1168 897 1208 nee
925 1153 1011 1227 pauci
1041 1161 1124 1227 pete-

58 1256 130 1312 bant
162 1273 216 1312 neo
247 1255 372 1331 passim3
406 1255 534 1329 equitum
567 1255 698 1329 levisque
732 1266 886 1313 armaturae
909 1257 1011 1327 statio,
1044 1267 1155 1321 com-9
1240 1252 1243 1256 ’
1295 1250 1300 1266 ’

57 1361 155 1435 posita
182 1355 380 1435 instructaque
413 1361 442 1416 iu
472 1358 583 1418 subitos
616 1360 770 1430 tumultus,
804 1341 833 1416 et
868 1379 921 1418 sno
947 1359 1029 1417 militi
1059 1369 1124 1418 tuta

59 1466 157 1523 omnia
193 1477 222 1523 et
265 1465 370 1523 infesta
408 1464 506 1525 effusis
542 1464 669 1521 hostium
704 1465 924 1540 populatoribus
962 1467 1125 1540 praebebat;

58 1589 153 1645 neque
190 1573 325 1628 universo
358 1571 486 1646 periculo
525 1588 639 1627 summe
678 1588 775 1626 rerum
818 1571 1062 1643 committebatur,
1098 1582 1126 1630 et
1142 1581 1176 1636 10

58 1691 153 1749 parva
199 1684 345 1733 momenta
387 1677 494 1733 levium
536 1675 724 1733 certaminum
769 1694 806 1732 ex
848 1680 910 1733 tuto
955 1685 1125 1751 coeptorum,

58 1782 180 1838 finitimo
216 1792 347 1858 receptu,
390 1780 623 1864 assuefaciebant
665 1780 794 1838 territum
831 1781 959 1856 pristinis
995 1781 1126 1838 cladibus

59 1887 176 1943 militem
202 1887 296 1944 minus
325 1887 384 1943 iam
407 1887 523 1943 tandem
547 1895 598 1943 ant
620 1887 735 1943 virtutis
764 1895 816 1943 aut
844 1885 969 1943 fortuna
990 1885 1126 1960 paenitere

59 2010 128 2048 suae.
171 1991 230 2050 Sed
251 2010 310 2048 nou
334 1990 529 2048 Hannibalem
551 1991 645 2065 magis
666 1991 801 2047 infestum
817 1999 878 2046 tam
900 1990 978 2048 sanis
1000 1989 1126 2047 consiliis
1142 2001 1173 2056 11

58 2097 186 2153 habebat
200 2114 289 2170 qnam
312 2097 482 2170 magistrum
506 2096 644 2170 equitum,
668 2095 717 2170 qui
735 2095 806 2151 nihil
828 2095 916 2166 aliud,
938 2113 1025 2170 quam
1048 2096 1125 2170 quod

61 2201 156 2276 impar
187 2209 251 2257 erat
279 2201 418 2275 imperio,
448 2220 537 2258 morae
567 2201 606 2258 ad
635 2219 696 2258 rem
719 2199 864 2275 publicam
888 2200 1125 2276 praecipitandam

61 2305 203 2374 habebat,
246 2304 331 2362 ferox
366 2306 543 2381 rapidusque
578 2305 704 2363 consiliis
740 2324 775 2362 ac
809 2305 910 2380 lingua
944 2306 1126 2368 immodicus.

61 2410 161 2467 Primo
184 2410 259 2466 inter
279 2428 405 2485 paucos,
437 2411 503 2468 dein
530 2412 682 2487 propalam
704 2411 734 2468 in
758 2412 863 2486 vulgus
883 2432 938 2488 pro
960 2422 1127 2471 cunctatore
1142 2419 1176 2474 12

61 2532 188 2590 segnem,
212 2533 266 2589 pro
290 2524 376 2572 cauto
399 2515 546 2587 timidum,
569 2517 711 2592 affingens
736 2516 833 2575 vicina
863 2518 1018 2575 virtutibus
1045 2518 1125 2589 vitia,

62 2620 265 2695 compellabat,
283 2621 503 2697 premendoque
524 2623 712 2697 superiorem,
738 2641 802 2697 quse
823 2623 950 2699 pessima
971 2642 1018 2682 ars
1040 2624 1125 2682 nimis

61 2726 208 2802 prosperis
231 2725 387 2782 multorum
409 2727 589 2784 successibus
612 2728 711 2798 crevit,
732 2732 801 2786 sese*
818 2728 985 2786 extollebat.

145 2829 294 2886 Hannibal
316 2848 353 2886 ex
369 2830 505 2904 ,Hirpinis
526 2832 557 2889 in
578 2832 729 2892 Samnium
751 2834 863 2904 transit,
886 2834 1124 2890 Beneventanum
1178 2831 1218 2900 13

62 2934 255 3010 depopulatur
280 2952 399 3008 agrum,
429 2935 575 2993 Telesiam
607 2937 707 2995 urbem
737 2937 829 3012 capit,
856 2915 951 2994 irritat
980 2937 1066 2994 etiam
1089 2926 1125 2994 de

60 3031 203 3098 industria
224 3039 341 3109 ducem,
373 3040 398 3095 si
424 3038 500 3096 forte
529 3059 681 3098 accensum
709 3051 752 3100 tot
772 3041 990 3117 indignitatibus
1011 3059 1045 3098 oc
1066 3041 1125 3099 cla·

61 3145 147 3203 dibus
168 3143 313 3201 sociorum
336 3145 488 3202 detrahere
516 3145 554 3203 ad
576 3165 689 3221 aquam
717 3155 863 3204 certamen
894 3146 996 3222 possit.
1045 3147 1154 3206 Inter?

62 3249 273 3307 multitudinem
302 3248 449 3305 sociorum
478 3251 574 3308 Italici
594 3251 722 3326 generis,
755 3251 804 3326 qui
833 3252 871 3309 ad
893 3253 1124 3310 Trasumennum

62 3354 139 3430 capti
165 3355 202 3411 ab
223 3353 392 3411 Hannibale
413 3354 581 3430 dimissique
602 3355 734 3429 fuerant,
761 3366 820 3415 tres
842 3356 985 3431 Campani
1016 3356 1125 3430 equites
1208 3424 1210 3427 ι

63 3469 160 3531 erant,
192 3459 290 3516 multis
319 3459 379 3516 iam
408 3468 468 3516 tum
496 3459 583 3517 illecti
612 3460 694 3517 donis
722 3461 930 3537 promissisque
950 3459 1125 3519 Hannibalis

62 3565 99 3621 ad
132 3563 330 3622 conciliandos
361 3564 543 3640 popularium
579 3565 700 3626 animos.
756 3567 797 3624 Hi
823 3567 1003 3638 nuntiantes,
1039 3567 1064 3623 si
1094 3567 1154 3626 iu3

62 3668 254 3743 Campaniam
285 3669 443 3727 exereitum
478 3669 669 3740 admovisset,
704 3669 813 3746 Capuae
838 3672 983 3748 potienda
1010 3672 1123 3746 copiam

61 3771 141 3844 fore,
174 3793 263 3849 quum
284 3793 332 3832 res
355 3775 450 3832 maior
471 3794 557 3850 quam
581 3785 714 3834 auctores
743 3787 832 3849 esset,
865 3777 983 3833 dubium
1011 3759 1128 3833 Hanni-⁶

61 3878 157 3936 balem
180 3879 356 3957 alternisque
379 3881 514 3938 fidentem
530 3899 565 3938 ac
586 3880 762 3955 diffidentem
778 3891 885 3952 tamen,
904 3889 936 3937 ut
957 3880 1125 3955 Campanos

61 4003 100 4040 ex
113 3965 236 4043 Samnio
252 3994 372 4060 peteret,
394 3996 556 4045 moverunt.
600 3987 727 4044 Monitos
744 3983 804 4063 [ut]
821 3985 908 4044 etiam
925 3997 1013 4061 atque
1028 3986 1153 4059 etiam,l
