2748 4556
372 259 449 308 Liber
466 257 553 309 XXX.
591 259 638 321 (A.
652 258 700 310 Ch.
712 259 785 320 20³.)
1003 264 1058 320 231

11 451 142 512 quarto
169 441 215 497 die
237 441 267 497 in
291 440 381 496 aciem
405 441 539 515 utrinque
560 442 729 498 descensum
753 453 805 501 est.
854 444 1004 500 Romanus
1025 444 1136 518 prin-b

11 546 111 620 cipes
136 555 209 620 post
234 547 415 602 hastatorum
438 545 534 620 prima
555 546 654 620 signa,
689 546 719 602 in
741 547 876 604 subsidiis
898 548 1014 606 triarios
1036 568 1105 606 cou-

11 650 147 719 stituit;
172 652 332 725 equitatum
349 645 482 708 Italicum
506 651 543 707 ab
562 651 665 707 dextro
688 669 788 722 cornu,
810 653 848 710 ab
870 653 943 710 lavo
961 654 1105 711 Numidas

15 756 287 830 Masinissamque
325 756 469 830 opposuit.
529 753 651 830 Syphax
689 757 932 831 Hasdrubalque,
969 759 1136 816 Numidis6

14 863 181 918 adversus
203 861 338 918 Italicum
361 859 535 934 equitatum,
572 859 859 936 Carthaginiensibus
887 875 989 919 contra
1014 864 1105 920 Masi·

18 966 146 1022 nissam
178 966 296 1034 locatis,
333 965 494 1024 Celtiberos
520 968 549 1022 in
575 966 699 1022 mediam
734 967 824 1024 aciem
853 967 993 1024 adversus
1023 968 1107 1042 signa

18 1072 187 1146 legionum
212 1089 358 1146 accepere.
408 1073 455 1127 Ita
483 1071 615 1127 instructi
644 1083 827 1130 concurrunt.
874 1072 975 1128 Primo
997 1072 1135 1147 impetu7

22 1177 123 1234 simul
147 1188 272 1250 utraque
295 1195 421 1246 cornua,
449 1188 478 1233 et
506 1176 641 1234 Numidas
664 1188 692 1232 et
719 1174 989 1251 Carthaginienses,
1016 1177 1105 1252 pulsi;

21 1301 103 1338 nam
128 1301 226 1357 neque
247 1282 397 1352 Numidae,
427 1281 557 1338 maxima
578 1299 647 1355 pars
669 1293 817 1356 agrestes,
839 1283 1003 1340 Romanum
1026 1282 1106 1356 equi·

23 1397 130 1444 tatum
164 1405 258 1461 neque
288 1384 562 1462 Carthaginienses,
594 1398 623 1443 et
648 1387 711 1461 ipse
733 1405 826 1444 novus
849 1388 948 1458 miles,
969 1388 1105 1446 Masinis-

27 1512 112 1562 sam,
135 1492 245 1549 recenti
268 1511 357 1566 snper
381 1504 477 1549 cetera
492 1492 615 1549 victoria
636 1493 801 1564 terribilem,
823 1493 992 1550 sustinuere.
1041 1494 1136 1550 Nu·8

28 1597 109 1653 data
135 1597 271 1670 utrinque
293 1598 429 1653 cornibus
451 1595 628 1654 Celtiberum
654 1598 731 1654 acies
753 1600 867 1668 stabat,
903 1600 981 1672 quod
1002 1617 1055 1656 nec
1076 1600 1105 1656 iu

31 1702 112 1776 fuga
134 1702 216 1758 salus
250 1702 309 1758 ulla
331 1699 537 1760 ostendebatur
558 1702 629 1759 locis
651 1704 776 1778 ignotis,
812 1722 905 1778 neque
926 1723 992 1778 spes
1014 1705 1106 1761 veuiae

32 1808 73 1862 ab
106 1805 244 1881 Scipione
271 1819 351 1877 erat,
388 1826 473 1881 quem
502 1809 575 1864 bene
606 1809 741 1864 meritum
773 1810 808 1865 de
835 1825 866 1864 se
885 1819 924 1864 et
945 1821 1031 1883 gente
1052 1829 1106 1866 sua

35 1911 227 1968 mercenariis
251 1912 339 1968 armis
368 1913 398 1968 in
421 1911 553 1970 Africam
582 1923 780 1988 oppugnatum
804 1912 957 1970 venissent
1003 1914 1136 1988 Igitur,9

34 2015 223 2074 circumfusis
244 2017 371 2091 undique
392 2018 540 2087 hostibus,
574 2017 624 2074 alii
651 2036 738 2092 super
763 2018 837 2074 alios
865 2018 1017 2088 cadentes,
1054 2020 1106 2077 ob·

37 2122 146 2178 stinate
168 2121 381 2191 moriebantur;
418 2122 609 2196 omnibusque
640 2122 669 2178 in
703 2139 753 2178 eos
780 2122 891 2190 versis,
927 2123 1105 2196 aliquantum

40 2227 79 2282 ad
101 2225 205 2300 fugam
229 2227 368 2300 temporis
390 2226 512 2302 Syphax
535 2237 564 2283 et
578 2226 748 2284 Hasdrubal
770 2238 977 2302 praeceperuut.
1024 2229 1105 2286 Fati·

44 2342 131 2405 gatos
156 2332 234 2388 caede
255 2331 361 2390 diutius
385 2351 470 2406 quam
494 2350 592 2406 pugna
616 2331 741 2388 victores
763 2350 822 2388 uox
844 2333 997 2407 oppressit.

125 2437 250 2492 Postero
283 2437 330 2494 die
363 2437 461 2512 Scipio
494 2436 614 2494 Laelium
648 2437 893 2512 Masinissamque
929 2457 993 2496 cum
1026 2435 1118 2495 omni'
1159 2437 1179 2504 9

44 2542 179 2598 Romano
202 2552 230 2597 et
250 2543 407 2599 Numidico
430 2544 559 2617 equitatu
582 2542 782 2616 expeditisque
804 2542 925 2599 militum
947 2545 986 2599 ad
1007 2563 1104 2619 perse·

47 2648 176 2719 quendos
213 2647 375 2722 Syphacem
416 2659 504 2722 atque
541 2647 757 2704 Hasdrubalem
798 2647 900 2716 mittit3
942 2648 1005 2723 ipse
1040 2656 1135 2709 cum‘l

47 2754 151 2809 robore
178 2752 321 2809 exercitus
351 2755 437 2810 urbes
465 2754 559 2822 circa,
596 2771 660 2826 quse
695 2769 795 2808 omnes
824 2751 1104 2826 Carthaginiensium

48 2856 165 2913 dicionis
187 2867 283 2926 erant,
318 2858 424 2932 partim
454 2878 520 2933 spe,
548 2857 654 2933 partim
683 2867 771 2925 metu,
799 2856 904 2930 partim
927 2858 957 2914 vi
989 2858 1105 2933 subigit.
1173 2861 1175 2866 ’

50 2960 216 3035 Carthagini
238 2971 301 3018 erat
323 2963 438 3036 quidem
461 2963 562 3037 ingens
584 2974 687 3032 terror,
709 2972 737 3016 et
756 2960 1002 3018 circumferentem
1024 2971 1135 3024 armas

51 3065 227 3140 Scipionem,
261 3067 394 3123 omnibus
418 3068 545 3126 finitimis
566 3068 671 3143 raptim
694 3066 882 3142 perdomitis,
916 3067 1009 3142 ipsam
1033 3067 1105 3126 Car·

51 3171 190 3245 thagiuem
222 3181 341 3246 repente
374 3191 577 3247 aggressurum
611 3174 775 3231 credebant.
832 3171 937 3245 Itaque
971 3183 1000 3229 et
1032 3172 1137 3230 muri4

56 3275 250 3332 reficiebantur
271 3279 554 3353 propugnaculisque
576 3280 773 3348 armabantur,
794 3288 825 3354 et
845 3295 899 3350 pro
921 3295 953 3334 se
975 3278 1105 3352 quisque,

54 3401 111 3455 qaoe
145 3381 259 3438 diutina
296 3382 453 3439 obsidionis
487 3384 644 3442 tolerandae
676 3396 763 3454 suut,
799 3402 836 3440 ex
864 3382 941 3458 agris
964 3383 1105 3440 convehit.

55 3489 130 3544 Rara
150 3486 255 3543 mentio
278 3499 321 3543 est
342 3487 437 3562 pacis,
466 3487 644 3562 frequentior
665 3490 827 3564 legatorum
850 3489 888 3547 ad
909 3487 1136 3544 Hannibalemb

57 3591 248 3648 arcessendum
284 3593 503 3661 mittendorum
535 3613 604 3668 pars
640 3595 769 3651 maxima
802 3594 943 3662 classem,
976 3611 1041 3666 quae
1068 3592 1136 3648 add

58 3707 224 3754 commeatus
247 3698 434 3772 excipiendos
455 3711 561 3773 parata
581 3710 660 3768 erat,
694 3699 806 3754 mittere
827 3697 927 3755 iubent
948 3698 985 3754 ad
1008 3697 1106 3773 oppri-

58 3801 178 3858 mendam
206 3802 362 3860 stationem
392 3803 508 3859 navium
533 3804 570 3858 ad
591 3803 709 3862 Uticam
730 3802 846 3859 incaute
867 3815 1013 3879 agentem3
1046 3801 1106 3859 for·

59 3908 126 3964 sitan
145 3907 227 3966 etiam
251 3907 369 3964 navalia
390 3918 506 3975 castra,
526 3908 626 3965 relicta
648 3926 713 3963 cum
735 3907 791 3964 levi
813 3908 964 3981 prasidio,
986 3925 1105 3982 oppres·

60 4030 141 4070 suros.
185 4013 221 4070 ln
243 4012 299 4068 hoc
321 4011 470 4068 consilium
493 4012 620 4068 maxime
641 4011 794 4081 inclinant,
815 4011 928 4086 legatos
949 4023 1046 4068 tamen
1069 4012 1135 4068 adl
