2700 4426
430 215 508 266 urso
525 215 626 266 xxrv.
664 217 710 279 (Δ.
726 214 773 264 cu.
788 217 882 279 ara),
1079 218 1133 274 tat

263 360 266 368 .
483 343 497 371 Ι

112 416 145 454 ua
167 393 305 455 beneficio
329 397 443 472 quidam
466 409 554 472 atque
581 401 691 456 honore
717 398 844 473 potuerit
864 398 956 469 vinci,
985 416 1073 472 quum
1102 396 1177 454 inter

111 501 282 559 liberatores
304 503 406 577 patriae
428 504 580 561 insidiator
605 505 669 578 ipse
696 502 839 561 libertatis
867 510 981 559 creatus
1003 512 1078 559 esset
1099 519 1175 576 praa·

111 616 167 663 tor.
223 607 282 666 Sed
316 610 428 666 animos
457 609 498 665 eis
526 609 622 683 regios
651 608 747 682 regies
775 607 911 681 coniuges
944 598 1206 677 fecisse,·alteri6

111 711 259 781 Hieronis,
287 713 370 770 alteri
399 714 521 772 Gelonis
551 715 625 771 filias
654 723 768 788 nuptas.
825 711 988 789 Subxbanc
1015 728 1117 767 vocem
1139 711 1205 780 exi

110 816 246 872 omuibus
267 818 399 892 partibus
421 820 563 877 contionis
585 819 694 877 clamor
710 817 808 886 oritur,
831 815 939 873 nullam
956 835 1055 873 earum
1077 815 1176 872 vivere

105 913 218 978 debere
253 941 307 979 nec
339 941 514 999 quemquam
547 941 698 999 superesse
739 931 928 996 tyrannorum
959 920 1066 996 stirpis.
1129 918 1206 977 Eas

109 1009 225 1082 natura¹
239 1026 428 1085 multitudinis
453 1037 510 1086 est:
544 1035 595 1084 aut
624 1027 714 1084 servit
735 1027 881 1084 humiliter
904 1037 954 1083 aut
975 1026 1099 1100 superbe
1121 1026 1175 1082 do·
1218 1032 1221 1039 ’

108 1130 252 1200 minatum
282 1131 455 1204 libertatem,
478 1152 542 1207 quae
564 1132 659 1189 media
683 1141 740 1203 est,
769 1150 822 1188 nec
850 1150 957 1188 exuere
983 1132 1096 1188 modice
1122 1134 1208 1187 necx

107 1235 218 1292 habere
258 1237 359 1294 sciunt.
406 1238 455 1294 Et
488 1242 547 1294 no'n
584 1237 676 1294 ferme
712 1238 815 1294 desunt
849 1237 957 1293 irarum
994 1231 1205 1310 indulgentes9

107 1339 242 1410 ministri,
273 1342 323 1417 qui
344 1343 447 1399 avidos
470 1351 557 1416 atque
578 1343 802 1417 intemperantes
832 1336 1041 1416 suppliciorum
1062 1341 1174 1397 animos

104 1444 149 1499 ad
170 1446 340 1520 sanguinem
363 1458 391 1504 et
411 1448 503 1505 caedes
524 1448 648 1517 irriteut;
679 1447 752 1504 sicut
781 1456 841 1505 tum
870 1445 1016 1520 extemplo
1037 1453 1174 1520 praetores
1190 1444 1226 1498 tu

104 1550 291 1623 rogationem
314 1552 550 1628 promulgarunt,
581 1556 758 1627 acceptaque
784 1569 867 1626 paene
893 1550 973 1625 prius
997 1569 1083 1624 quam
1105 1569 1173 1625 pro·

106 1653 241 1729 mulgata
261 1666 313 1727 est,
336 1666 368 1714 ut
389 1677 489 1715 omnes
509 1659 596 1733 regiae
618 1658 715 1732 stirpis
735 1657 976 1724 interficerentur3
998 1655 1135 1730 missique
1157 1655 1223 1714 all

105 1759 280 1832 praetoribus
295 1761 487 1819 Damaratam
510 1762 647 1819 Hieronis
669 1770 698 1818 et
719 1761 910 1819 Harmoniam
934 1759 1055 1818 Gelonis
1076 1761 1174 1829 filiam,

104 1863 247 1938 coniuges
269 1865 478 1923 Andranodori
499 1877 528 1924 et
548 1867 700 1936 Themisti,
725 1864 939 1922 interfecerunt.

192 1969 332 2027 Heraclia
353 1980 416 2027 erat
436 1971 497 2028 filia
516 1971 664 2041 Hieronis,
688 1989 763 2027 uxor
785 1970 898 2045 Zoippi,
930 1970 979 2043 qui
1000 1969 1112 2043 legatus
1136 1970 1173 2026 ab
1222 1959 1269 2026 26

106 2074 290 2148 Hieronymo
313 2075 350 2131 ad
378 2095 475 2151 regem
498 2077 687 2133 Ptolemaeum
713 2076 817 2133 missus
847 2074 1041 2132 voluntarium
1064 2074 1173 2130 consci-

110 2188 196 2234 verat
220 2179 362 2236 exsilium.
411 2181 457 2237 Ea
480 2200 567 2254 quum
591 2182 682 2238 adse
704 2199 820 2255 quoque
841 2179 933 2236 veniri
954 2179 1124 2253 praescisset,
1145 2174 1205 2235 int

106 2283 270 2339 sacrarium
294 2285 331 2340 ad
353 2294 473 2358 penates
496 2283 624 2359 confugit
646 2304 710 2342 cum
733 2286 846 2342 duabus
868 2284 982 2341 filiabus
1004 2284 1173 2358 virginibus,

107 2386 244 2443 resolutis
266 2388 392 2446 crinibus
420 2390 634 2463 miserabilique
656 2391 713 2448 alio
736 2391 855 2460 habitu,
889 2399 916 2446 et
939 2390 976 2446 nd
1000 2407 1036 2445 ee
1064 2389 1175 2445 addidit

107 2509 219 2566 preces,
241 2511 316 2562 nunc
337 2513 389 2567 per
410 2495 579 2551 memoriam
595 2496 731 2553 Hieronis
753 2495 844 2571 patris
860 2488 1049 2568 ,Gelonisque
1067 2493 1205 2562 fratris,3

107 2613 147 2651 ne
167 2613 199 2652 se
219 2597 368 2654 innoxiam
392 2598 502 2654 invidia
523 2599 696 2675 Hieronymi
725 2602 906 2675 conflagrare
934 2600 1073 2655 sinerent:
1103 2599 1204 2656 nihile

107 2717 142 2756 se
166 2719 203 2757 ex
226 2691 316 2776 regno
338 2703 414 2758 illius
436 2710 541 2777 praeter
570 2705 701 2761 exsilium
730 2706 786 2763 viri
809 2707 931 2773 habere3
960 2722 1054 2776 neque
1082 2703 1173 2761 fortu-

106 2823 177 2862 nam
200 2824 281 2863 suam
305 2807 426 2863 eandem
442 2807 509 2864 vivo
525 2809 705 2883 Hieronymo
727 2808 816 2866 fuisso
831 2829 918 2883 quam
940 2808 1059 2883 sororis,
1080 2826 1174 2881 neque

106 2909 260 2967 interfecto
295 2930 329 2967 eo
353 2929 470 2969 causam
493 2913 613 2969 eandem
638 2930 710 2970 esse.
759 2912 853 2985 Quid,
885 2913 977 2986 quod,
1009 2913 1033 2969 si
1056 2913 1204 2970 Andro-5

106 3015 222 3072 nodoro
252 3015 375 3073 consilia
396 3017 618 3091 processissent,
645 3017 695 3073 illa
724 3035 788 3073 cum
813 3017 877 3073 viro
899 3015 985 3073 luerit
1006 3027 1172 3092 regnatura,

106 3119 163 3176 sibi
185 3139 250 3178 cum
279 3121 381 3178 ceteris
411 3121 613 3178 serviendum?
647 3121 678 3180 Si
708 3122 772 3197 quis
794 3122 908 3197 Zoippo
930 3122 1054 3192 nuntiet,
1069 3123 1204 3179 iuter-6

106 3223 216 3280 fectum
240 3225 452 3301 Hieronymum
476 3245 511 3281 ac
535 3226 672 3283 liberatas
695 3227 866 3302 Syracusas,
888 3227 934 3284 cui
958 3228 1076 3284 dubium
1099 3246 1172 3298 esse,

106 3329 178 3403 quin
201 3329 346 3404 extemplo
369 3348 577 3387 conscensurus
602 3331 639 3387 sit
658 3351 762 3388 navem
785 3342 873 3406 atque
894 3332 922 3388 in
944 3324 1069 3407 patriam
1098 3333 1172 3389 redi·

106 3433 212 3490 turus?
234 3435 381 3508 Quantum
400 3453 466 3509 spes
488 3435 636 3492 hominum
658 3436 734 3493 falli!
756 3437 791 3493 In
812 3437 935 3494 liberata
957 3439 1052 3512 patria
1074 3438 1202 3495 conia-7

106 3556 174 3612 gem
196 3539 257 3595 eius
282 3558 317 3595 ac
338 3540 445 3598 liberos
470 3541 506 3597 de
532 3530 762 3610 vita‘dimicare,
785 3541 853 3615 quid
876 3519 1024 3598 obstantes
1046 3543 1173 3600 libertati

107 3652 160 3700 aut
180 3643 314 3718 legibus?
336 3645 422 3718 Quod
444 3648 481 3703 ab
504 3665 536 3704 se
557 3647 691 3720 cuiquam
711 3646 880 3720 periculum,
903 3647 1004 3704 asela
1025 3668 1059 3704 ac
1081 3648 1203 3724 prope8

107 3747 198 3805 vidua
223 3757 252 3806 et
275 3750 378 3824 puellis
400 3751 428 3808 iu
454 3752 578 3808 orbitate
599 3751 769 3826 degentibus
785 3750 867 3808 esse?
889 3753 933 3808 Ar
957 3753 1031 3808 enim
1053 3753 1171 3827 periculi

108 3851 226 3924 quidem
259 3853 330 3910 nihil
365 3856 402 3912 ab
432 3874 464 3912 se
499 3856 608 3927 timeri,
638 3856 760 3913 invisum
789 3866 887 3912 tamen
914 3855 1032 3931 stirpem
1061 3859 1170 3932 regiam

106 3971 182 4012 esse.
241 3957 424 4034 Ablegarant
463 3977 533 4034 argo
568 3960 669 4050 procul
702 3961 739 4017 ab
770 3959 923 4036 Syracusis
954 3960 1109 4035 Siciliaque
1143 3961 1203 4019 atb

604 4180 618 4207 Ο
