2704 4552
311 213 367 270 128
568 209 647 258 Liber
663 207 767 259 xxm.
804 209 852 271 (A.
866 224 892 261 u.
906 224 928 262 c.
943 210 1016 268 ⁶88.)

235 391 351 450 edocui
372 389 474 467 populi
495 391 621 450 Romani
642 392 703 452 erit.
746 391 854 467 Pythio
878 391 1017 468 Apollini,
1037 409 1069 448 re
1093 390 1222 466 publica
1245 408 1265 445 v

265 499 338 556 bene
359 504 443 572 gesta
464 503 654 569 servataque,
683 496 770 554 lucris
803 495 912 554 meritis
933 497 1041 552 donum
1064 495 1227 564 mittitote,

264 602 374 678 preda,
405 598 550 657 manubiis
572 600 730 675 spoliisque
762 602 902 658 honorem
936 602 1088 669 habetote;
1130 599 1290 657 lasciviam

233 705 348 764 duobis
369 704 582 779 prohibetote.“
627 705 699 764 Haec
721 707 770 764 ubi
792 725 829 763 ex
851 705 956 764 Graeco
985 705 1114 763 carmine
1144 704 1280 778 interpre

264 797 406 878 recitavit,
428 817 489 864 tum
505 809 587 880 dixit,
608 829 641 866 se
662 811 781 868 oraculo
796 827 943 886 egressum
959 810 1106 884 extemplo
1132 809 1182 865 his
1205 825 1287 865 cmm

235 913 339 972 bdivis
360 933 421 970 rem
452 913 580 970 divinam
605 921 670 970 ture
699 933 734 973 ac
761 916 830 973 vino
852 915 969 985 iecisse,
999 915 1177 988 iussumque
1201 932 1220 969 a
1242 921 1298 968 tem

267 1019 403 1089 antistite,
425 1019 500 1075 sicut
520 1027 676 1076 coronatus
697 1020 799 1077 laurea
820 1037 930 1078 corona
950 1029 979 1077 ct
999 1019 1154 1076 oraculum
1180 1017 1293 1074 adisset

265 1141 326 1182 rem
350 1123 481 1181 divinam
503 1122 634 1193 iecisset,
667 1125 709 1182 ita
743 1133 913 1182 coronatum
942 1143 1046 1182 navem
1073 1124 1264 1181 adscendere

235 1233 333 1286 dente
354 1229 499 1303 deponere
521 1247 596 1297 eam,
618 1245 704 1302 quam
726 1231 850 1287 Romam
873 1228 1067 1304 pervenissem
1089 1247 1132 1296 se,
1158 1243 1282 1302 quaeoun

264 1334 409 1410 imperata
439 1334 512 1403 sint,
542 1350 606 1389 oum
635 1351 750 1390 summa
770 1333 909 1408 religione
930 1352 966 1391 ac
987 1332 1139 1407 diligentia
1169 1339 1289 1388 exsecet

265 1456 403 1496 coronam
425 1438 527 1496 Roma
547 1437 577 1493 in
598 1456 680 1494 aram
695 1438 841 1512 Apollinis
863 1439 1040 1513 deposuisse.
1085 1436 1221 1496 Senatus
1243 1435 1262 1490 d

265 1543 316 1614 vit,
337 1553 370 1600 ut
391 1561 432 1599 eae
453 1559 499 1598 res
523 1539 627 1598 divinae
641 1542 925 1617 supplicationesque
945 1543 1040 1618 primo
1062 1559 1185 1614 quoque
1209 1547 1303 1612 tempo

266 1665 331 1703 curn
353 1664 424 1704 cura
445 1646 556 1704 fierent.

237 1753 251 1801 7
349 1750 428 1806 Dum
468 1751 529 1806 haee
563 1751 666 1807 Rome
703 1759 791 1824 atque
826 1754 855 1808 in
892 1751 981 1809 Italia
1018 1759 1179 1825 geruntur,
1223 1749 1299 1807 nun'

266 1853 394 1912 victorin
425 1855 463 1910 ad
491 1853 609 1911 Cannas
640 1853 846 1931 Carthaginem
882 1865 1003 1915 venerat
1030 1855 1122 1929 Mago
1155 1855 1265 1912 Hamil

264 1959 354 2030 lilius,
386 1978 446 2015 non
473 1976 509 2015 ex
541 1958 607 2032 ipsa
634 1958 696 2015 acie
723 1979 742 2016 a
769 1959 861 2018 fratre
892 1959 1014 2029 missus,
1042 1959 1093 2016 sed
1121 1966 1260 2016 retentus

265 2073 337 2138 quot
366 2064 426 2120 dies
454 2063 483 2118 in
516 2062 687 2136 recipiendis
723 2065 887 2122 civitatibus
922 2064 1119 2133 Bruttiorum,
1148 2074 1183 2120 ut
1217 2079 1297 2138 quaeq

235 2166 446 2225 8defioiebent.
500 2168 547 2237 Is,
579 2185 668 2240 quum
698 2169 724 2224 ei
752 2177 868 2225 senatus
890 2170 975 2226 dutus
997 2176 1088 2237 esset,
1110 2185 1159 2224 res
1183 2177 1284 2242 gestas

264 2271 352 2328 Italia
374 2289 392 2328 a
413 2270 504 2327 fratre
534 2271 667 2344 exponit:
696 2291 761 2330 oum
791 2291 844 2330 sex
864 2273 1087 2348 imperatoribus
1110 2289 1191 2342 eum,
1214 2287 1300 2345 quoru

266 2385 403 2449 quattuor
426 2374 573 2445 eonsules,
601 2375 659 2431 duo
687 2375 813 2432 dictator
838 2393 874 2432 ac
902 2375 1042 2452 magister
1063 2377 1198 2449 equitum
1222 2373 1292 2432 fue'

236 2479 329 2537 ileum
363 2498 416 2537 sex
445 2480 646 2538 consularibus
676 2479 849 2537 exercitibus
885 2482 948 2538 acie
980 2479 1161 2549 conflixisse;
1197 2477 1298 2537 occidis

266 2600 355 2657 supra
370 2584 494 2642 ducenta
509 2585 599 2642 millia
617 2584 753 2654 hostiurn,
775 2601 866 2659 supra
887 2575 1098 2658 quinquaginta
1120 2585 1249 2658 cepisse.

266 2695 404 2760 quattuor
435 2689 600 2747 consulibus
627 2690 700 2746 duos
728 2689 880 2757 occidisse;
912 2706 949 2745 ex
972 2689 1085 2746 duobus
1107 2690 1245 2746 saucium
1268 2685 1299 2742 elt

266 2811 346 2863 rum,
383 2793 506 2850 alterurn
545 2802 606 2851 toto
640 2794 748 2852 amisso
784 2792 912 2849 exercitu
944 2793 994 2849 vix
1028 2811 1092 2850 oum
1121 2790 1298 2868 quinquagit

219 2897 252 2950 10
266 2896 431 2954 homiuibus
454 2896 599 2972 effugisse.
647 2897 820 2973 Magistrum
844 2898 988 2971 equitum,
1011 2913 1075 2970 quae
1096 2897 1297 2966 consularisp

267 3009 357 3058 testas
379 3001 426 3072 sit,
448 3001 544 3060 fusum
570 3001 770 3078 fugatumqu03
802 3001 991 3069 dictatorem,
1020 3001 1089 3075 quia
1119 3019 1154 3058 sa
1183 3002 1215 3058 in
1246 3001 1298 3058 acie

218 3105 250 3159 ll
267 3122 414 3178 nunquam
444 3107 633 3178 commiserit,
662 3105 777 3162 unicum
806 3105 909 3163 haberi
935 3104 1154 3180 imperatorem.
1206 3102 1296 3162 Brutti

266 3207 455 3281 Apulosque,
488 3210 595 3283 partim
629 3209 802 3268 Samnitium
834 3227 869 3266 ao
902 3209 1087 3267 Lucanorum
1121 3207 1267 3266 deiecisse

265 3313 385 3370 Poenos.
433 3310 577 3387 Capuam,
600 3315 678 3389 quod
700 3323 788 3389 caput
808 3331 867 3370 non
882 3312 1051 3388 Campaniae
1072 3313 1174 3382 modo,
1196 3312 1248 3370 ead
1270 3329 1299 3386 po

267 3415 404 3474 afflictam
427 3437 489 3474 rem
511 3421 675 3476 Romanam
698 3417 843 3476 Cannensi
865 3435 963 3493 pugne
984 3417 1077 3474 Italiae
1098 3417 1152 3486 sit,
1174 3418 1290 3474 Haunib

217 3521 253 3576 12
267 3539 299 3577 ee
320 3521 484 3582 tradidisse.
528 3523 589 3579 Pro
610 3523 656 3579 his
677 3523 765 3580 tantis
789 3529 890 3596 totque
911 3521 1040 3578 victoriis
1054 3539 1156 3577 verum
1180 3540 1244 3579 esse
1266 3539 1294 3594 gr

174 3622 213 3689 12
266 3634 309 3682 tes
332 3625 393 3682 deis
421 3626 633 3684 immortalibus
660 3626 709 3701 agi
734 3627 902 3699 haberique.
955 3626 1006 3683 Ad
1037 3626 1124 3682 tidem
1146 3625 1252 3683 deinde
1273 3636 1295 3680 ta

265 3733 397 3790 laetarum
427 3751 523 3790 rerum
556 3729 665 3787 effundi
692 3730 721 3786 in
751 3731 893 3787 vestibulo
921 3730 1008 3787 curiae
1035 3729 1119 3786 iussit
1145 3731 1249 3787 anulos
1277 3747 1302 3785 eu

266 3856 346 3906 reos,
380 3838 430 3911 qui
469 3843 567 3892 tantus
612 3851 734 3891 acervus
765 3832 833 3904 fuit,
865 3843 897 3890 ut
934 3834 1118 3891 metientibus
1153 3852 1244 3910 snpra
1274 3843 1283 3890 t

234 3939 380 3997 2modios
402 3940 533 4014 explesse
556 3938 614 3994 sint
635 3936 753 4011 quidam
774 3949 921 4007 auctorem
948 3937 1029 3995 fama
1049 3938 1156 4008 tenuit,
1180 3958 1245 4014 quaa
1264 3957 1292 4014 pr
