2700 4426
427 224 623 282 Ltbcrxxlll.
665 224 862 292 (achera)
1079 228 1138 290 133·
1212 256 1214 262 -
1279 235 1282 239 ’

111 418 229 466 ventum
246 420 435 491 curatumque
449 397 582 487 benigne,
605 411 692 467 etiam
714 430 778 467 cum
797 411 880 468 donis
897 412 1046 470 Hannibal
1061 415 1178 474 domum

111 515 290 579 remiserat„
320 514 367 574 Ob
383 515 444 573 eius
459 516 585 590 gratiam
607 517 702 573 meriti
723 535 783 574 rem
805 517 956 574 Nolanam
971 518 1001 575 in
1022 519 1067 576 ius
1090 520 1209 578 dicio-9

110 637 238 694 nemque
269 621 339 678 dare
363 621 497 678 voluerat
519 623 628 692 Poeno,
662 622 839 697 anxiumque
871 642 936 680 eum
967 633 995 681 et
1024 624 1178 682 sollicitum

110 742 183 781 cura
204 724 332 781 novandi
361 744 408 783 res
430 736 538 802 prator
559 729 705 785 cernebat.
752 727 886 785 Ceterum
910 748 997 802 quum
1021 740 1072 786 aut
1091 748 1179 804 poena
1195 736 1229 790 to

109 831 289 889 cohibendus
317 842 392 888 esset
419 843 470 890 aut
499 833 639 891 beneficio
662 833 873 905 conciliandae,
902 835 956 892 sibi
987 836 1178 909 assumpsisse

113 956 202 1012 quam
225 937 302 993 hosti
325 937 468 998 ademisse
489 937 593 996 fortem
615 957 649 997 ac
666 932 939 997 strenuummaluit
960 941 1081 1010 socium,
1103 940 1178 996 acci-

113 1054 234 1117 tumque
265 1044 303 1099 ad
332 1061 363 1100 se
391 1044 515 1119 benigne
544 1045 685 1120 appellat:
728 1045 837 1102 Multos
864 1065 929 1102 eum
959 1046 1073 1103 invidos
1103 1045 1178 1102 inter
1194 1051 1226 1106 ll

109 1149 267 1225 populares
281 1147 398 1218 habere,
420 1149 487 1205 inde
508 1150 674 1207 existimatu
695 1150 781 1209 fa'cile
804 1167 877 1219 esse,
900 1151 978 1224 quod
998 1171 1083 1208 nemo
1106 1152 1177 1209 civis

108 1254 246 1312 Nolanus
274 1255 340 1312 sibi·
358 1254 543 1324 indicaverit,
578 1274 665 1330 quam
694 1255 784 1313 multa
812 1255 872 1312 eius
903 1256 1020 1330 egregia
1045 1255 1177 1314 facinora

110 1360 249 1418 militaria
271 1368 380 1429 essent3
407 1359 458 1416 sed
487 1359 536 1433 qui
557 1359 586 1416 in
605 1360 747 1418 Romanis
776 1360 945 1418 militaverit
973 1363 1091 1432 castris,
1118 1380 1176 1418 non
1193 1366 1228 1420 12

107 1484 197 1542 posse
218 1466 371 1523 obscuram
394 1464 456 1521 eius
478 1465 612 1521 virtutem
636 1483 706 1524 esse.
753 1466 863 1523 Multos
887 1467 958 1538 sibi,
983 1467 1118 1542 quicum
1142 1485 1176 1523 eo

107 1571 252 1646 stipendia
266 1569 395 1641 fecerint,
417 1569 535 1638 referre,
558 1569 607 1643 qui
628 1571 673 1627 vir
694 1580 769 1628 esset
789 1554 846 1642 ille,
869 1590 991 1647 querque
1013 1582 1042 1629 et
1063 1573 1177 1647 quoties

108 1677 239 1752 pericula
260 1695 314 1751 pro
337 1675 431 1734 salute
454 1694 488 1733 ac
511 1675 650 1750 dignitate
672 1677 772 1751 populi
795 1677 923 1733 Romani
939 1678 1055 1748 adisset,
1077 1677 1177 1752 utique
1192 1681 1227 1736 13

110 1779 260 1839 Cannensi
280 1781 382 1856 proelio
404 1800 463 1838 non
485 1781 564 1856 prius
594 1800 692 1857 pugna
715 1782 866 1852 abstiterit,
898 1801 984 1857 quam
1005 1801 1098 1858 prope
1125 1801 1175 1838 ex·
1261 1826 1263 1830 e

110 1887 229 1963 sanguis
250 1887 335 1944 ruina
356 1886 628 1963 superincidentium
644 1887 782 1957 virorum,
806 1906 947 1961 equorum
966 1880 1176 1960 armorumque

107 1994 145 2051 sit
173 2010 338 2068 oppressus.
397 1993 521 2066 „ltaque
550 2001 643 2048 macte
670 1992 776 2048 virtute
803 1996 883 2048 est0“
908 1992 1010 2066 inquit.
1066 1991 1175 2066 „Apud
1191 1996 1227 2050 14

108 2119 156 2157 me
178 2091 231 2156 tibi
251 2098 346 2156 omnis
364 2098 458 2154 honos
486 2107 681 2171 atque‘omne
702 2096 851 2171 praemium
882 2097 951 2166 erit,
980 2106 1009 2154 et
1031 2115 1088 2171 quo
1117 2095 1175 2153 fre·

109 2203 245 2280 quentior
267 2220 378 2259 mecum
400 2201 505 2271 fueris,
535 2202 640 2258 senties
669 2221 732 2258 earn
764 2220 825 2257 rem
853 2188 905 2257 tibi
933 2202 1066 2277 dignitati
1087 2210 1176 2276 atque

109 2311 305 2370 emolumento
321 2311 413 2366 esse.“
465 2308 604 2380 Laetoque
626 2305 722 2362 iuveni
737 2305 888 2380 promissis
910 2324 1015 2380 equum
1038 2307 1175 2364 eximium
1191 2310 1226 2364 15

109 2417 188 2474 dono
221 2417 271 2472 dat
297 2413 471 2488 bigatosque
502 2411 674 2486 quingentos
706 2420 877 2484 quaestorem
909 2430 1061 2468 numerare
1080 2413 1175 2481 iubet;

108 2522 260 2581 lictoribus
281 2520 414 2593 imperat,
436 2528 468 2573 ut
491 2535 556 2574 eum
579 2534 611 2572 se
633 2514 728 2586 adire,
762 2517 874 2590 quoties
906 2516 991 2588 velit,
1018 2519 1174 2594 patiantur.

109 2630 178 2687 Hae
199 2627 335 2685 comitate
356 2621 489 2679 Marcelli
510 2621 616 2679 ferocis
644 2621 756 2679 iuvenis
778 2622 891 2678 animus
920 2623 994 2679 adeo
1017 2631 1061 2680 est
1080 2623 1175 2680 molli·
1229 2615 1269 2684 lb

108 2743 166 2801 tus,
189 2741 220 2788 ut
241 2749 326 2788 nemo
348 2727 415 2783 inde
439 2726 582 2784 sociorum
610 2747 671 2785 rem
695 2729 858 2786 Romanam
880 2725 984 2784 fortius
1007 2746 1041 2786 ac
1062 2729 1174 2786 fidelius
1210 2716 1215 2720 ’

107 2835 228 2894 iuverit.

211 2939 307 3017 Quum
341 2937 489 2994 Hannibal
523 2938 560 2993 ad
589 2948 689 3014 portas
722 2947 798 2994 esset
832 2936 954 3009 (Nolam
979 2937 1052 2994 enirn
1075 2937 1204 2995 rursus2

108 3066 128 3103 a
162 3045 292 3104 Nuceria
324 3043 416 3100 movit
447 3042 556 3119 castra)
589 3043 745 3117 plebesque
772 3041 891 3099 Nolana
924 3041 960 3097 de
990 3042 1103 3117 integro
1136 3044 1173 3099 ad

108 3151 311 3210 defectionem·
324 3157 483 3224 spectaret,
512 3147 668 3205 Marcellus
696 3148 749 3205 sub
772 3148 928 3205 adventum
951 3147 1076 3204 hostium
1097 3148 1204 3205 intra3

108 3275 208 3314 muros
230 3274 263 3312 se
283 3254 401 3330 recepit,
424 3273 482 3310 non
505 3253 607 3311 castris
622 3263 761 3324 metuens,
784 3253 835 3310 sed
858 3272 894 3309 ne
918 3253 1074 3328 prodendae
1094 3254 1174 3311 urbis

107 3362 292 3421 occasionem
313 3359 399 3416 nimis
421 3358 517 3415 multis
539 3359 567 3415 in
599 3376 663 3415 eam
688 3359 903 3417 imminentibus
926 3359 1018 3423 daret.
1065 3345 1204 3416 instruit

107 3467 212 3525 deinde
235 3465 370 3540 utrinque
392 3464 468 3522 acies
491 3472 600 3539 coeptae,
621 3465 822 3522 Romanorum
845 3483 898 3539 pro
922 3463 1063 3520 moenibus
1078 3463 1172 3532 Nolae,

107 3574 266 3630 Poenorum
290 3579 358 3627 ante
384 3578 480 3627 castra
509 3586 571 3629 sua.
608 3569 730 3627 'Proelia
758 3569 825 3626 hinc
850 3587 943 3644 parva
971 3569 1045 3625 inter
1072 3569 1172 3626 urbem

90 3685 262 3750 ‚castraque
285 3671 342 3751 [et]
365 3674 448 3732 vario
472 3683 576 3731 eventu
597 3675 720 3745 fiebant,
743 3675 811 3749 quia
834 3674 921 3731 duces
944 3691 998 3730 nec
1019 3672 1173 3748 prohibere

106 3758 218 3856 paucos
240 3791 348 3838 temere
368 3791 563 3856 provocantes
592 3799 645 3838 nec
672 3782 743 3838 dare
772 3779 884 3854 signum
908 3778 1048 3835 universae
1070 3796 1173 3852 pugnae

106 3886 254 3944 volebant.
301 3886 336 3943 In
357 3887 413 3944 hac
436 3887 604 3960 quotidiana
618 3888 676 3944 iam
703 3888 825 3943 duorum
848 3883 1025 3941 exercituum
1048 3882 1203 3956 statione5

106 3970 252 4068 principes
285 3991 468 4050 Nolanorum
501 3993 634 4050 nuntiant
665 3991 822 4062 Marcello,
854 3999 995 4048 nocturna
1028 3989 1203 4063 colloquiab
