2748 4556
379 259 458 308 Liber
475 259 578 308 xxlx.
614 261 660 326 (a.
676 260 722 312 ch.
737 261 807 322 aot.)
1020 265 1080 322 213

23 440 194 513 appellat.
243 440 512 516 Carthaginiensem
548 443 673 502 nobilem
710 444 864 515 feminam,
896 445 1005 502 sororis
1033 446 1122 504 filiam
1139 453 1174 508 12

26 544 246 614 Hannibalis,
283 566 347 621 qua
373 547 506 623 proxima
533 548 647 605 OEzalci
679 549 742 624 regi
763 557 854 625 nupta
876 548 987 621 fuerat,
1023 553 1124 608 matri-

27 650 148 706 monio
195 651 250 708 sibi
286 652 378 728 iungit
412 670 464 728 sps
490 651 771 727 Carthaginiensium
802 654 964 725 societatis,
1001 665 1029 713 et
1056 664 1173 719 cum13

29 754 192 829 Syphace
215 757 370 832 hospitium
394 767 538 815 vetustum
560 758 664 833 legatis
688 758 783 816 missis
808 769 940 830 renovat,
963 761 1061 818 omnia
1085 781 1120 818 ea

29 861 163 916 auxilia
188 880 357 936 praeparans
372 864 511 920 adversus
531 864 726 920 Masinissam.
774 864 814 920 Et
831 865 997 938 Masinissa,
1020 867 1119 925 audita
1171 866 1218 936 30

34 975 143 1023 morte
167 968 276 1042 patrui,
298 966 365 1023 dein
386 985 456 1024 nece
477 967 577 1026 fratris
598 968 746 1044 patruelis,
769 988 805 1026 ex
820 971 965 1047 Hispania
987 973 1016 1029 in
1033 974 1118 1030 Mau·

34 1072 196 1128 nataniam
226 1073 324 1147 (Baga
346 1090 381 1130 ea
409 1081 581 1148 tempestate
609 1093 662 1131 rex
689 1074 858 1134 Maurorum
896 1079 971 1152 erat)
999 1078 1121 1140 traiecit.

36 1178 92 1234 Ab
137 1197 176 1234 eo
210 1178 334 1252 supplex
368 1178 473 1234 infimis
506 1180 640 1254 precibus
668 1179 807 1237 auxilium
837 1181 946 1252 itineri,
983 1184 1151 1256 quoniam2

37 1283 126 1339 bello
151 1302 213 1340 nen
235 1292 360 1358 poterat,
383 1293 521 1358 quattuor
542 1285 632 1341 millia
646 1284 816 1342 Maurorum
839 1287 1013 1362 impetravit.
1047 1286 1151 1346 Cum3

38 1390 99 1459 iis,
136 1389 290 1464 praemisso
313 1389 414 1446 nuntio
441 1390 479 1445 ad
502 1399 641 1465 paternos
662 1408 790 1465 suosque
812 1392 940 1462 amicos,
971 1411 1058 1467 quum
1083 1392 1119 1448 ad

40 1497 120 1551 fines
144 1493 230 1568 regni
250 1492 440 1568 pervenisset,
461 1493 609 1568 quingenti
632 1493 723 1551 ferme
744 1496 880 1553 Numida
903 1497 940 1552 ad
962 1515 1026 1553 eum
1052 1515 1121 1554 con·

42 1610 202 1659 venerunt.
250 1599 346 1674 Igitur
374 1599 486 1655 Mauris
520 1598 601 1670 inde,
637 1599 711 1655 sicut
745 1611 937 1672 convenerat,
970 1611 1049 1659 retro
1076 1602 1152 1660 add

44 1724 151 1780 regem
181 1705 326 1774 remissis,
359 1723 526 1778 quanquam
559 1704 709 1778 aliquanto
747 1707 842 1762 minor
872 1725 924 1782 spe
956 1707 1119 1775 multitudo,

44 1830 103 1868 nec
127 1829 194 1867 cnm
218 1829 276 1884 qua
298 1818 409 1866 tantam
430 1829 492 1866 rem
513 1809 633 1884 aggredi
655 1810 727 1866 satis
759 1811 896 1880 auderet,
933 1817 1118 1882 convenerat,

46 1927 134 1974 ratus
166 1915 280 1990 agendo
309 1932 343 1972 ac
372 1915 517 1972 moliendo
541 1913 618 1970 vires
641 1932 758 1987 quoque
780 1915 817 1970 ad
841 1917 984 1990 agendum
1007 1917 1150 1990 aliquid5

47 2022 256 2088 collecturum,
293 2020 487 2095 proficiscenti
516 2020 553 2076 ad
576 2019 740 2094 Syphacem
763 2020 935 2077 Lacumnzae
957 2021 1057 2094 regulo
1080 2023 1118 2077 ad

48 2128 206 2200 Thapsum
234 2125 368 2185 occurrit.
418 2125 577 2200 Trepidum
606 2143 710 2198 agmen
742 2143 830 2199 quum
854 2125 889 2181 in
916 2128 1016 2184 urbem
1040 2127 1151 2185 refu-6

50 2231 160 2305 gisset,
195 2231 295 2286 urbem
318 2229 474 2286 Masinissa
494 2231 589 2303 primo
611 2232 719 2307 impetu
743 2230 839 2305 capit,
878 2249 915 2288 ex
935 2232 1021 2307 regiis
1045 2233 1118 2289 alios

53 2335 200 2391 tradentes
226 2352 257 2390 se
280 2322 399 2409 recipit,
423 2335 495 2391 alios
517 2338 575 2393 vim
598 2348 735 2412 parantes
757 2337 877 2406 occidit,
899 2355 968 2411 pars
989 2337 1119 2394 maxima

53 2459 121 2496 cnm
149 2440 212 2514 ipso
242 2457 333 2513 puero
359 2440 435 2497 inter
462 2443 615 2500 tumultum
639 2444 676 2500 ad
701 2443 881 2518 Syphacem,
913 2462 971 2517 quo
992 2444 1118 2518 primum

55 2545 236 2602 intenderant
267 2545 339 2613 iter,
376 2556 577 2620 pervenerunt.
626 2548 722 2604 Fama
757 2547 842 2604 huius
875 2549 995 2604 modica
1024 2549 1066 2605 rei
1088 2549 1149 2607 ini

57 2648 195 2724 principie
225 2668 321 2705 rarum
349 2669 491 2726 prospere
523 2662 595 2709 actae
618 2653 759 2710 convertit
782 2653 819 2708 ad
844 2654 1030 2710 Masinissam
1053 2655 1117 2710 Nn·

58 2754 160 2821 midas,
182 2751 398 2829 affluebantque
419 2756 546 2830 undique
568 2776 604 2813 ex
627 2757 705 2832 agris
727 2756 857 2830 vicisque
878 2767 990 2815 veteres
1012 2757 1117 2814 milites

57 2858 142 2917 Gala
184 2868 212 2914 et
250 2860 413 2918 invitabant
448 2861 581 2916 iuvenem
619 2862 657 2917 ad
694 2863 923 2935 recuperandum
964 2870 1116 2935 paternum

60 2983 185 3039 regnum.
232 2965 363 3021 Numero
393 2965 514 3020 militum
535 2965 715 3040 aliquantum
738 2965 919 3022 Mazaetullus
941 2967 1099 3039 superabat
1112 2969 1150 3035 38

62 3089 126 3126 nam
155 3079 181 3126 et
200 3069 262 3144 ipse
293 3087 357 3125 eum
387 3068 560 3138 exercitum,
597 3089 656 3144 quo
679 3070 841 3146 Capussam
864 3071 991 3140 vicerat,
1028 3079 1057 3127 et
1081 3090 1117 3127 ex

62 3174 178 3248 receptis
198 3184 265 3248 post
288 3174 394 3230 cadem
417 3175 494 3249 regis
515 3175 627 3249 aliquot
641 3177 777 3245 habebat,
800 3183 829 3232 et
846 3194 919 3250 puer
936 3176 1116 3233 Lacumazes
1218 3235 1220 3239 λ
1315 3224 1317 3228 ,

64 3279 101 3334 ab
128 3277 255 3352 Syphace
293 3279 402 3334 auxilia
436 3279 564 3354 ingentia
594 3282 766 3339 adduxerat.
816 3280 987 3353 Quindecim
1028 3279 1148 3338 millias

66 3383 182 3458 peditum
205 3382 379 3450 Mazaetullo,
403 3384 500 3440 decem
524 3384 614 3442 millia
637 3387 764 3460 equitum
788 3395 886 3454 erant,
924 3386 1027 3460 quibus
1051 3405 1115 3443 cum

66 3486 224 3557 Masinissa,
261 3506 445 3562 nequaqnam
480 3499 590 3546 tautum
629 3490 757 3565 peditum
787 3490 952 3564 equitumve
981 3491 1116 3562 habente,

68 3591 125 3649 acie
142 3592 272 3652 conflixit.
322 3594 399 3651 Vicit
421 3602 517 3650 tamen
540 3603 569 3650 et
589 3604 719 3668 veterum
744 3597 858 3653 militum
881 3595 972 3651 virtus
995 3606 1024 3652 et
1045 3617 1115 3672 pru-

69 3697 155 3753 dentia
174 3697 246 3754 inter
267 3700 402 3756 Romana
424 3708 452 3756 et
476 3700 589 3756 Punica
618 3718 700 3756 arma
724 3700 874 3757 exercitati
899 3701 992 3771 ducis3
1031 3705 1170 3777 regu-10

69 3784 109 3858 lus
131 3821 186 3857 cum
209 3812 303 3859 tutore
334 3815 363 3860 et
384 3805 490 3880 exigua
512 3804 743 3862 Masaesnliorum
767 3823 855 3861 manu
877 3807 905 3862 in
928 3806 1128 3884 Carthagini-¹

70 3926 154 3964 ensem
173 3925 272 3982 agrum
294 3908 429 3983 perfugit.
477 3910 525 3966 Ita
546 3917 717 3984 recuperato
738 3927 829 3984 regno
852 3920 990 3986 paterno,
1024 3912 1118 3968 Masi-

71 4013 148 4082 nissa,
180 4013 245 4086 quia
280 4013 335 4069 sibi
368 4013 507 4070 adversus
543 4013 708 4089 Syphacem
741 4015 819 4071 haud
852 4015 940 4090 paulo
976 4017 1117 4074 maiorem
