2704 4552
298 266 336 321 74
572 260 651 311 Liber
668 259 757 312 xx11.
794 259 839 324 (A.
850 275 876 314 u.
888 275 911 314 e.
923 259 993 324 5³⁷.)

255 445 353 503 vivum
366 445 405 502 ad
419 444 536 519 imaque
547 461 686 501 cornuum
703 443 859 502 adveniens
870 445 950 502 velut
961 445 1128 503 stimulatos
1141 445 1257 506 furore
1274 472 1309 513 ⁷2>
1338 492 1341 497 .

224 553 241 608 3
256 549 307 608 bet
321 550 421 608 boves.
464 548 532 621 Quo
545 559 664 625 repente
679 549 819 622 discursu,
840 549 918 607 baud
934 568 1017 607 secus
1032 569 1121 625 quam
1138 552 1233 608 silvis

253 656 389 730 tibusque
409 654 546 724 accensis,
568 655 666 712 omnia
687 655 794 712 circum
816 653 943 730 virgulta
962 658 1023 712 urae
1045 655 1160 727 ardere,
1189 657 1284 731 capit
1297 686 1307 705 ··

255 780 312 837 que
333 761 416 818 irrita
438 760 587 834 quassatio
610 761 740 818 excitans
760 761 909 816 flammam
938 761 1090 824 hominum
1122 761 1247 836 passim
1275 761 1307 816 d'

223 867 429 925 tcnrrentium
451 866 576 940 speeiem
599 866 758 940 prebebat.
807 865 865 938 Qui
892 867 929 922 ed
951 867 1104 924 transitum
1138 867 1243 923 saltus
1265 866 1312 922 mai

255 972 379 1029 dandum
409 970 498 1028 locati
525 980 623 1040 erant,
652 970 701 1028 ubi
730 971 760 1026 in
790 968 910 1028 summis
939 969 1093 1027 montibus
1112 990 1150 1028 ac
1185 989 1281 1046 super
1303 996 1317 1019 υ

257 1077 399 1152 quosdam
427 1075 509 1149 ignes
543 1093 735 1152 conspexere,
768 1077 979 1134 circumventos
1007 1093 1039 1131 sc
1066 1093 1132 1134 esse
1162 1077 1230 1134 rati
1261 1095 1322 1152 pra·

256 1182 331 1240 sidia
352 1197 511 1241 excessere.
555 1181 622 1254 Qua
642 1180 758 1238 minime
780 1181 877 1238 dense
898 1181 1046 1238 micabant
1074 1181 1228 1252 flammae,
1256 1200 1290 1238 ve
1304 1208 1322 1227 ··

225 1287 430 1345 blutissimum
451 1287 507 1344 iter
526 1294 656 1361 petentes
678 1304 793 1351 summa
806 1286 947 1343 montium
962 1285 1040 1361 iuga,
1062 1296 1163 1344 tamen
1186 1288 1222 1343 in
1246 1303 1322 1361 qnos·
1344 1338 1351 1361 ,

256 1394 323 1453 dam
352 1396 443 1451 boves
473 1391 589 1468 palatos
617 1410 635 1448 a
662 1392 721 1448 suis
756 1391 893 1468 gregibus
930 1391 1101 1448 inciderunt.
1157 1393 1203 1450 Et
1236 1366 1352 1468 primcl

256 1518 343 1574 quum
371 1497 473 1573 procul
503 1506 666 1566 cernerent,
695 1495 785 1552 veluti
813 1495 948 1552 flammas
976 1495 1150 1571 spirantium
1182 1497 1319 1555 miraculo

225 1603 371 1662 battoniti
398 1603 600 1670 constiterunt;
627 1601 731 1660 deinde
757 1610 789 1658 ut
810 1602 939 1657 humana
967 1601 1105 1677 apparuit
1132 1603 1239 1674 fraus,
1270 1612 1315 1660 tun

256 1728 327 1767 vero
349 1708 470 1766 insidias
491 1708 548 1766 rati
570 1726 648 1777 esse,
679 1725 744 1763 cum
773 1705 883 1762 maiore
903 1706 1027 1764 tumultu
1055 1710 1210 1766 concitant
1241 1709 1317 1766 sein
1346 1764 1351 1785 Ι

254 1814 365 1890 fugam.
409 1814 482 1870 Levi
498 1833 614 1888 quoque
629 1821 784 1870 armaturae
798 1811 924 1868 hostium
939 1812 1101 1882 incurrere;
1118 1823 1254 1872 ceterum
1268 1831 1315 1870 nor

255 1926 370 1994 aquato
401 1918 505 1975 timore
532 1927 650 1975 neutros
679 1933 807 1990 pugnum
836 1915 1004 1991 incipientes
1034 1918 1072 1974 ad
1098 1919 1196 1977 lucem
1227 1919 1315 1976 tenuit.

142 2057 147 2066 ·
225 2027 372 2082 ilnterea
392 2032 454 2081 toto
483 2024 599 2100 agmine
625 2021 775 2080 Hannibal
802 2020 935 2078 traducto
963 2041 1017 2096 per
1045 2021 1170 2094 saltum,
1201 2035 1231 2083 et
1261 2024 1313 2099 qui·

255 2131 377 2189 busdam
409 2129 439 2186 in
469 2130 532 2204 ipso
563 2129 638 2185 saltu
668 2125 798 2186 bostium
824 2125 985 2201 oppressis,
1019 2126 1048 2183 in
1081 2145 1156 2201 agro
1191 2128 1313 2188 Allifano

255 2236 352 2313 posuit
373 2243 477 2291 eastra.

160 2331 204 2400 18
338 2341 425 2398 Hunc
451 2337 603 2394 tumultum
635 2337 724 2394 sensit
751 2337 875 2406 Fabium
903 2345 1028 2394 ceterum
1059 2347 1088 2394 et
1109 2337 1237 2396 insidias
1263 2355 1312 2394 esse

254 2456 336 2506 ratus
358 2455 386 2504 et
408 2446 445 2502 ab
467 2452 608 2500 nocturno
630 2443 730 2518 utique
751 2443 911 2500 abhorrens
933 2443 1105 2513 certamina,
1135 2461 1209 2500 suos
1231 2441 1311 2500 muni·

225 2549 358 2609 2mentis
374 2551 474 2608 tenuit.
518 2549 597 2606 Luce
611 2547 706 2622 prima
720 2549 774 2606 sub
797 2549 865 2623 iugo
888 2548 994 2605 montis
1016 2549 1150 2624 proelium
1173 2549 1243 2632 fuit,
1265 2565 1310 2622 quo

254 2656 438 2715 interclusam
460 2656 498 2712 ab
521 2655 580 2711 suis
603 2653 695 2711 levem
726 2663 903 2711 armaturam
936 2652 1023 2712 facile
1050 2654 1170 2726 (etenim
1202 2671 1309 2713 nurnero

255 2762 434 2836 aliquantum
457 2762 647 2836 praestabant)
669 2759 795 2816 Romani
818 2759 1096 2834 superassent,'nisi
1118 2759 1308 2835 Hispanorum

224 2868 360 2926 3cohors
382 2866 419 2923 ad
441 2865 471 2922 id
492 2865 586 2940 ipsum
610 2863 731 2920 remissa
758 2865 796 2920 ab
819 2864 986 2921 Hannibale
1008 2866 1236 2940 supervenisset.
1276 2865 1310 2922 Ea

255 2973 399 3031 assuetior
428 2957 575 3028 montibus
605 2968 693 3025 etad
716 2968 945 3026 concursandum
969 2969 1045 3026 inter
1073 2987 1148 3026 saxa
1175 2987 1308 3046 rupesque

256 3077 354 3152 aptior
368 3094 403 3133 ac
425 3075 518 3133 levior
539 3092 627 3149 quum
650 3074 805 3130 velocitate
827 3092 992 3150 corporum,
1014 3083 1074 3130 tum
1096 3093 1249 3134 armorum
1269 3077 1309 3133 ha·

254 3181 325 3249 bitu,
348 3187 539 3253 campestrem
561 3179 689 3247 hostem,
719 3195 838 3253 gravem
864 3180 952 3236 armis
973 3179 1194 3254 statariumque,
1217 3198 1309 3258 pugne

224 3288 241 3338 4
253 3303 359 3360 genere
378 3281 463 3338 facile
482 3282 574 3344 elusit.
621 3283 669 3339 Ita
682 3285 908 3359 haudquaquam
924 3283 989 3359 pari
1010 3285 1167 3342 certamine
1190 3285 1309 3363 digressi,
1350 3356 1351 3371 ἵ

254 3389 381 3464 Hispani
400 3387 462 3444 fere
484 3405 584 3444 onmes
605 3387 773 3461 incolumes,
795 3389 920 3447 Romani
941 3389 1053 3463 aliquot
1074 3389 1134 3446 suis
1155 3392 1270 3450 amissis
1288 3392 1307 3446 in

254 3503 351 3551 eastra
373 3491 590 3552 contenderunt.

225 3599 241 3651 5
337 3597 448 3656 Fabius
470 3616 586 3672 quoque
601 3598 692 3654 movit
707 3607 812 3666 eastra,
835 3607 1089 3674 transgressusque
1104 3601 1210 3658 saltum
1234 3619 1308 3678 super
1350 3585 1351 3608 ¹

225 3702 362 3762 bAllifas
391 3703 456 3760 loco
485 3702 545 3760 alto
579 3720 613 3759 ac
645 3703 754 3759 munito
782 3703 920 3760 consedit.
970 3703 1047 3760 Tum
1081 3723 1133 3779 per
1166 3705 1307 3766 Samnium

254 3811 379 3868 Romam
399 3826 430 3866 se
451 3818 549 3884 petere
570 3807 708 3864 simulans
730 3807 880 3864 Hannibal
901 3825 992 3882 usqua
1013 3809 1044 3866 in
1064 3809 1205 3884 Pelignos
1224 3831 1307 3889 popu·

255 3914 399 3972 labundus
420 3913 518 3982 rediit3
539 3913 649 3970 Fabius
671 3912 782 3970 medius
805 3913 880 3969 inter
899 3913 1024 3970 hostium
1040 3933 1145 3989 agmen
1162 3917 1306 3992 urbemque
1349 3923 1351 4029 q

225 4019 380 4076 lRomam
409 4018 486 4092 iugis
513 4019 647 4087 ducebat,
682 4035 735 4073 nec
766 4017 908 4094 absistens
937 4035 991 4075 nec
1023 4019 1221 4094 congrediens.
1271 4023 1306 4080 Ex
