2678 4560
313 269 370 327 ΗΘ
569 265 647 316 Liber
665 263 780 317 XXVII.
818 263 860 327 (A.
874 278 898 312 u.
912 277 935 315 o.
952 265 1027 324 547.)

268 471 370 528 parum
396 451 504 508 intents
532 449 688 520 asservati,
719 449 792 506 alter
822 448 852 504 in
882 447 1036 506 destinatis
1061 451 1119 506 iam
1141 463 1206 508 ante
1230 452 1326 520 animo,

268 558 386 616 latebris
407 556 553 626 subsedit,
588 556 661 613 alter
680 573 734 630 per
754 554 832 612 vada
856 563 927 610 nota
947 557 1117 613 Metaurum
1138 559 1240 614 flumen
1259 569 1327 686 tra-p

269 665 357 722 navit.
405 663 453 720 Ita
474 661 617 719 desertum
642 660 679 718 ab
701 659 820 718 ducibus
846 677 950 736 agmen
969 661 1066 735 primo
1084 680 1137 736 per
1150 657 1325 738 agrospals?

270 779 325 841 tur,
345 768 472 841 fessique
493 764 605 840 aliquot
626 782 728 822 somno
751 783 786 822 ae
809 765 913 840 vigiliis
928 774 1063 822 sternunt
1080 785 1206 843 corpora
1224 770 1327 843 passim*

221 881 256 936 10
270 887 358 950 atque
378 871 571 947 infrequentia
591 870 757 945 relinquunt
771 871 863 946 signa.
900 871 1082 942 Hasdrubal,
1106 874 1176 930 dnm
1193 874 1241 930 lux
1253 875 1309 930 nan

271 980 443 1046 ostenderet,
462 976 565 1033 lentius
586 976 670 1050 signa
690 975 760 1034 ferri
780 977 869 1047 iubet,
892 985 920 1033 et
941 996 994 1052 per
1008 980 1133 1035 tortuosi
1149 981 1240 1035 amnis
1253 981 1286 1035 sin

269 1087 420 1158 flexusque
455 1100 543 1156 quum
571 1101 697 1140 errorem
725 1082 845 1138 volvens
878 1083 957 1140 haud
982 1081 1105 1138 multum
1138 1086 1262 1159 proeess'

270 1191 398 1258 substitit,
435 1187 484 1245 ubi
517 1189 611 1264 prima
646 1188 697 1244 lux
729 1187 880 1244 transitum
922 1196 1120 1262 opportunum
1159 1189 1298 1245 ostendisse

223 1299 254 1353 ll
272 1295 453 1354 transiturus.
503 1292 561 1351 Sed
577 1311 675 1367 quum,
692 1301 829 1367 quantum
844 1313 864 1349 a
877 1292 952 1349 mari
966 1292 1155 1360 abscedebat,
1175 1303 1254 1351 tanto
1268 1290 1304 1350 al‘

273 1401 371 1460 oribus
403 1398 601 1457 coercentibus
622 1417 735 1455 amnem
758 1398 837 1474 ripis,
868 1419 927 1456 non
957 1398 1103 1456 inveniret
1125 1401 1222 1470 vada,
1259 1401 1290 1456 dis
1326 1441 1328 1446 .

273 1507 393 1568 terendo
414 1504 539 1580 spatium
562 1505 642 1562 dedit
661 1506 698 1562 ad
720 1505 928 1579 insequendum
950 1522 1015 1561 sese
1034 1505 1125 1561 hosti.

177 1617 220 1676 48
356 1613 436 1670 Nero
458 1611 581 1686 primum
604 1629 668 1668 eum
689 1611 767 1668 omni
788 1609 916 1684 equitatu
940 1611 1073 1680 advenit3
1097 1611 1223 1668 Porcius
1237 1611 1288 1666 dein
1326 1607 1328 1618 ⁴

243 1726 423 1781 2asseentus
445 1734 509 1774 oum
531 1714 588 1772 levi
611 1721 767 1772 armatura.
817 1715 875 1788 Qui
904 1735 992 1790 quum
1011 1715 1123 1774 fessum
1148 1736 1250 1792 agmen
1270 1733 1293 1771 ss

274 1833 375 1902 perent
405 1825 442 1882 ab
470 1821 548 1880 omni
569 1830 652 1896 parte
675 1820 928 1895 incursarentque,
965 1831 993 1880 et
1014 1823 1075 1880 iam
1098 1823 1210 1881 omisso
1230 1823 1273 1879 itin

275 1932 353 2006 quod
375 1929 451 2004 fuga
473 1927 566 1984 simile
587 1936 664 1996 erat,
694 1936 790 1984 eastra
815 1929 917 1984 meteri
938 1931 1046 1986 Poenus
1065 1930 1096 1987 in
1121 1928 1233 1986 tumulo
1252 1947 1278 1984 su
1328 1949 1329 1960 ¹

244 2036 398 2100 afluminis
420 2033 513 2109 ripam
538 2033 639 2104 vellet,
668 2034 785 2090 advenit
806 2034 906 2092 Livius
930 2035 1058 2110 peditum
1083 2035 1220 2092 omnibus
1240 2032 1295 2106 eop'

275 2161 334 2200 non
369 2140 478 2220 itineris
509 2139 610 2206 modo,
645 2139 696 2194 sed
730 2139 768 2196 ad
797 2140 1004 2196 conserendum
1034 2141 1186 2216 extemplo
1209 2137 1292 2214 proeliu

246 2246 421 2312 tinstruotis
453 2247 639 2320 armatisque.
688 2243 745 2304 Sed
778 2243 827 2302 ubi
862 2264 960 2302 omnes
993 2245 1095 2320 copias
1133 2246 1314 2303 coniunxerunt

278 2353 443 2425 directaque
476 2350 552 2408 acies
585 2359 643 2420 est,
680 2348 817 2407 Claudius
849 2351 950 2408 dextro
978 2351 1007 2406 in
1037 2368 1145 2421 eornu,
1181 2351 1270 2408 Livius
1287 2347 1314 2401 st

279 2459 393 2518 sinistro
422 2473 549 2532 pugnam
577 2455 704 2524 instruit;
740 2457 835 2513 media
860 2458 936 2514 acies
964 2457 1083 2532 praetori
1117 2457 1224 2514 tuenda
1254 2454 1310 2508 data

249 2562 456 2650 5Hasdrubal,
478 2561 587 2620 omissa
610 2560 766 2618 munitione
787 2572 957 2633 castrorum,
980 2573 1140 2638 postquam
1157 2561 1308 2638 pugnandos

280 2671 369 2741 vidit,
392 2670 422 2726 in
443 2668 538 2750 prima
559 2667 621 2724 acie
643 2675 710 2744 ente
732 2667 815 2742 signa
837 2667 1005 2743 elephantos
1027 2669 1173 2737 oollooat3
1194 2669 1261 2726 eirea
1277 2679 1307 2718 sn

280 2780 353 2836 laevo
374 2778 404 2833 in
427 2793 516 2833 oornu
538 2773 677 2830 adversus
693 2770 846 2830 Claudium
863 2773 966 2832 Gallos
987 2776 1119 2849 opponit,
1141 2775 1306 2832 haudtantnn

250 2884 314 2953 (siis
335 2884 444 2953 fidens,
467 2888 604 2955 quantum
629 2880 666 2935 ab
684 2877 767 2934 hoste
780 2878 874 2934 timeri
889 2898 938 2935 eos
954 2881 1105 2949 eredebat;
1127 2882 1190 2955 ipse
1208 2880 1307 2935 dextrum

255 3000 257 3006 '
281 3007 370 3048 cornu
392 2989 531 3044 adversus
554 2985 595 3041 M.
619 2983 733 3042 Livium
755 2984 810 3040 sibi
832 2994 919 3058 atque
941 2986 1082 3060 Hispanis
1102 2987 1143 3062 (et
1162 2982 1307 3043 isinana

251 3095 310 3163 τίη
337 3104 437 3151 vetere
464 3090 553 3148 milite
579 3108 658 3165 spem
686 3090 823 3162 habebnt)
852 3091 988 3165 sumpsit3
1022 3092 1146 3166 Ligures
1182 3092 1209 3148 in
1241 3085 1306 3144 medio

281 3209 348 3276 post
379 3197 548 3272 elephantos
577 3195 673 3271 positi.
717 3194 774 3253 Sed
798 3194 911 3270 longior
939 3216 1025 3271 quam
1058 3197 1146 3254 latior
1166 3197 1237 3254 acies
1254 3202 1306 3247 ern:

252 3304 385 3375 sGallos
412 3303 576 3378 prominens
605 3302 685 3360 collis
716 3303 848 3377 tegebat3
885 3321 919 3358 ea
954 3302 1052 3373 irone,
1090 3322 1178 3377 quam
1215 3293 1305 3372 Hispani

224 3415 230 3422 '
281 3412 447 3481 tenebant,
467 3426 531 3465 oum
559 3409 673 3466 sinistro
702 3407 899 3470 Romanorum
929 3426 1018 3465 cornu
1047 3410 1205 3478 concurrit;
1233 3407 1304 3461 dena

281 3517 373 3574 omnis
395 3516 471 3574 acies
496 3522 580 3572 extra
601 3515 731 3589 proelinm
755 3514 881 3572 eminens
903 3515 1051 3583 cessabat3
1088 3515 1169 3572 collis
1190 3509 1303 3587 oppositos

253 3623 416 3692 noscebat,
446 3623 483 3677 ne
505 3629 555 3678 aut
580 3639 598 3676 a
619 3619 714 3678 fronte
738 3630 788 3676 aut
812 3620 849 3676 ab
870 3620 961 3677 latere
982 3621 1212 3695 aggrederentur.
1250 3617 1303 3671 luto

282 3728 397 3784 Livium
434 3727 707 3801 Hasdrubalemque
739 3725 840 3800 ingens
877 3737 1055 3784 contractum
1089 3735 1227 3785 certamen
1256 3731 1302 3775 erat

235 3849 270 3901 10
284 3844 427 3906 atroxque
449 3833 540 3890 oaedes
562 3833 694 3906 utrinque
714 3832 861 3890 edebatur.
908 3832 954 3889 lbi
976 3833 1064 3890 duces
1089 3835 1187 3900 ambo,
1206 3829 1239 3886 ibi
1256 3841 1301 3900 pan

283 3942 376 4006 maior
403 3939 529 4013 peditum
561 3940 745 4012 equitumque
770 3939 985 4006 Romanorum,
1021 3939 1062 3996 ibi
1084 3937 1215 4013 Hispani,
1246 3941 1301 3986 vnn

284 4045 364 4102 miles
388 4043 553 4117 peritusque
575 4044 715 4100 Romana
738 4061 855 4118 pugnae,
878 4055 905 4099 et
927 4044 1060 4116 Ligures,
1079 4045 1175 4101 durum
1197 4043 1221 4098 in
1240 4034 1300 4094 ami*
