2700 4426
424 165 503 214 osser
519 164 621 214 xxvi.
656 163 855 229 (11011111.)
1109 172 1127 228 s

107 344 236 419 legiones
250 362 328 414 suas,
354 364 441 421 quam
456 349 601 423 proderet.
644 349 749 423 Itaque
763 367 832 406 vere
846 349 903 406 dici
917 342 1106 424 possa‘prius
1121 368 1172 408 eoa

106 452 226 527 perisse,
248 469 335 525 quam
356 451 487 508 viderent
501 453 623 525 hostem,
645 473 698 511 ueo
714 456 751 512 ab
767 455 942 525 Hannibale,
963 455 1014 512 sed
1029 455 1067 512 ab
1080 455 1172 530 imps-

107 569 205 615 ratore
220 576 273 614 suo
287 556 380 612 victos
397 574 468 613 esse.
502 557 667 629 Neminem,
693 577 782 633 quum
804 557 974 633 suffragium
993 560 1081 632 ineat,
1103 561 1203 620 satis9

106 680 240 732 cernere,
264 661 310 718 cui
334 660 501 735 imperium,
530 662 576 718 cui
602 663 760 720 exercitum
781 663 937 737 permittat.
984 664 1061 738 Quid
1077 665 1172 738 ¹intor-

106 764 197 831 fuisse
216 764 292 820 inter
304 765 350 822 Ti.
388 765 590 840 Sempronium
614 777 640 824 et
657 767 706 824 Cn.
720 766 869 824 bicinium?
916 767 958 826 Ti.
974 754 1172 844 Sempronium,
1188 777 1224 829 10

108 889 196 946 quum
216 870 248 926 ei
269 888 419 928 servorum
449 872 592 929 exercitus
614 873 706 930 datus
736 881 826 941 esset,
859 873 941 929 brevi
968 870 1098 930 effecisse
1125 873 1172 930 di·

107 975 229 1050 sciplina
251 985 339 1049 atque
360 976 497 1050 imperio,
527 986 559 1033 ut
581 995 666 1034 nemo
700 995 799 1035 eorum
824 977 937 1050 generis
966 995 1001 1034 ac
1022 977 1170 1051 sanguinis
1254 1051 1256 1055 Ι

106 1081 152 1138 sui
176 1098 286 1137 memor
300 1081 329 1137 iu
345 1081 407 1138 acie
421 1090 505 1151 esset,
526 1081 661 1156 praesidio
682 1081 777 1150 sociis,
798 1080 929 1137 hostibus
944 1082 1048 1138 terrori
1062 1091 1171 1151 essentq
1196 1079 1203 1087 ”

107 1185 225 1256 Cumas,
247 1186 445 1242 Beneventum
468 1186 599 1259 aliasque
621 1187 707 1243 urbes
730 1203 780 1242 eos
803 1185 883 1242 velut
902 1203 919 1241 e
939 1184 1072 1242 faucibus
1086 1186 1171 1242 Hane

106 1290 211 1348 nibalis
233 1298 347 1364 ereptas
368 1290 477 1364 populo
497 1290 633 1347 Romano
653 1291 822 1347 restituisse.
869 1289 922 1347 Cn.
946 1289 1081 1346 Fulvium
1098 1289 1171 1364 Qui·
1185 1291 1218 1346 11

106 1395 203 1453 uitium
225 1395 425 1451 Romanorum
448 1393 615 1462 exercitum,
637 1395 759 1450 honeste
779 1394 902 1468 genitos,
924 1394 1081 1451 liberaliter
1099 1395 1169 1451 edu·

107 1491 198 1568 catos,
219 1496 371 1555 servilibus
392 1496 470 1553 vitiis
491 1497 638 1564 imbuisse.
673 1498 763 1572 Ergo
785 1496 928 1567 effecisse,
954 1506 988 1554 ut
1007 1497 1120 1556 feroces
1141 1508 1171 1555 et

106 1603 227 1678 inquieti
255 1603 331 1658 inter
356 1602 467 1670 socios,
498 1601 597 1676 ignavi
624 1612 652 1658 et
679 1601 809 1659 imbelles
839 1603 914 1658 inter
938 1603 1038 1659 hostes
1052 1593 1170 1672 ¹esseut,

106 1725 160 1764 nec
180 1707 318 1782 impetum
331 1707 432 1763 'modo
454 1707 626 1777 Poenorum,
655 1708 765 1764 sedne
787 1708 944 1764 clamorem
967 1705 1084 1779 quidem
1104 1722 1169 1764 sus·

106 1813 197 1868 tinere
211 1796 339 1886 possent.
385 1811 449 1868 Neo
463 1811 579 1868 hercule
594 1811 697 1867 mirum
713 1830 786 1884 esse,
808 1813 920 1868 cessim
934 1810 1038 1867 milites
1052 1811 1081 1866 in
1097 1811 1168 1881 acis,
1185 1812 1220 1867 12

108 1935 195 1991 quum
222 1915 332 1990 primus
363 1916 490 1972 omnium
522 1915 681 1989 imperator
713 1914 840 1990 fugeret3
879 1915 972 1989 magis
1001 1913 1100 1971 mirari
1127 1933 1169 1985 se,
1185 1916 1219 1972 13

108 2021 221 2094 aliquos
253 2017 362 2076 stantes
397 2019 534 2076 cecidisse
567 2028 596 2076 et
631 2037 690 2075 non
719 2037 820 2076 omnes
847 2018 967 2076 comites
995 2016 1049 2076 Cn.
1071 2018 1168 2075 Fulvii

106 2124 328 2199 fuissepavoris
344 2142 378 2179 ao
393 2122 478 2198 fugae.
526 2121 561 2184 C.
582 2123 768 2195 Flaminium,
792 2123 834 2179 L:
849 2122 985 2192 Paulum,
1005 2123 1041 2180 L.
1063 2124 1168 2179 Postu·

106 2227 210 2297 mium,
249 2225 302 2284 Gn.
332 2245 367 2285 ac
395 2227 431 2284 P.
466 2226 617 2301 Scipiones
644 2227 749 2284 cadere
770 2226 799 2282 in
824 2226 887 2283 acie
915 2226 1051 2285 maluisse
1081 2245 1168 2301 quam

107 2333 238 2389 deserere
267 2331 478 2388 circumventos
508 2331 665 2400 exercitus;
706 2329 760 2388 Cu.
795 2331 930 2387 Fulvium
959 2350 1051 2407 prope
1080 2351 1168 2388 unum
1186 2332 1219 2386 tt

105 2436 235 2493 nuntium
268 2435 353 2493 deleti
381 2434 524 2493 exercitus
550 2436 675 2493 Romam
702 2435 822 2491 redisse.
865 2434 992 2492 Facinus
1019 2436 1167 2510 iudignum

105 2559 179 2611 esse,
208 2539 389 2598 Cannensem
412 2539 579 2609 exercitum,
608 2539 687 2613 qnod
710 2557 746 2596 ex
769 2540 831 2596 aoie
851 2538 966 2614 fugerit,
987 2539 1017 2596 iu
1040 2540 1168 2599 Siciliam

105 2646 304 2721 deportatum,
334 2643 472 2716 ueprius
500 2642 568 2698 inde
595 2643 770 2712 dimittatur,
799 2662 885 2716 quem
908 2644 999 2701 hostis
1021 2664 1058 2702 ex
1081 2646 1168 2702 Italia

105 2750 269 2818 decesserit,
298 2757 327 2805 et
347 2749 403 2804 hoc
426 2747 502 2804 idem
523 2745 553 2801 in
574 2744 629 2803 Cn.
651 2745 749 2802 Fulvii
768 2747 931 2821 legionibus
951 2767 1044 2822 nuper
1069 2750 1168 2808 decre·

105 2863 176 2923 tum,
205 2852 259 2911 Cn.
279 2851 385 2910 Fulvio
406 2850 506 2926 fugam
530 2867 566 2906 ex
588 2849 691 2924 proelio
713 2851 804 2925 ipsius
826 2851 987 2909 temeritate
1011 2854 1166 2912 commisso
1185 2859 1219 2911 15

105 2957 277 3032 impunitam
305 2974 383 3027 esse,
415 2964 443 3012 et
470 2973 536 3012 eum
565 2954 594 3010 iu
622 2973 718 3029 geues
745 2955 915 3030 lustrisque,
944 2957 994 3013 ubi
1019 2957 1166 3015 inventam

104 3061 210 3134 egerit,
244 3071 419 3119 senectutem
441 3069 587 3130 acturum,
616 3060 735 3129 milites,
765 3060 814 3132 qui
837 3060 908 3117 nihil
929 3060 1007 3117 aliud
1028 3080 1167 3136 peccave·
1183 3059 1219 3114 16

105 3163 176 3233 rint,
207 3183 292 3238 quam
317 3167 395 3239 quod
416 3164 600 3239 imperatoris
622 3163 729 3220 similes
756 3163 877 3234 fiierint,
909 3166 1061 3239 relegatos‘
1074 3187 1168 3243 prope

105 3268 135 3324 in
156 3269 289 3324 exsilium
311 3268 533 3342 ignominiosam
556 3267 618 3342 pati
639 3267 784 3349 militiam3
817 3269 890 3326 adeo
918 3270 1059 3344 imparem
1080 3271 1167 3328 liber·

105 3381 194 3428 tatem
217 3373 319 3429 Romae
340 3372 392 3428 diti
413 3390 448 3428 ac
473 3372 604 3446 pauperi,
625 3373 769 3429 honorato
792 3383 879 3447 atquc
900 3374 1074 3431 inhonorato
1094 3393 1166 3433 esse.

106 3476 185 3532 Reus
207 3475 245 3530 ab
266 3493 298 3531 se
320 3476 434 3549 culpam
455 3475 485 3531 in
507 3475 611 3532 milites
632 3475 840 3533 transferebat:
863 3495 913 3534 eos
936 3476 1072 3535 ferociter
1092 3497 1165 3554 png·
1240 3473 1262 3540 3

106 3573 175 3634 nam
202 3589 354 3653 poscentes
374 3580 534 3652 productos
560 3580 591 3636 in
621 3579 728 3650 aciem,
757 3599 815 3636 nou
844 3599 894 3651 eo,
925 3599 983 3654 quo
1013 3581 1166 3654 voluerint,

107 3681 176 3755 quia
197 3700 292 3740 serum
316 3681 372 3738 diei
393 3681 494 3752 fuerit,
528 3683 579 3739 sed
600 3692 719 3759 postero
746 3677 807 3752 die,
840 3680 874 3740 et¹
895 3693 1026 3758 tempore
1052 3695 1081 3741 et
1103 3686 1168 3743 loco

106 3802 190 3858 oequo
212 3786 377 3854 instructos,
401 3803 452 3842 seu
473 3785 584 3843 famam
608 3804 659 3844 seu
683 3787 749 3844 vim·
764 3786 890 3844 hostium
912 3806 969 3844 non
991 3789 1169 3854 sustinuisse

904 3994 970 4043 t*
