2748 4556
331 231 389 288 1110
593 225 787 282 unnmx.
823 227 949 292 (mcc.
962 229 1037 291 cto.)

256 411 361 469 iiorte
385 410 490 486 Sergio
511 419 541 468 et
561 411 692 469 Matieno
712 411 836 469 tribunis
857 411 979 470 militum
1000 410 1069 480 lcit;
1086 412 1127 469 cui
1143 429 1236 486 qnnm
1255 411 1325 467 iussn

286 517 467 574 tribunorum
490 517 656 593 ademptum
677 516 815 592 poculum
837 521 922 587 esset,
943 516 1067 591 iurgium
1087 517 1145 574 iude
1162 525 1194 572 et
1216 515 1328 578 clamor,

286 639 386 697 pugne
405 630 554 697 postremo
577 631 642 680 crte
661 622 738 680 inter
758 620 892 680 Pleminii
914 621 1020 678 milites
1041 621 1284 694 tribunorumque,
1302 631 1329 675 ut

286 727 347 786 tuis
378 727 501 802 quisquo
540 736 721 802 opportunus
760 727 938 797 advenerat,
979 725 1150 783 multitudine
1181 725 1274 782 dmul
1302 743 1350 802 acl

256 833 274 888 4
287 831 410 889 tumultu
430 839 585 888 nascente.
634 831 712 890 Victi
726 830 861 890 Pleminii
876 829 981 888 milites
1002 847 1089 904 quum
1104 831 1139 888 ad
1153 829 1332 896 Pleminium,
1349 805 1350 840 ¹

287 951 419 994 cruorem
441 953 476 994 ac
496 935 617 994 vnlnere
639 945 832 1008 ostentantes,
868 953 927 993 non
947 937 1010 993 sice
1031 934 1232 994 vociferatione
1253 943 1333 1007 atque

285 1039 484 1115 indignatione
512 1041 742 1112 concurrissent,
778 1042 888 1116 probra
916 1041 948 1097 iu
975 1059 1044 1098 eum
1070 1041 1158 1117 ipsum
1177 1039 1332 1096 iectatain

285 1143 386 1219 iurgiis
407 1143 580 1217 referentes,
613 1163 751 1205 accentus
771 1146 818 1204 ira
838 1146 926 1203 domo
951 1163 1015 1204 sese
1037 1145 1181 1222 proripuit,
1200 1154 1332 1202 vocatos·

255 1253 342 1324 itque
372 1250 503 1307 tribunos
529 1250 633 1308 nudari
663 1269 698 1310 ac
725 1251 824 1326 virgas
846 1251 977 1327 expediri
1003 1249 1092 1310 iubet.
1141 1251 1218 1308 Dum
1253 1247 1333 1324 spoli·

285 1355 369 1412 audis
396 1353 432 1412 iis
462 1353 678 1431 (repugnabant
706 1357 782 1414 enim
814 1356 996 1431 militumque
1019 1357 1107 1431 fldem
1135 1355 1334 1430 implorabant>

285 1468 399 1535 tempus
437 1459 557 1532 teritur,
592 1471 711 1537 repente
746 1461 851 1519 milites
886 1459 999 1520 feroces
1026 1462 1134 1519 recenti
1154 1459 1279 1516 victorie
1305 1477 1334 1514 ex

285 1563 419 1621 omnibus
447 1564 538 1635 locis,
569 1566 650 1624 velut
677 1567 818 1624 adversus
847 1567 946 1623 hostes
971 1566 1009 1624 sd
1031 1585 1115 1624 armo
1135 1563 1336 1622 conclamatum

255 1666 379 1740 desset,
410 1678 633 1741 concurrerunt,
663 1682 692 1729 et
713 1689 802 1746 quum
824 1671 936 1728 violate
957 1672 1015 1729 iam
1038 1671 1129 1747 virgis
1149 1687 1274 1743 corpora
1293 1670 1335 1725 tn‘·

285 1774 428 1831 hunorum
451 1773 607 1843 vidissent,
638 1784 698 1832 tum
721 1793 791 1833 vero
818 1775 847 1832 in
880 1776 971 1834 multo
992 1775 1222 1851 impotentiorem
1246 1773 1335 1829 subito

284 1878 395 1936 rabiem
418 1880 546 1950 accensi,
575 1880 637 1938 sine
658 1889 790 1956 respectu
812 1899 869 1937 non
892 1879 1051 1937 maiestatis
1067 1881 1163 1948 modo,
1183 1878 1234 1935 sed
1256 1851 1351 1934 eden*

283 1985 487 2055 humanitatis,
519 1985 549 2041 in
581 1984 709 2059 legatum
732 1985 889 2061 impetum,
924 1983 1074 2041 lictoribus
1095 1985 1176 2058 prius
1195 1984 1335 2058 indIgnun

256 2090 314 2148 liu
332 2091 450 2148 modum
473 2089 617 2160 mulcatis,
636 2089 757 2149 facium.
805 2089 883 2147 Tum
902 2089 998 2164 ipsum
1014 2091 1053 2146 ab
1075 2088 1135 2146 suia
1156 2089 1334 2164 interceptum

286 2205 315 2252 et
336 2196 478 2253 seclusum
499 2195 644 2254 hostiliter
662 2196 793 2253 lacerant
814 2202 843 2251 et
862 2212 954 2269 prope
968 2211 1157 2268 exsanguem,
1179 2213 1252 2251 naso
1268 2194 1335 2250 auri·

255 2295 398 2374 8busqne
421 2299 568 2369 mutilatis,
591 2300 764 2374 relinqmtnt.
808 2300 864 2357 His
885 2299 1053 2358 Messanam
1075 2299 1224 2370 condetis,
1249 2299 1335 2373 Scipio

190 2475 203 2496 .
285 2411 352 2479 post
386 2423 497 2479 paucos
529 2405 591 2462 dies
629 2406 740 2463 Locros
771 2407 880 2463 hexere
913 2403 1069 2475 advectus,
1103 2422 1192 2478 quum
1230 2421 1334 2462 cauum

286 2508 420 2566 Pleminii
442 2520 470 2568 et
491 2510 672 2567 tribunorum
694 2509 832 2581 audisset,
854 2507 997 2568 Pleminio
1022 2527 1105 2566 noxe
1125 2509 1249 2566 liberato
1265 2509 1334 2565 relic·

286 2623 375 2688 toque
395 2615 425 2671 in
447 2615 573 2672 eiusdem
596 2614 653 2672 loci
677 2613 828 2691 presidio,
863 2613 987 2672 tribunis
1008 2615 1142 2672 seems
1162 2613 1334 2672 iudicatiset

284 2717 314 2774 in
341 2717 437 2776 vincla
465 2718 617 2789 coniectis,
645 2729 678 2777 ut
699 2721 826 2778 Renum
848 2719 1037 2777 adsecutum
1057 2719 1251 2791 mitterentur,
1271 2721 1333 2777 tte

254 2821 387 2882 bosnam
409 2831 497 2898 atque
517 2823 584 2880 iude
606 2824 769 2899 Syracusas
792 2823 887 2884 rediit.
933 2823 1094 2881 Pleminius
1122 2824 1270 2900 impotens
1288 2825 1352 2885 pm}

284 2927 445 3002 neglectam
475 2929 514 2986 ab
535 2928 673 3004 Scipione
698 2937 728 2985 et
751 2928 837 2986 nimis
863 2927 966 2986 leviter
993 2929 1084 2987 latam
1106 2947 1191 2986 scam
1212 2929 1332 2987 iniuriam

283 3041 381 3102 ratus,
413 3049 467 3089 nec
495 3051 670 3107 quemquam
700 3033 844 3091 oestimcre
866 3033 954 3092 olium
976 3052 1041 3091 eam
1063 3033 1143 3092 litem
1161 3052 1267 3109 posse,
1295 3035 1334 3088 nii

237 3135 334 3210 loqui
351 3139 522 3194 antomon
550 3138 611 3195 eius
631 3137 769 3212 patiendo
791 3139 941 3208 sensisset,
971 3138 1105 3197 tribunos
1127 3139 1237 3197 atunbi
1259 3139 1293 3195 ed
1311 3155 1332 3193 se

283 3242 383 3312 iussit,
415 3242 617 3317 laceratosque
648 3243 800 3313 omnibus,
834 3260 898 3318 quae
917 3243 978 3318 pati
1000 3261 1106 3319 corpus
1128 3244 1219 3302 ullum
1242 3254 1331 3320 poten

284 3347 426 3422 supplicia
461 3346 621 3418 interiecit,
656 3359 709 3404 nec
741 3347 863 3405 cerintus
891 3347 1025 3406 vivorum
1061 3367 1150 3423 poena
1187 3350 1330 3426 insepultos

235 3450 268 3505 ll
284 3452 413 3527 proiecit.
459 3452 553 3512 Simili
586 3449 755 3510 crudelitate
786 3462 815 3510 et
846 3452 877 3510 in
907 3452 1097 3510 Locrensium
1128 3454 1275 3531 principes
1299 3469 1330 3512 cn

283 3573 369 3628 usus,
404 3575 479 3632 quos
508 3557 546 3615 ad
573 3557 791 3633 conquerendas
821 3557 940 3614 iniurius
969 3557 1007 3614 ad
1028 3559 1065 3619 P.
1087 3558 1256 3634 Scipionem
1277 3577 1330 3635 pre

234 3659 270 3714 12
284 3660 376 3719 lectos
404 3663 533 3732 -sudivit3
569 3671 598 3718 ot
625 3681 690 3736 quae
716 3670 802 3718 antee
828 3679 882 3737 per
906 3659 1055 3720 libidinem
1077 3673 1168 3739 atque
1192 3665 1329 3722 avaritiam

283 3763 363 3822 loedo
401 3767 536 3842 exempla
567 3765 598 3821 in
633 3765 729 3823 socios
759 3765 907 3835 ediderat,
939 3775 1008 3824 tunc
1040 3769 1078 3824 eb
1105 3769 1152 3826 ira
1179 3768 1329 3845 multiplicia

284 3871 387 3940 edere,
409 3870 536 3928 insumite
556 3880 645 3946 atque
665 3870 782 3930 invidie
802 3889 860 3928 non
882 3871 936 3929 sibi
951 3871 1049 3943 modo,
1071 3873 1124 3930 sed
1146 3874 1236 3932 etiem
1257 3875 1328 3948 impa-

283 3976 374 4034 ratori
394 3993 467 4034 esse.
