2704 4552
299 217 338 272 92
569 211 648 261 Liber
664 211 752 264 XXII.
790 212 839 274 (A.
851 225 878 263 u.
891 225 915 262 c.
931 211 1005 273 538.)

162 392 205 461 87
340 398 401 455 Per
423 395 540 454 eosdem
569 395 630 452 dies
656 397 695 453 ab
722 395 852 453 Hierone
879 394 981 453 classis
1008 393 1094 453 Ostia
1129 415 1203 454 cum
1227 411 1335 468 magno¹

226 503 421 562 lccmmeatu
443 501 575 559 accessit.
620 501 724 575 Legati
751 500 782 556 iu
805 509 939 558 senatum
966 500 1125 558 introducti
1149 500 1335 569 nuntiaretur

258 609 364 669 cuidem
394 605 428 665 C.
451 605 587 664 Flaminii
616 605 742 663 consulis
771 606 972 680 exercitusque
1001 605 1121 664 allatam
1154 607 1236 664 adeo
1257 613 1335 678 egre?

258 715 358 773 tulisse
389 730 488 788 regem
516 711 690 782 Hieronem,
722 719 757 768 ut
784 711 864 768 nulla
891 729 946 772 sua
971 712 1092 786 propria
1120 711 1268 786 regnique
1285 710 1335 768 sui¹

229 817 342 879 3clade
363 815 476 876 moveri
497 815 591 891 magis
611 814 748 891 potuerit.
795 816 915 890 Itaque,
938 834 1107 891 quanquam
1129 817 1231 891 probe
1251 815 1334 884 sciet,

259 922 485 1000 magnitudinem
514 920 616 997 populi
644 920 770 980 Romani
798 921 1044 980 admirabiliorem
1073 941 1171 997 prope
1202 921 1318 979 adversis

229 1031 346 1089 drebus
368 1047 455 1104 quam
485 1025 619 1084 secundis
641 1045 719 1096 esse,
748 1035 846 1084 tantm
870 1045 902 1084 se
917 1018 1042 1098 omnia,
1072 1028 1181 1102 quibus
1205 1048 1226 1086 a
1247 1025 1316 1084 bonis

259 1134 450 1207 fidelibusque
471 1131 557 1190 sociis
578 1130 656 1190 bella
677 1131 772 1189 iuvari
792 1132 919 1203 soleant,
943 1133 1070 1202 misisse3
1102 1151 1169 1206 quar
1192 1151 1231 1189 ne
1254 1131 1316 1187 acci·

230 1241 329 1316 bpere
348 1240 486 1308 abnuant,
510 1255 616 1311 magno
634 1255 723 1311 opere
745 1255 776 1294 se
797 1246 895 1312 patres
914 1237 1094 1312 conscriptos
1118 1255 1235 1324 orare..
1263 1238 1314 1294 Ian

260 1345 387 1403 omniurn
409 1343 535 1417 primum
569 1339 673 1397 ominis
701 1361 790 1400 causa
816 1343 980 1400 Victoriam
1003 1362 1121 1401 auream
1152 1347 1255 1419 pondo
1276 1345 1315 1400 du·

260 1460 374 1509 centum
396 1465 431 1504 ao
453 1447 556 1521 viginti
583 1443 688 1503 efferre
710 1465 783 1507 sese.
832 1427 1008 1524 Accipereut
1040 1468 1105 1506 eam
1139 1459 1314 1524 tenerentque

230 1556 289 1611 det
320 1554 461 1611 haberent
492 1551 640 1627 propriam
675 1560 704 1608 et
734 1562 916 1627 perpetuam.
965 1555 1132 1612 Advexisse
1160 1556 1249 1612 etiem
1271 1563 1314 1610 tre

261 1667 344 1716 centa
366 1655 456 1712 millia
486 1656 613 1714 modium
643 1655 745 1726 tritici,
777 1658 902 1716 ducenta
932 1660 1050 1730 hordei,
1077 1679 1115 1716 ne
1148 1669 1314 1718 commeatus

260 1766 401 1834 deessent,
426 1772 455 1820 at
476 1771 615 1836 quantum
636 1769 778 1836 praeterea
800 1781 872 1838 opus
891 1774 975 1836 esset,
998 1784 1056 1840 quo
1075 1765 1239 1835 iussissent,
1261 1763 1314 1819 sub-

136 1845 185 1984 Υ
231 1871 403 1928 7veoturos.
451 1867 545 1924 Milite
574 1874 663 1940 atque
694 1869 791 1942 equite
823 1870 897 1927 scire
923 1871 979 1928 nisi
1006 1872 1142 1928 Romano
1172 1869 1313 1942 Latinique

149 1973 151 1981 '
260 1977 385 2034 nominis
406 1995 465 2032 uon
487 1973 529 2030 uti
549 1972 689 2048 populum
711 1974 891 2044 Romanum3
919 1975 1025 2032 levium
1047 1993 1197 2033 armorum
1222 1972 1315 2031 auxilia

232 2080 350 2139 setiam
383 2090 503 2136 externa
536 2077 645 2133 vidisse
677 2077 706 2132 in
738 2079 841 2137 castris
872 2078 1025 2137 Romanis.
1077 2081 1185 2155 Itaque
1217 2078 1313 2136 misisse

263 2187 340 2244 mille
374 2185 590 2259 sagittariorum
625 2201 661 2240 uc
690 2183 878 2252 funditorum,
910 2193 1011 2260 aptam
1039 2203 1157 2242 manum
1188 2185 1312 2241 adversus

262 2291 396 2348 Baliares
426 2307 461 2345 ac
492 2290 614 2346 Mauros
649 2306 854 2364 pugnacesque
888 2290 961 2347 alias
994 2288 1095 2346 missili
1128 2289 1186 2346 telo
1219 2298 1311 2364 gentes

233 2397 313 2456 9Ad
336 2414 371 2452 ea
392 2395 471 2450 dona
494 2395 645 2453 consilium
667 2413 784 2468 quoque
806 2395 967 2464 addebant,
990 2403 1022 2451 ut
1046 2401 1170 2469 praetor,
1192 2394 1238 2451 cui
1257 2409 1310 2467 pro·

262 2501 359 2558 vincia
380 2498 480 2558 Sicilia
510 2500 666 2570 evenisset,
696 2499 817 2556 classem
845 2499 875 2555 in
902 2499 1035 2558 Africam
1064 2499 1221 2570 traiicerct,
1246 2507 1275 2554 ut
1292 2505 1310 2550 et

262 2608 360 2663 hostes
382 2605 411 2661 iu
433 2613 512 2662 terra
533 2623 587 2662 sua
608 2605 714 2661 bellum
737 2605 887 2673 haberent,
919 2605 1071 2679 minusque
1091 2603 1253 2661 laxamenti
1271 2602 1310 2657 dn·

214 2716 342 2769 iuretur
368 2711 404 2768 iis
428 2710 465 2767 ad
497 2710 608 2767 auxilia
629 2709 790 2767 Hannibali
818 2710 1031 2769 summittenda.
1078 2712 1128 2768 Ab
1156 2718 1257 2766 senatu
1281 2706 1311 2761 ita

262 2833 433 2891 responsum
456 2816 518 2890 regi
541 2827 601 2884 est,
628 2816 723 2872 virum
752 2817 858 2872 bonum
888 2815 1094 2890 egregiumque
1119 2816 1229 2872 socium
1251 2811 1311 2870 Hie·

262 2941 362 2978 nonem
394 2938 458 2978 essa
490 2932 577 2994 atque
599 2939 657 2977 uno
678 2931 793 2998 tenore,
824 2939 861 2976 ex
894 2939 952 2994 quo
977 2921 1007 2976 in
1037 2919 1197 2978 amicitiam
1225 2915 1311 2994 populi

262 3027 388 3086 Romani
409 3025 535 3095 venerit,
561 3025 647 3082 fidem
677 3025 800 3083 coluisse
829 3044 864 3082 ac
885 3043 947 3082 rem
969 3026 1134 3082 Romanam
1153 3024 1231 3081 omni
1252 3033 1310 3079 tem·

262 3148 333 3205 pore
366 3148 401 3186 ac
432 3130 497 3186 loco
531 3130 663 3187 munifice
699 3131 855 3190 adiuvisse.
909 3131 945 3188 Id
978 3131 1107 3206 perinde,
1141 3149 1177 3208 qe
1199 3131 1310 3186 deberet.

214 3241 244 3294 ll
261 3244 377 3310 gratum
405 3234 514 3308 populo
538 3236 673 3292 Romano
701 3254 773 3296 esse.
820 3238 934 3294 Aurum
962 3244 992 3292 et
1020 3255 1039 3293 a
1066 3234 1232 3293 civitatibus
1260 3231 1310 3307 qui·

262 3340 385 3396 busdam
409 3339 544 3410 allatum,
570 3339 666 3414 gratia
693 3342 736 3398 rei
766 3350 899 3416 accepta,
928 3359 988 3396 non
1018 3340 1166 3414 accepisse
1188 3337 1308 3416 populum

213 3449 249 3506 12
263 3448 442 3526 Romanum,
464 3444 626 3502 Victoriam
649 3465 792 3520 omenque
814 3446 954 3520 accipere,
975 3445 1133 3518 sedemque
1152 3444 1179 3502 ei
1201 3442 1309 3502 sedive

262 3551 333 3606 (lare
360 3549 457 3606 dicare
484 3535 676 3625 Capitolium,
706 3551 844 3626 templum
875 3550 955 3608 Iovis
987 3550 1088 3625 optimi
1114 3550 1244 3609 maximi.
1283 3547 1308 3602 lu

263 3673 298 3711 ea
320 3672 387 3712 erce
409 3655 488 3713 urbis
512 3658 654 3714 Romanae
675 3668 820 3714 sacratam
843 3656 988 3714 volentem
1017 3655 1247 3730 propitiumque,
1273 3654 1307 3709 fir-

215 3767 341 3822 131nam
364 3778 399 3816 ac
420 3762 553 3818 stabilem
582 3761 646 3818 fore
675 3762 785 3837 populo
808 3763 955 3819 Romano.
1002 3760 1180 3818 Funditores
1207 3760 1306 3836 sagitta·

262 3865 355 3939 riique
383 3875 412 3923 et
432 3866 606 3924 frumentum
638 3867 776 3923 traditum
804 3866 979 3934 consulibus.
1029 3865 1256 3940 Quinqueremes
1280 3858 1305 3918 ad

262 3980 366 4026 centum
389 3973 487 4042 viginti
513 3971 632 4027 navium
663 3971 801 4040 classem,
842 3989 906 4044 quae
934 3989 999 4027 cum
1029 3971 1067 4026 T.
1098 3969 1226 4028 Otacilio
1253 3985 1305 4044 pro·
