2748 4556
269 253 328 308 2³8
542 249 621 298 urse
632 247 721 300 xxx.
758 249 847 310 (au.
861 263 884 301 s.
898 248 973 308 aar.)

228 451 286 508 quo
315 432 362 490 die
386 441 502 510 captam
525 432 637 488 hostem
663 432 797 500 vidisset,
829 433 930 490 eodem
955 432 1149 490 matrimonio
1174 435 1299 490 iunctam

227 538 371 614 acciperet
397 548 426 594 st
459 537 496 594 ed
520 545 640 611 penates
662 537 755 594 hostis
776 537 820 593 sui
842 538 971 612 nuptiale
992 555 1114 594 sacrum
1138 539 1301 595 conficeret.

197 637 274 702 3Εο
296 642 420 700 foediore
441 644 502 700 hoee
523 641 697 699 videbantur
717 641 856 717 Scipioni,
877 642 956 716 quod
977 642 1075 716 ipsum
1100 641 1131 698 in
1156 641 1302 716 Hispanis

229 748 360 806 iuvenem
388 745 493 802 nullius
524 745 621 802 forma
641 746 795 822 pepulerat
816 748 948 823 eaptivae.
994 747 1071 803 Haec
1093 765 1197 804 secum
1223 747 1301 802 volu·

229 852 302 908 tenti
326 851 430 908 Laelins
452 869 487 907 ac
510 851 668 908 Masinissa
690 861 925 926 supervenerunt.
961 851 1056 934 ‘Quos
1080 870 1174 925 quum
1196 853 1304 928 pariter

229 958 316 1014 ambo
338 966 366 1013 st
387 955 513 1029 benigno
534 955 615 1012 vultu
634 957 795 1031 excepisset
811 967 839 1013 et
856 956 980 1031 egregiis
993 955 1137 1013 laudibus
1157 956 1302 1032 frequenti

198 1058 364 1138 tproetorio
397 1061 587 1130 celebrasset,
616 1061 771 1119 abductum
805 1063 833 1118 iu
863 1073 1004 1118 secretum
1033 1061 1232 1118 Masinissam
1265 1061 1303 1116 sio

230 1168 401 1242 alloquitur:
442 1165 571 1239 „Aliqua
601 1175 628 1221 te
650 1167 801 1236 existimo,
823 1167 994 1236 Masinissa,
1014 1165 1180 1255 intuentem
1205 1166 1237 1222 iu
1260 1184 1302 1222 me

230 1277 308 1332 bona
326 1283 354 1330 et
375 1270 516 1347 principio
538 1271 568 1326 in
590 1271 736 1346 Hispanis
757 1272 794 1328 ed
815 1272 990 1346 iungendam
1006 1289 1122 1329 mecum
1142 1271 1301 1328 amicitiam

229 1380 343 1435 venisse
375 1387 403 1434 et
440 1385 542 1452 postea
578 1377 608 1434 iu
637 1375 742 1434 Africa
769 1387 797 1434 te
826 1377 921 1451 ipsum
951 1395 1078 1450 spesque
1109 1394 1216 1432 omnes
1238 1385 1302 1432 tuas

201 1483 257 1540 bin
290 1484 375 1540 tidem
409 1501 502 1539 meam
538 1481 727 1538 commisisse.
772 1480 866 1554 Atqui
893 1481 972 1537 nulla
993 1499 1096 1538 aarum
1118 1481 1217 1538 virtus
1252 1491 1301 1544 est,

229 1599 349 1664 propter
381 1604 455 1660 quas
481 1587 532 1644 tibi
560 1587 739 1662 appetendus
766 1586 845 1642 visus
875 1587 948 1657 sim,
983 1606 1043 1660 qua
1071 1603 1129 1660 ego
1162 1605 1248 1660 aeque
1270 1605 1302 1642 ac

200 1693 423 1768 btemperantia
450 1702 478 1748 et
505 1692 682 1750 continentia
709 1691 859 1748 libidinum
880 1690 1022 1764 gloriatus
1044 1690 1165 1752 fuerim.
1217 1695 1301 1750 Hanc

231 1811 260 1856 te
284 1816 399 1872 quoque
422 1797 460 1853 ad
482 1809 593 1854 ceteras
616 1807 681 1854 tuas
704 1795 826 1853 eximias
849 1796 986 1865 virtutes,
1013 1796 1193 1868 Masinissa,
1222 1799 1300 1854 edis·

232 1905 305 1963 cisse
326 1904 422 1961 velim.
469 1903 538 1960 Nou
561 1913 623 1974 est,
655 1921 714 1959 nou
743 1901 827 1974 (mihi
848 1901 947 1975 crede)
968 1909 1081 1958 tantum
1106 1903 1145 1959 ab
1168 1903 1301 1959 hostibus

233 2007 352 2067 minatis
376 2009 453 2066 etati
473 2019 580 2066 nostrae
601 2009 769 2085 periculum,
792 2015 931 2081 quantum
953 2007 991 2063 ab
1013 2007 1198 2064 circumfusis
1219 2008 1301 2065 undi-

202 2113 217 2166 7
233 2133 289 2189 que
310 2115 517 2190 voluptatibus.
565 2114 622 2187 Qui
642 2132 692 2171 eas
710 2112 904 2189 temperantia
919 2130 973 2169 sua
986 2111 1115 2169 insuevit
1130 2131 1167 2169 ac
1179 2113 1299 2176 domuit,

233 2220 322 2276 multo
346 2219 438 2275 maius
462 2218 549 2276 decus
572 2219 770 2292 maioremque
792 2217 944 2274 victoriam
972 2217 1027 2274 sibi
1048 2218 1190 2293 peperit,
1212 2237 1297 2292 quam

201 2322 285 2380 8uos
315 2323 450 2398 Syphace
476 2325 555 2382 victo
582 2326 734 2386 hebemus.
787 2323 859 2396 Quae
894 2340 940 2378 me
968 2323 1088 2378 absente
1118 2333 1238 2380 strenue
1266 2340 1298 2378 ao

232 2429 346 2486 fortiter
371 2427 480 2496 fecisti,
501 2429 624 2486 libenter
645 2438 674 2486 et
695 2428 921 2486 commemoravi
943 2439 972 2484 et
997 2429 1131 2496 memiui;
1152 2439 1253 2486 cetere
1272 2439 1298 2483 te

231 2534 326 2609 ipsum
355 2543 491 2608 reputare
522 2543 615 2591 tecum
651 2553 737 2608 quam
777 2552 824 2590 me
856 2532 968 2590 dicente
1004 2535 1177 2589 erubescere
1210 2533 1297 2589 malo.

203 2635 356 2714 9Syphax
379 2641 480 2714 populi
497 2641 624 2698 Romani
649 2639 786 2714 auspiciis
807 2639 901 2695 vietus
923 2646 1084 2712 captusque
1105 2647 1159 2695 est.
1195 2640 1297 2714 Itaque

233 2745 310 2819 ipse,
331 2743 454 2814 ooniux,
487 2763 627 2820 regnum,
658 2763 744 2818 eger,
766 2744 892 2828 oppida,
916 2743 1066 2812 homines,
1088 2743 1139 2818 qui
1160 2745 1297 2810 incolunt,

186 2847 220 2901 l0
236 2850 372 2925 quiequid
395 2851 520 2924 denique
543 2849 685 2926 Syphacis
707 2849 770 2919 fuit,
793 2849 893 2925 praeda
914 2846 1014 2923 populi
1036 2848 1164 2905 Romani
1187 2858 1251 2918 est,
1272 2857 1298 2905 et

235 2973 332 3030 regem
361 2955 572 3029 coniugemque
601 2954 679 3024 eius,
713 2955 825 3013 etiamsi
855 2973 912 3010 uon
945 2953 1016 3010 civis
1049 2951 1297 3028 Carthaginiensis

236 3069 320 3130 esset,
343 3059 455 3117 edumei
477 3078 535 3116 uon
550 3069 663 3134 petrem
680 3059 742 3116 eius
760 3058 965 3134 imperatorem
984 3058 1110 3114 hostium
1125 3058 1297 3122 videremus,

235 3168 359 3224 Romam
384 3175 532 3240 oporteret
553 3164 645 3233 mitti,
675 3181 710 3220 ec
741 3173 859 3220 senatus
883 3163 1041 3239 populique
1061 3163 1189 3220 Romani
1210 3164 1247 3220 de
1266 3181 1299 3220 ea

235 3271 371 3329 iudicium
395 3278 482 3343 atque
504 3269 654 3327 arbitrium
677 3287 755 3339 esse,
782 3287 846 3343 quae
867 3286 965 3343 regem
988 3268 1098 3324 socium
1123 3268 1211 3327 nobis
1233 3271 1298 3326 alie·

187 3377 218 3430 ll
236 3393 321 3434 nasse
360 3386 448 3450 atque
490 3373 519 3430 iu
562 3391 645 3430 arma
685 3373 778 3448 egisse
813 3373 991 3449 precipitem
1025 3373 1148 3433 dicetur.
1208 3375 1297 3431 Vince

237 3483 379 3551 animum3
423 3498 495 3538 eave
536 3477 681 3535 deformes
717 3478 808 3534 mults
846 3480 925 3535 bons
970 3497 1028 3535 uno
1075 3478 1149 3536 vitio
1191 3490 1223 3536 et
1260 3491 1297 3536 tot

238 3585 403 3642 meritorum
426 3585 550 3660 gratiam
574 3584 685 3640 maiore
708 3583 803 3658 culpa,
825 3602 913 3657 quem
938 3601 1028 3640 cause
1049 3583 1143 3658 culpes
1162 3594 1216 3655 est,
1238 3603 1299 3641 cor·

237 3693 384 3763 rumpas.“

143 3781 184 3850 15
321 3792 483 3849 Masinissa
514 3794 575 3850 haee
603 3792 732 3850 audienti
755 3812 813 3850 non
842 3795 933 3850 rubor
955 3793 1048 3850 solunt
1071 3793 1216 3861 suffusus,
1251 3793 1296 3850 sed

238 3897 365 3954 laerimae
397 3898 484 3954 etiam
526 3899 653 3965 obortae;
689 3907 718 3954 et
754 3917 843 3971 quum
882 3917 914 3955 se
945 3898 1061 3973 quidem
1092 3899 1124 3956 in
1157 3908 1296 3975 potestate

238 3999 366 4056 futurum
395 4000 578 4074 imperatoris
614 4001 734 4057 dixisset
766 4010 936 4075 orassetque
964 4021 1045 4068 eum,
1078 4014 1126 4072 ut,
1163 4015 1295 4078 quantun
