2748 4556
307 255 367 311 216
574 249 653 300 Liber
669 248 769 300 XXIX.
813 250 857 313 (Δ.
872 263 896 298 u.
913 265 935 301 c.
949 249 1023 312 tto.)

265 443 421 509 conspectu
456 433 583 492 hostium
625 433 654 490 in
693 432 887 508 praerapidum
919 433 1064 508 gurgitem
1099 431 1231 499 hamtu,
1259 431 1318 505 ipse,

265 540 374 616 perisse
396 539 537 608 creditus,
562 557 597 596 ac
621 538 679 595 duo
701 537 805 612 reliqui
829 539 939 612 equites
961 555 1027 595 cum
1054 557 1090 595 eo
1111 537 1191 594 inter
1211 536 1321 611 virgulta

265 645 410 702 ulterioris
432 645 502 720 ripa
527 651 713 700 emerserunt
766 643 797 700 Is
818 642 884 700 finis
905 643 1014 700 Bucari
1036 642 1181 718 sequendi
1200 640 1261 710 fuir,
1280 659 1321 696 nec

266 750 377 826 ingredi
398 751 504 808 flumen
528 767 600 806 auso
633 767 686 806 nec
707 749 816 806 habore
839 749 966 806 credenti
987 749 1107 819 seiam,
1129 765 1219 822 quem
1236 764 1321 820 seqtm

217 862 354 916 teretur.
411 853 484 910 Inde
518 871 611 912 vanus
648 863 751 912 auctor
787 854 933 928 absumpti
970 854 1134 912 Masinissae
1171 852 1210 908 ad
1241 869 1321 925 regent

245 958 251 970 “
266 959 358 1028 rediit,
377 959 523 1032 missique,
539 959 588 1033 qui
600 957 806 1033 Carthaginem
819 958 958 1033 gaudium
970 959 1072 1034 ingens
1085 959 1269 1025 nuntiarent;
1288 967 1322 1012 to·

267 1075 354 1138 taque
362 1062 468 1122 Africa
478 1064 559 1122 fama
571 1064 672 1122 mortis
683 1063 846 1120 Masinissa
858 1061 997 1140 [replete]
1010 1064 1092 1122 varie
1104 1063 1223 1120 manos
1234 1059 1320 1118 affecit

217 1175 250 1229 ll
350 1169 508 1228 Masinissa
530 1169 559 1226 in
582 1169 722 1244 spelunca
743 1169 858 1226 occulta
889 1187 977 1242 quum
1010 1169 1109 1226 herbis
1138 1177 1257 1226 curaret
1275 1166 1322 1222 ml·

220 1279 253 1334 12
268 1292 341 1344 nus,
378 1274 500 1331 duorum
525 1274 653 1348 equitum
676 1274 830 1330 latrocinio
853 1293 905 1349 per
928 1273 989 1330 dies
1011 1273 1125 1348 aliquot
1146 1275 1233 1332 vixit.
1279 1269 1322 1330 lbi

267 1380 392 1454 primurn
417 1379 506 1436 ducta
528 1379 650 1436 cicatrix
672 1378 793 1452 patique
814 1397 901 1454 posse
915 1380 980 1436 visa
993 1379 1196 1448 iactationem,
1219 1377 1323 1435 andacia

267 1484 376 1558 ingenti
398 1485 494 1559 pergit
514 1485 556 1542 ire
579 1484 616 1541 ad
638 1501 759 1558 regnum
781 1484 983 1558 repetendum
1003 1492 1092 1558 atque
1112 1485 1144 1540 in
1158 1486 1227 1560 ipso
1240 1483 1321 1540 itinere

219 1593 253 1648 13
267 1590 346 1648 ltaud
370 1588 435 1664 plus
458 1588 652 1664 quadraginta
675 1588 820 1662 equitibus
841 1589 986 1658 collectis,
1019 1607 1108 1663 quum
1138 1590 1169 1646 in
1192 1586 1322 1645 Mesuhos

267 1694 364 1770 palam
387 1695 460 1764 iam,
483 1693 547 1767 quis
570 1704 661 1765 osset,
687 1693 782 1750 ferens
810 1669 1091 1776 venisset,·tantum
1116 1702 1230 1750 motum
1251 1709 1320 1764 quun

267 1798 369 1856 favore
391 1798 522 1872 pristino,
546 1807 606 1856 tum
635 1799 742 1874 gaudio
772 1799 937 1873 insperato,
974 1799 1067 1873 quod,
1104 1817 1195 1873 quern
1232 1795 1322 1871 perisse
1361 1845 1362 1866 ,

268 1904 458 1973 crediderant,
480 1904 651 1962 incolumem
673 1905 844 1973 cernebant,
876 1903 961 1974 fecit,
992 1913 1024 1960 ut
1045 1903 1123 1960 intra
1146 1920 1256 1978 paucos
1274 1901 1320 1955 dias

268 2028 320 2066 sex
350 2009 440 2066 millia
469 2010 596 2084 peditum
635 2019 831 2077 armatorum,
866 2017 1004 2082 quattuor
1037 2009 1169 2082 equitum
1201 2009 1239 2065 ad
1272 2022 1344 2060 ann,

219 2122 254 2176 14
269 2114 468 2184 convenirent,
501 2114 617 2188 iamque
648 2130 706 2168 non
739 2113 768 2169 in
795 2113 978 2187 possessione
1008 2113 1096 2170 modo
1120 2112 1238 2188 paterni
1257 2107 1318 2184 regni

268 2231 358 2292 esset,
395 2221 445 2278 sed
474 2220 560 2278 etiem
593 2218 689 2275 socios
714 2216 998 2292 Carthaginiensium
1020 2217 1148 2292 populos
1174 2211 1316 2274 Masaesuli-

269 2343 410 2398 orumque
440 2327 513 2382 lines
549 2324 591 2398 (id
629 2322 772 2399 Syphacis
806 2341 926 2397 regnum
963 2321 1038 2398 erat)
1072 2331 1215 2380 vastaret.
1264 2316 1317 2375 lndc

268 2428 381 2485 irritato
412 2429 450 2484 ed
481 2429 587 2486 bellum
616 2429 765 2504 Syphace,
798 2427 873 2484 inter
905 2426 1015 2485 Cirtam
1043 2427 1267 2502 Hipponemque
1295 2423 1314 2478 in

173 2531 217 2599 33
269 2532 344 2606 iugis
372 2541 601 2607 opportunorum
632 2533 669 2588 ad
706 2533 805 2590 ornnia
834 2533 973 2589 montium
1004 2532 1144 2589 consedit.
1195 2532 1315 2590 Maiorem

267 2637 355 2711 igitur
376 2638 434 2696 iem
459 2659 519 2696 rem
543 2639 665 2713 Syphax
687 2647 785 2707 ratus,
807 2655 894 2710 quam
919 2647 950 2694 ut
975 2656 1028 2712 per
1048 2637 1206 2712 praefectos
1229 2643 1313 2711 ageret

267 2760 331 2798 cum
354 2743 413 2800 filio
435 2744 539 2800 iuvene
564 2747 682 2810 (nomen
707 2741 855 2798 Vermina
876 2742 951 2814 erat)
972 2753 1055 2817 parte
1078 2744 1225 2801 exercitus
1239 2739 1314 2802 must

267 2847 405 2922 imperat,
440 2859 486 2918 ut,
516 2849 711 2904 circumducto
741 2845 865 2919 agmine,
889 2847 918 2902 in
940 2865 972 2904 se
992 2847 1133 2904 intentum
1163 2851 1269 2906 hostem
1286 2841 1311 2897 ab

237 2957 349 3027 2tergo
380 2953 508 3012 invadat.
551 2953 647 3010 Nocte
684 2949 832 3026 profectus
866 2951 1023 3021 Vermina,
1064 2953 1113 3024 qui
1150 2973 1191 3011 ex
1224 2948 1312 3010 occulto

268 3076 457 3133 aggressurus
492 3067 569 3125 erat;
606 3057 728 3132 Syphax
751 3065 847 3113 autem
877 3055 1001 3113 interdiu
1031 3067 1134 3132 aperto
1163 3060 1275 3122 itinere,
1291 3063 1310 3106 ¹1¹

237 3163 317 3238 3qui
339 3163 428 3237 signis
451 3161 563 3218 collatis
584 3163 646 3220 acie
671 3162 860 3218 dimicaturus
882 3171 976 3231 esset,
1009 3162 1101 3219 movit
1123 3174 1230 3222 castra.
1270 3155 1311 3218 Ubi

266 3278 380 3342 tempus
417 3267 511 3324 visum
550 3277 609 3336 est,
648 3285 706 3340 quo
741 3267 908 3340 pervenisse
937 3267 995 3323 iam
1024 3268 1218 3326 circummissi
1244 3259 1309 3322 rideri

266 3381 416 3447 poterant,
450 3383 479 3429 et
499 3374 578 3448 ipse,
607 3371 664 3428 leni
686 3372 761 3428 clivo
783 3369 894 3428 ferente
916 3372 955 3428 ad
975 3373 1104 3441 hostem,
1128 3392 1219 3447 quum
1241 3367 1308 3430 multi·

266 3478 366 3534 tudine
388 3477 496 3547 fretus,
523 3488 584 3534 tum
608 3475 780 3551 praeparatis
803 3476 840 3532 ab
863 3487 944 3550 tergo
966 3477 1078 3534 insidiis
1106 3496 1161 3552 per
1183 3480 1307 3538 adversum

235 3587 393 3639 dmentem
416 3594 540 3640 erectam
563 3582 654 3640 aciem
677 3582 765 3639 ducit.
813 3581 971 3638 Masinissa
993 3583 1120 3640 maxime
1148 3583 1206 3642 loci
1220 3579 1306 3658 fiducb

268 3704 325 3759 quo
359 3687 448 3744 multo
482 3687 609 3762 mquiore
648 3697 829 3761 pugnaturus
865 3695 944 3756 erat,
983 3695 1012 3742 et
1038 3685 1102 3761 ipse
1130 3689 1231 3764 dirigit
1254 3699 1306 3742 suos.

268 3793 365 3848 Atrox
394 3792 526 3866 proelium
556 3803 584 3850 et
613 3791 662 3848 diu
692 3809 799 3866 anceps
827 3788 899 3859 fuit,
931 3789 996 3847 loco
1026 3801 1055 3848 et
1083 3792 1193 3851 virtute
1214 3792 1304 3850 militen

267 3895 468 3965 Masinissam,
503 3896 701 3964 multitudine,
742 3913 806 3970 qua
828 3894 917 3951 nimio
940 3895 1033 3952 maior
1055 3907 1135 3966 erat,
1170 3897 1305 3974 Syphacem
1357 3957 1358 3976 ,

237 4001 394 4058 diuvante.
442 4001 488 4058 Ea
516 4001 668 4058 multitudo
699 4001 808 4070 divisa,
844 4018 932 4073 quum
960 4017 1030 4074 pars
1052 4020 1071 4058 e
1091 4000 1191 4060 fronte
1212 4005 1303 4078 urgeam
