2680 4546
310 233 370 292 266
582 226 661 278 Liber
677 225 765 278 XXV.
803 227 850 287 (Δ.
863 241 889 276 u.
902 241 925 282 o.
938 225 1013 292 Μ.)

266 415 333 474 inde
362 423 477 490 tempus
506 413 655 490 (exiguum
682 411 712 468 id
743 409 811 488 fuit)
841 412 1003 470 muniendis
1037 413 1145 470 castris
1178 414 1327 478 conveher-

267 521 369 594 disque
390 519 599 576 commeatibus
621 517 809 592 consumpsit,
830 526 860 574 et
873 517 973 575 omnia
986 518 1115 594 imperia
1130 518 1236 576 milites
1249 537 1295 592 quc

265 625 404 700 impigro,
441 633 501 682 turn
538 624 766 698 haudquaquam
804 623 917 680 abiecto
953 623 1053 680 animo
1092 625 1286 698 exsequebar·

237 730 403 788 8Ceterum
429 735 585 805 postquam
608 728 824 787 Hasdrubalem
847 727 989 803 Gisgonis
1018 728 1192 786 venientem
1215 729 1250 785 ad
1327 755 1328 800 i

268 810 351 911 quies
372 835 442 894 belli
463 834 600 893 delendas
624 833 763 890 transisse
784 834 926 892 Hiberum
950 843 979 891 ot
999 834 1245 909 appropinquare
1268 860 1287 881 ε-
1327 869 1328 908 q

266 951 327 998 tum
350 949 402 1012 est,
424 941 596 1016 signumque
623 957 730 1014 pugnae
756 940 939 1016 propositum
969 941 1007 996 ab
1030 957 1115 995 novo
1140 939 1218 995 duce
1237 939 1295 996 rni'
1327 975 1328 1010 ,

236 1047 414 1117 iividenmt,
437 1046 599 1116 recordati,
628 1063 702 1120 quos
731 1045 820 1120 paulo
849 1054 917 1104 aute
944 1046 1144 1120 imperatores
1174 1044 1328 1129 habuissqr

267 1153 428 1227 quibusque
450 1161 479 1209 et
500 1152 621 1209 ducibus
645 1159 674 1208 et
695 1149 786 1226 copiis
814 1149 881 1208 freti
909 1151 1026 1226 prodire
1053 1150 1084 1206 iu
1108 1169 1244 1227 pugnam
1263 1140 1328 1225 sol*

266 1266 370 1326 essent,
398 1258 468 1313 flere
498 1275 598 1314 omnes
619 1267 738 1332 repente
760 1266 789 1314 et
810 1256 955 1314 offensare
977 1258 1076 1330 capita
1109 1263 1141 1310 et
1165 1251 1222 1309 alii
1241 1267 1296 1306 man

266 1363 304 1418 ad
325 1361 425 1418 caelum
448 1362 575 1432 tendere,
598 1363 668 1420 daos
683 1362 858 1433 incusantes,
880 1362 930 1418 alii
953 1359 1036 1416 sueti
1052 1359 1137 1416 humi
1159 1376 1250 1414 suum
1264 1355 1300 1428 q'
1327 1401 1328 1434 ,

216 1469 252 1522 10
267 1485 322 1550 que
354 1466 524 1524 nominatim
554 1467 656 1524 ducem
683 1467 849 1543 implorare.
899 1467 1005 1544 Neque
1036 1465 1139 1522 sedari
1170 1457 1328 1538 lamenta’,

264 1580 389 1647 poterat,
420 1571 613 1629 excitantibus
641 1573 855 1630 centurionibus
880 1572 1079 1647 manipulares
1109 1580 1141 1627 et
1171 1571 1242 1646 ipso
1269 1587 1291 1622 m
1327 1615 1328 1647 3

265 1686 347 1733 cente
377 1687 406 1733 et
433 1677 600 1751 increpante
623 1677 751 1747 Marcio,
779 1679 857 1751 quod
886 1677 916 1733 in
938 1676 1094 1734 muliebres
1118 1684 1150 1732 et
1171 1674 1286 1732 inutiles
1327 1719 1328 1732 ,

265 1782 455 1857 proiecissent
474 1784 574 1853 flatus,
606 1783 703 1857 potius
732 1803 819 1858 quam
843 1784 882 1839 ad
908 1781 1046 1839 tutandos
1076 1789 1176 1837 semet
1206 1781 1282 1855 ipsos

264 1907 325 1944 rem
347 1889 493 1964 publicam
514 1907 612 1946 secum
638 1898 774 1946 acuerent
797 1889 925 1960 animos,
955 1897 984 1945 et
1012 1906 1049 1943 ne
1073 1886 1191 1944 inultos
1219 1887 1285 1960 imp·
1327 1943 1328 1948 χ

214 1997 248 2052 il
264 2002 343 2050 tores
374 2012 443 2051 suos
472 1995 567 2051 iacere
597 1993 736 2064 sinerent3
770 2013 859 2068 quum
879 1993 974 2051 subito
1005 1991 1120 2050 clamor
1143 1995 1299 2064 tubarumq
1327 2035 1328 2068 ,

264 2117 352 2158 sonus
374 2098 450 2178 (iam
470 2101 545 2158 enim
566 2119 659 2175 prope
680 2101 789 2158 vallum
810 2101 909 2157 hostes
928 2100 1023 2170 erant)
1049 2098 1226 2170 exauditur.
1269 2098 1305 2154 h
1327 2143 1328 2160 ,

263 2223 348 2262 verso
369 2216 489 2281 repente
517 2207 547 2264 in
573 2207 647 2264 iram
679 2206 759 2263 luctu
788 2205 953 2262 discurrunt
982 2204 1020 2260 ad
1050 2222 1156 2273 mma,
1192 2222 1231 2260 ao

264 2311 377 2367 accensi
398 2312 480 2368 rabie
503 2311 682 2390 [discurrunt
704 2310 742 2367 ad
763 2320 864 2386 portas
886 2307 928 2386 et]
957 2309 988 2366 in
1011 2311 1126 2366 hostem
1159 2311 1292 2385 negligen
1327 2355 1328 2389 ,

213 2413 249 2466 12
264 2427 351 2490 atque
372 2418 564 2492 incomposite
585 2417 747 2475 venientem
778 2417 937 2476 incurrunt.
984 2414 1147 2490 Extemplo
1178 2413 1328 2495 impro'1

263 2540 310 2578 res
334 2539 474 2598 pavorem
507 2523 610 2580 incutit
631 2521 748 2606 Poenis,
778 2521 1015 2594 mirabundique,
1048 2519 1126 2576 unda
1164 2531 1215 2578 tot
1244 2523 1308 2578 host

263 2626 359 2684 subito
402 2628 496 2685 exorti
540 2647 633 2703 prope
675 2625 770 2683 deleto
810 2626 939 2684 exercitu
975 2623 1088 2694 forent,
1131 2627 1219 2684 unde
1277 2600 1327 2675 :vl

263 2732 400 2803 audacia,
432 2742 514 2790 tanta
544 2733 650 2790 fiducia
679 2732 723 2788 sui
747 2731 832 2790 victis
860 2750 896 2788 ac
925 2731 1048 2806 fugatis,
1079 2731 1147 2805 quis
1178 2731 1307 2806 impera

263 2838 376 2894 duobus
399 2837 583 2912 Scipionibus
604 2838 685 2896 caesis
701 2837 868 2906 exstitisset,
894 2836 957 2911 quis
980 2835 1082 2892 castris
1097 2847 1256 2910 praeesset,
1276 2854 1307 2908 q*
1321 2864 1323 2867 ·

214 2943 376 3017 lusignan
400 2942 528 3000 dedisset
547 2960 652 3017 pugnae
675 2975 713 2982 —
737 2943 774 2998 ad
807 2923 869 3000 'haec
891 2929 1015 2998 tottam
1037 2941 1226 3015 necopinata
1248 2960 1324 3016 pne*

262 3049 390 3105 omnium
412 3048 515 3104 incerti
539 3057 746 3122 stupentesque
766 3045 897 3104 referunt
919 3046 1038 3120 pedem,
1066 3045 1134 3102 dein
1159 3049 1267 3106 valida
1284 3049 1323 3103 in·

214 3153 411 3228 repressione
432 3153 508 3228 pulsi
530 3161 614 3228 terga
637 3159 762 3212 vertunt.
806 3152 847 3209 Et
867 3160 919 3209 aut
939 3151 1111 3226 fugientium
1137 3154 1242 3210 credes
1262 3151 1322 3210 feu

261 3257 364 3316 fuisset
385 3266 436 3315 aut
456 3259 627 3316 temerarius
654 3257 892 3334 periculosusque
920 3255 1101 3330 sequentium
1129 3257 1279 3333 impetus,
1301 3253 1320 3310 ni

262 3364 391 3421 Marcius
413 3352 548 3438 vpropere
580 3363 709 3436 receptui
740 3362 867 3420 dedisset
892 3363 1023 3438 signum,
1058 3361 1271 3438 obsistensque
1296 3359 1321 3418 sd

262 3469 357 3543 prima
378 3468 462 3542 sigua
484 3476 513 3524 et
534 3467 676 3541 quosdam
698 3468 761 3543 ipse
792 3468 919 3525 retinam
948 3467 1124 3526 concitatam
1146 3469 1320 3544 repressisset

263 3573 363 3630 eciem.
416 3573 489 3629 Inde
516 3572 545 3629 in
567 3580 664 3630 castra
693 3573 796 3630 avidos
826 3573 922 3630 adhuc
938 3573 1096 3647 ·caedisque
1123 3584 1153 3630 et
1184 3571 1320 3650 sanguini

211 3681 249 3735 15
261 3677 385 3738 reduxit.
434 3675 689 3752 Carthaginienses
703 3678 816 3753 trepide
835 3678 930 3753 primo
952 3680 989 3736 ab
1010 3680 1138 3736 hostium
1162 3682 1249 3739 vallo
1270 3679 1319 3737 acti.

262 3791 417 3858 postquam
439 3785 581 3840 neminem
598 3783 711 3858 insequi
733 3784 875 3854 viderunt,
897 3793 976 3842 metu
992 3784 1155 3842 substitisse
1173 3787 1246 3858 rati,
1267 3803 1318 3844 cor·

210 3871 214 3879 ¹
263 3888 392 3962 temptim
413 3907 514 3946 rursus
535 3897 564 3947 et
583 3890 685 3948 sedato
708 3889 801 3963 gradu
821 3889 852 3946 in
874 3898 972 3948 castra
995 3890 1110 3952 abeunt.
