2812 4556
306 261 345 318 28
587 257 666 307 Liber
684 256 758 309 XXI.
795 255 839 320 (Δ.
853 271 876 305 u.
890 271 913 308 c.
929 259 1000 313 586.)

213 445 246 500 11
263 451 353 499 turus.
406 439 464 498 Dia
496 439 600 496 deinde
627 439 789 500 simulando
812 438 905 505 aliud,
936 455 1023 512 quam
1046 437 1126 512 quod
1158 437 1334 512 parabatur,

263 554 445 620 consumpto,
468 563 556 619 quum
572 543 683 614 eodem,
706 563 764 618 quo
786 545 983 614 constiterant,
1004 544 1069 602 loco
1084 553 1185 620 castra
1198 559 1333 600 eommu-

215 653 250 708 12
263 652 387 722 nissent,
420 650 469 708 ubi
496 649 620 724 primum
649 649 802 724 degressos
828 649 946 706 tumulis
976 659 1131 708 montanos
1152 648 1333 721 laxatasque

263 758 353 815 sensit
373 756 535 826 custodias,
566 754 696 830 pluribus
723 753 839 829 ignibus
863 773 950 828 quam
978 773 1032 830 pro
1062 770 1183 812 numero
1206 766 1333 806 manen·

264 863 334 920 tium
358 860 532 935 inspeciem
555 859 641 917 factis
667 859 936 935 impedimentisque
963 879 1027 918 cum
1051 861 1149 935 equite
1169 855 1284 916 relictis
1307 861 1333 910 et

215 967 394 1026 tumaxime
416 974 499 1040 parte
518 965 665 1039 peditum,
685 965 749 1039 ipse
770 983 835 1021 cum
857 965 1014 1040 expeditis,
1045 963 1188 1022 acerrimo
1212 977 1333 1036 quoqne

264 1073 338 1141 viro,
357 1070 463 1146 raptim
486 1069 635 1144 augustias
656 1068 755 1126 evadit
775 1069 869 1143 iisque
896 1069 967 1144 ipsis
988 1069 1115 1140 tumulis,
1137 1085 1212 1142 quos
1231 1069 1332 1124 hostes

169 1163 215 1231 33
265 1183 425 1245 tenuerant,
448 1175 586 1234 consedit.
629 1174 731 1232 Prima
762 1173 865 1230 deinde
892 1175 956 1232 luce
983 1183 1081 1232 castra
1112 1184 1194 1232 mota
1217 1181 1250 1229 et
1283 1189 1332 1244 ag·

234 1274 331 1340 2men
358 1279 500 1353 reliquum
527 1279 660 1336 incedere
686 1279 785 1354 coepit.
833 1279 897 1336 Iam
936 1280 1064 1337 montani
1094 1279 1179 1354 signo
1201 1280 1274 1336 dato
1297 1295 1331 1332 ex

266 1384 389 1444 castellis
423 1384 461 1440 ad
493 1384 646 1440 stationem
678 1383 794 1440 solitam
827 1383 1053 1453 conveniebant,
1088 1403 1177 1459 quum
1211 1391 1332 1458 repente

267 1488 450 1564 conspiciunt
471 1487 554 1556 alios,
577 1506 644 1544 arce
666 1496 809 1562 occupata
830 1506 897 1559 sua,
919 1505 1007 1562 super
1028 1498 1117 1563 caput
1138 1488 1330 1552 imminentes,

235 1591 339 1653 dalius
368 1594 418 1650 via
444 1593 567 1650 transire
596 1592 704 1649 hostes.
748 1591 883 1665 Utraque
909 1593 995 1650 simul
1016 1593 1131 1651 obiecta
1161 1611 1207 1650 res
1239 1589 1331 1648 oculis

267 1699 428 1772 animisque
448 1697 609 1754 immobiles
632 1713 788 1770 parumper
810 1714 860 1754 eos
874 1697 989 1767 defixit,
1013 1697 1125 1767 deinde,
1148 1705 1181 1754 ut
1202 1695 1330 1771 trepida·

267 1805 373 1862 tionem
390 1804 419 1860 in
435 1802 575 1876 angustiis
590 1818 701 1873 suoque
715 1801 809 1874 ursum
827 1782 950 1858 tumultu
972 1801 1086 1860 misceri
1101 1820 1206 1877 agmen
1221 1802 1328 1866 videre,

238 1904 255 1958 4
268 1909 349 1983 equis
361 1907 488 1964 maxime
499 1905 699 1974 consternatis,
715 1905 850 1978 quicquid
866 1906 1037 1962 adiecissent
1047 1906 1103 1980 ipsi
1114 1907 1243 1977 terroris,
1259 1903 1328 1962 satis

268 2014 306 2069 ad
330 2013 485 2087 perniciem
499 2009 570 2087 ¹iore
584 2009 649 2078 rati,
672 2011 845 2067 transversis
866 2011 994 2085 rupibus,
1017 2030 1069 2086 per
1089 2012 1173 2068 iuxta
1194 2011 1275 2068 invia
1297 2025 1328 2063 ac

239 2114 355 2176 5devia
377 2116 484 2173 assueti
505 2115 668 2173 decurrunt.
718 2116 795 2171 Tum
816 2133 887 2172 vero
910 2115 995 2172 simul
1018 2116 1054 2173 ab
1076 2117 1223 2186 hostibus,
1244 2112 1329 2172 simul

270 2224 307 2280 ab
329 2222 479 2295 iniquitate
500 2220 629 2276 locorum
652 2219 737 2275 Poeni
759 2221 1017 2294 oppugnabantur,
1046 2224 1170 2297 plusque
1191 2223 1267 2279 inter
1287 2219 1328 2294 ip·

271 2346 329 2394 sos,
350 2327 405 2383 sibi
429 2343 544 2400 quoque
566 2324 715 2392 tendente,
745 2332 777 2379 ut
806 2325 935 2398 periculo
955 2326 1036 2400 prius
1066 2327 1218 2395 evaderet,
1246 2342 1330 2400 quam

241 2427 335 2490 licum
357 2430 489 2489 hostibus
512 2427 676 2484 certaminis
698 2437 769 2484 erat.
813 2428 891 2502 Equi
913 2431 1039 2487 maxime
1066 2429 1203 2490 infestum
1230 2447 1329 2506 agmen

272 2536 427 2604 faciebant,
450 2533 499 2608 qui
518 2544 546 2590 et
561 2533 734 2590 clamoribus
750 2532 883 2602 dissonis,
905 2552 979 2607 quos
993 2552 1113 2592 nemora
1128 2535 1215 2593 etiam
1237 2553 1330 2610 reper-

273 2657 420 2712 cussaeque
441 2637 532 2694 valles
554 2638 714 2712 augebant,
736 2638 828 2694 territi
849 2639 1046 2713 trepidabant,
1070 2647 1099 2694 et
1119 2641 1169 2698 icti
1191 2641 1266 2700 forte
1285 2645 1330 2694 aut

272 2742 416 2801 vtrlnarati
446 2743 519 2800 adeo
549 2744 822 2812 consternabantur,
857 2752 889 2798 ut
918 2752 1043 2816 stragem
1071 2743 1225 2818 ingentem*
1249 2741 1330 2802 simul
1382 2735 1383 2824 J

243 2849 420 2908 'thominum
454 2865 488 2904 ac
516 2848 693 2904 sarcinarum
722 2848 815 2904 omnis
847 2848 959 2921 generis
995 2846 1137 2918 iacerent3
1171 2850 1329 2921 multosque
1382 2855 1383 2862 ’

274 2955 368 3024 turba,
391 2971 479 3026 quum
500 2951 662 3027 precipites
692 2953 877 3027 deruptaque
901 2951 1035 3025 utrinque
1062 2950 1202 3026 angustiae
1230 2955 1328 3008 essent

273 3059 303 3115 in
335 3058 505 3114 immensum
536 3057 694 3113 altitudinis
723 3057 840 3125 deiecit,
878 3057 1019 3130 quosdam
1047 3065 1075 3112 et
1109 3065 1252 3124 armatos;
1283 3050 1329 3109 sed

276 3163 366 3218 ruinae
398 3163 524 3218 maxime
557 3163 644 3218 modo
675 3163 804 3218 iumenta
834 3179 898 3218 cum
931 3161 1065 3218 oneribus
1094 3160 1326 3217 devolvebantur.

244 3267 347 3339 8Quae
370 3285 537 3340 quanquam
559 3266 640 3323 foeda
661 3267 725 3323 visu
749 3274 840 3334 erant,
862 3265 941 3322 stetit
962 3285 1118 3341 parumper
1140 3274 1237 3322 tamen
1252 3264 1328 3320 Han·

275 3371 355 3427 nibal
377 3390 411 3428 ac
433 3389 500 3427 suos
523 3371 671 3440 continuit,
698 3389 734 3426 ne
756 3371 909 3427 tumultum
935 3389 970 3428 ac
992 3371 1216 3446 trepidationem
1247 3383 1328 3442 auge·

243 3477 332 3545 9ret;
363 3475 482 3545 deinde,
511 3485 665 3550 postquam
688 3474 857 3550 interrumpi
881 3494 985 3550 agmen
1015 3476 1087 3533 vidit
1118 3475 1328 3551 periculumque

275 3597 351 3649 esse,
381 3599 418 3636 ne
440 3588 557 3637 exutum
585 3578 796 3655 impedimentis
826 3582 982 3638 exercitum
1011 3581 1205 3654 nequicquam
1227 3577 1327 3650 incolu-

274 3701 349 3740 mem
372 3685 556 3754 traduxisset,
579 3685 705 3742 decurrit
728 3702 765 3740 ex
787 3684 937 3757 superiore
960 3685 1025 3741 loco
1048 3694 1086 3754 et,
1117 3702 1205 3757 quum
1228 3685 1328 3758 impetu

226 3789 336 3863 linso
364 3789 486 3846 fudisset
513 3791 641 3856 bostem,
670 3789 728 3845 suis
761 3806 878 3862 quoque
904 3789 1057 3846 tumultum
1085 3789 1176 3846 auxit.
1226 3789 1282 3848 Sed
1307 3783 1327 3838 is

274 3893 413 3950 tumultus
440 3902 586 3951 momento
614 3892 768 3968 temporis,
802 3902 957 3967 postquam
990 3893 1114 3950 liberata
1141 3893 1246 3950 itinera
1266 3891 1328 3962 fuga

275 4008 476 4055 montanorum
500 4006 596 4066 erant,
625 3997 753 4064 sedatur,
785 4014 838 4052 nec
866 4015 919 4071 per
941 3996 1030 4052 otium
1053 3997 1151 4066 modo,
1173 3997 1224 4054 sed
1246 4007 1328 4071 prope
