<?xml version="1.0" encoding="UTF-8"?>
<!DOCTYPE html PUBLIC "-//W3C//DTD XHTML 1.0 Transitional//EN"
    "http://www.w3.org/TR/xhtml1/DTD/xhtml1-transitional.dtd">
<html xmlns="http://www.w3.org/1999/xhtml" xml:lang="en" lang="en">
 <head>
  <title>
</title>
<meta http-equiv="Content-Type" content="text/html;charset=utf-8" />
  <meta name='ocr-system' content='tesseract 3.04.00' />
  <meta name='ocr-capabilities' content='ocr_page ocr_carea ocr_par ocr_line ocrx_word'/>
</head>
<body>
  <div class='ocr_page' id='page_1' title='image "./titiliviihistor01ussigoog/titiliviihistor01ussigoog_0467.png"; bbox 0 0 2678 4560; ppageno 0'>
   <div class='ocr_carea' id='block_1_1' title="bbox 315 244 1098 331">
    <p class='ocr_par' dir='ltr' id='par_1_1' title="bbox 315 190 1320 420">
     <span class='ocr_line' id='line_1_1' title="bbox 315 244 1098 331; baseline 0.001 -14"><span class='ocrx_word' id='word_1_1' title='bbox 315 271 370 326; x_wconf 79' lang='lat'><strong>126</strong></span> <span class='ocrx_word' id='word_1_2' title='bbox 565 267 788 320; x_wconf 67' lang='grc'><strong>111111111111.</strong></span> <span class='ocrx_word' id='word_1_3' title='bbox 825 267 1036 331; x_wconf 65' lang='grc'><strong>(111111.)</strong></span> <span class='ocrx_word' id='word_1_4' title='bbox 1091 244 1098 262; x_wconf 65' lang='lat'>‘</span> 
     </span>
    </p>
   </div>
   <div class='ocr_carea' id='block_1_2' title="bbox 220 453 1308 1584">
    <p class='ocr_par' dir='ltr' id='par_1_2' title="bbox 220 453 1308 1584">
     <span class='ocr_line' id='line_1_2' title="bbox 269 453 1307 530; baseline -0.005 -17"><span class='ocrx_word' id='word_1_5' title='bbox 269 457 371 514; x_wconf 89' lang='lat' dir='ltr'><strong>ducem</strong></span> <span class='ocrx_word' id='word_1_6' title='bbox 400 463 444 512; x_wconf 87' lang='lat' dir='ltr'><strong>tot</strong></span> <span class='ocrx_word' id='word_1_7' title='bbox 467 457 593 514; x_wconf 84' lang='lat' dir='ltr'><strong>excitare</strong></span> <span class='ocrx_word' id='word_1_8' title='bbox 614 454 752 511; x_wconf 88' lang='lat' dir='ltr'><strong>tumultus</strong></span> <span class='ocrx_word' id='word_1_9' title='bbox 774 453 938 511; x_wconf 84' lang='lat' dir='ltr'><strong>circumfusi</strong></span> <span class='ocrx_word' id='word_1_10' title='bbox 959 463 1105 529; x_wconf 72' lang='lat' dir='ltr'><strong>poterant.</strong></span> <span class='ocrx_word' id='word_1_11' title='bbox 1152 454 1307 530; x_wconf 70' lang='lat' dir='ltr'><strong>Legationes</strong></span> 
     </span>
     <span class='ocr_line' id='line_1_3' title="bbox 269 559 1306 638; baseline -0.005 -18"><span class='ocrx_word' id='word_1_12' title='bbox 269 563 385 620; x_wconf 81' lang='lat' dir='ltr'><strong>dimittit</strong></span> <span class='ocrx_word' id='word_1_13' title='bbox 401 561 554 638; x_wconf 78' lang='lat' dir='ltr'><strong>pollicitus,</strong></span> <span class='ocrx_word' id='word_1_14' title='bbox 576 572 662 636; x_wconf 85' lang='lat' dir='ltr'><strong>prout</strong></span> <span class='ocrx_word' id='word_1_15' title='bbox 677 571 789 636; x_wconf 88' lang='lat' dir='ltr'><strong>tempus</strong></span> <span class='ocrx_word' id='word_1_16' title='bbox 809 579 843 618; x_wconf 89' lang='lat' dir='ltr'><strong>ao</strong></span> <span class='ocrx_word' id='word_1_17' title='bbox 857 579 903 618; x_wconf 88' lang='lat' dir='ltr'><strong>res</strong></span> <span class='ocrx_word' id='word_1_18' title='bbox 917 561 1033 630; x_wconf 89' lang='lat' dir='ltr'><strong>sineret,</strong></span> <span class='ocrx_word' id='word_1_19' title='bbox 1055 561 1188 618; x_wconf 91' lang='lat' dir='ltr'><strong>omnibus</strong></span> <span class='ocrx_word' id='word_1_20' title='bbox 1200 559 1306 616; x_wconf 82' lang='grc'><strong>1111111111</strong></span> 
     </span>
     <span class='ocr_line' id='line_1_4' title="bbox 221 667 1307 744; baseline -0.002 -20"><span class='ocrx_word' id='word_1_21' title='bbox 221 671 301 726; x_wconf 81' lang='grc'><strong>1011</strong></span> <span class='ocrx_word' id='word_1_22' title='bbox 322 669 471 728; x_wconf 87' lang='lat' dir='ltr'><strong>auxilium.</strong></span> <span class='ocrx_word' id='word_1_23' title='bbox 519 669 554 726; x_wconf 94' lang='lat' dir='ltr'><strong>In</strong></span> <span class='ocrx_word' id='word_1_24' title='bbox 574 668 741 744; x_wconf 78' lang='lat' dir='ltr'><strong>prasentia,</strong></span> <span class='ocrx_word' id='word_1_25' title='bbox 764 686 828 742; x_wconf 77' lang='lat' dir='ltr'><strong>que</strong></span> <span class='ocrx_word' id='word_1_26' title='bbox 850 667 975 724; x_wconf 85' lang='lat' dir='ltr'><strong>maxime</strong></span> <span class='ocrx_word' id='word_1_27' title='bbox 996 669 1121 743; x_wconf 90' lang='lat' dir='ltr'><strong>urgebat</strong></span> <span class='ocrx_word' id='word_1_28' title='bbox 1141 685 1207 738; x_wconf 84' lang='lat' dir='ltr'><strong>rea,</strong></span> <span class='ocrx_word' id='word_1_29' title='bbox 1226 669 1307 741; x_wconf 86' lang='lat' dir='ltr'><strong>Pepa-</strong></span> 
     </span>
     <span class='ocr_line' id='line_1_5' title="bbox 269 773 1307 849; baseline -0.005 -17"><span class='ocrx_word' id='word_1_30' title='bbox 269 775 382 832; x_wconf 90' lang='lat' dir='ltr'><strong>rethum</strong></span> <span class='ocrx_word' id='word_1_31' title='bbox 405 773 568 849; x_wconf 79' lang='lat' dir='ltr'><strong>praesidium</strong></span> <span class='ocrx_word' id='word_1_32' title='bbox 591 775 655 832; x_wconf 89' lang='lat' dir='ltr'><strong>urbi</strong></span> <span class='ocrx_word' id='word_1_33' title='bbox 676 773 776 843; x_wconf 86' lang='lat' dir='ltr'><strong>mittit,</strong></span> <span class='ocrx_word' id='word_1_34' title='bbox 803 773 879 829; x_wconf 91' lang='lat' dir='ltr'><strong>unde</strong></span> <span class='ocrx_word' id='word_1_35' title='bbox 899 773 1017 831; x_wconf 89' lang='lat' dir='ltr'><strong>allatum</strong></span> <span class='ocrx_word' id='word_1_36' title='bbox 1041 785 1115 846; x_wconf 90' lang='lat' dir='ltr'><strong>crat,</strong></span> <span class='ocrx_word' id='word_1_37' title='bbox 1134 775 1263 832; x_wconf 86' lang='lat' dir='ltr'><strong>Attalum</strong></span> <span class='ocrx_word' id='word_1_38' title='bbox 1281 775 1307 828; x_wconf 90' lang='lat' dir='ltr'><strong>ab</strong></span> 
     </span>
     <span class='ocr_line' id='line_1_6' title="bbox 272 879 1308 955; baseline -0.005 -17"><span class='ocrx_word' id='word_1_39' title='bbox 272 883 381 938; x_wconf 81' lang='lat' dir='ltr'><strong>Lemno</strong></span> <span class='ocrx_word' id='word_1_40' title='bbox 399 881 491 938; x_wconf 88' lang='lat' dir='ltr'><strong>classe</strong></span> <span class='ocrx_word' id='word_1_41' title='bbox 510 881 679 938; x_wconf 90' lang='lat' dir='ltr'><strong>transmissa</strong></span> <span class='ocrx_word' id='word_1_42' title='bbox 696 898 809 936; x_wconf 90' lang='lat' dir='ltr'><strong>omnem</strong></span> <span class='ocrx_word' id='word_1_43' title='bbox 830 879 936 936; x_wconf 88' lang='lat' dir='ltr'><strong>circum</strong></span> <span class='ocrx_word' id='word_1_44' title='bbox 950 882 1051 938; x_wconf 86' lang='lat' dir='ltr'><strong>urbem</strong></span> <span class='ocrx_word' id='word_1_45' title='bbox 1075 899 1178 955; x_wconf 85' lang='lat' dir='ltr'><strong>agrum</strong></span> <span class='ocrx_word' id='word_1_46' title='bbox 1199 880 1308 954; x_wconf 90' lang='lat' dir='ltr'><strong>depopu-</strong></span> 
     </span>
     <span class='ocr_line' id='line_1_7' title="bbox 222 985 1307 1062; baseline -0.001 -21"><span class='ocrx_word' id='word_1_47' title='bbox 222 988 254 1042; x_wconf 96' lang='grc'><strong>11</strong></span> <span class='ocrx_word' id='word_1_48' title='bbox 270 989 369 1046; x_wconf 90' lang='lat' dir='ltr'><strong>latum.</strong></span> <span class='ocrx_word' id='word_1_49' title='bbox 399 986 613 1062; x_wconf 74' lang='lat' dir='ltr'><strong>Polyphantam</strong></span> <span class='ocrx_word' id='word_1_50' title='bbox 629 1003 692 1042; x_wconf 91' lang='lat' dir='ltr'><strong>cum</strong></span> <span class='ocrx_word' id='word_1_51' title='bbox 708 986 823 1043; x_wconf 91' lang='lat' dir='ltr'><strong>modica</strong></span> <span class='ocrx_word' id='word_1_52' title='bbox 836 1003 923 1042; x_wconf 89' lang='lat' dir='ltr'><strong>manu</strong></span> <span class='ocrx_word' id='word_1_53' title='bbox 938 985 968 1042; x_wconf 92' lang='lat' dir='ltr'><strong>in</strong></span> <span class='ocrx_word' id='word_1_54' title='bbox 980 985 1134 1058; x_wconf 72' lang='lat' dir='ltr'><strong>Boeotiam,</strong></span> <span class='ocrx_word' id='word_1_55' title='bbox 1150 987 1307 1061; x_wconf 85' lang='lat' dir='ltr'><strong>Menippum.</strong></span> 
     </span>
     <span class='ocr_line' id='line_1_8' title="bbox 269 1091 1308 1167; baseline -0.004 -17"><span class='ocrx_word' id='word_1_56' title='bbox 269 1093 336 1150; x_wconf 91' lang='lat' dir='ltr'><strong>item</strong></span> <span class='ocrx_word' id='word_1_57' title='bbox 353 1093 496 1167; x_wconf 90' lang='lat' dir='ltr'><strong>quendam</strong></span> <span class='ocrx_word' id='word_1_58' title='bbox 512 1111 548 1150; x_wconf 89' lang='lat' dir='ltr'><strong>ex</strong></span> <span class='ocrx_word' id='word_1_59' title='bbox 563 1092 649 1167; x_wconf 90' lang='lat' dir='ltr'><strong>regiis</strong></span> <span class='ocrx_word' id='word_1_60' title='bbox 661 1091 790 1163; x_wconf 90' lang='lat' dir='ltr'><strong>ducibus,</strong></span> <span class='ocrx_word' id='word_1_61' title='bbox 815 1111 879 1150; x_wconf 88' lang='lat' dir='ltr'><strong>cum</strong></span> <span class='ocrx_word' id='word_1_62' title='bbox 895 1091 971 1148; x_wconf 91' lang='lat' dir='ltr'><strong>mille</strong></span> <span class='ocrx_word' id='word_1_63' title='bbox 985 1091 1117 1166; x_wconf 84' lang='lat' dir='ltr'><strong>peltastis</strong></span> <span class='ocrx_word' id='word_1_64' title='bbox 1133 1092 1226 1166; x_wconf 88' lang='lat' dir='ltr'><strong>(pelta</strong></span> <span class='ocrx_word' id='word_1_65' title='bbox 1237 1101 1308 1148; x_wconf 81' lang='lat' dir='ltr'><strong>cetra</strong></span> 
     </span>
     <span class='ocr_line' id='line_1_9' title="bbox 220 1195 1307 1274; baseline 0.003 -23"><span class='ocrx_word' id='word_1_66' title='bbox 220 1197 346 1256; x_wconf 82' lang='grc'><strong>12111111</strong></span> <span class='ocrx_word' id='word_1_67' title='bbox 367 1199 512 1256; x_wconf 87' lang='lat' dir='ltr'><strong>dissimilis</strong></span> <span class='ocrx_word' id='word_1_68' title='bbox 535 1199 591 1268; x_wconf 87' lang='lat' dir='ltr'><strong>est)</strong></span> <span class='ocrx_word' id='word_1_69' title='bbox 614 1195 781 1254; x_wconf 81' lang='lat' dir='ltr'><strong>Chalcidem</strong></span> <span class='ocrx_word' id='word_1_70' title='bbox 808 1197 910 1270; x_wconf 88' lang='lat' dir='ltr'><strong>mittit;</strong></span> <span class='ocrx_word' id='word_1_71' title='bbox 945 1197 1037 1255; x_wconf 92' lang='lat' dir='ltr'><strong>additi</strong></span> <span class='ocrx_word' id='word_1_72' title='bbox 1067 1198 1220 1274; x_wconf 86' lang='lat' dir='ltr'><strong>quingenti</strong></span> <span class='ocrx_word' id='word_1_73' title='bbox 1241 1197 1307 1271; x_wconf 69' lang='lat' dir='ltr'><strong>Aga·</strong></span> 
     </span>
     <span class='ocr_line' id='line_1_10' title="bbox 268 1303 1300 1381; baseline -0.003 -19"><span class='ocrx_word' id='word_1_74' title='bbox 268 1323 364 1374; x_wconf 90' lang='lat' dir='ltr'><strong>anum,</strong></span> <span class='ocrx_word' id='word_1_75' title='bbox 385 1314 417 1362; x_wconf 88' lang='lat' dir='ltr'><strong>ut</strong></span> <span class='ocrx_word' id='word_1_76' title='bbox 438 1320 537 1362; x_wconf 90' lang='lat' dir='ltr'><strong>omnes</strong></span> <span class='ocrx_word' id='word_1_77' title='bbox 559 1303 658 1360; x_wconf 85' lang='lat' dir='ltr'><strong>insulae</strong></span> <span class='ocrx_word' id='word_1_78' title='bbox 679 1312 777 1378; x_wconf 85' lang='lat' dir='ltr'><strong>partes</strong></span> <span class='ocrx_word' id='word_1_79' title='bbox 802 1304 875 1362; x_wconf 89' lang='lat' dir='ltr'><strong>tueri</strong></span> <span class='ocrx_word' id='word_1_80' title='bbox 901 1313 1010 1381; x_wconf 88' lang='lat' dir='ltr'><strong>posset.</strong></span> <span class='ocrx_word' id='word_1_81' title='bbox 1059 1305 1130 1380; x_wconf 90' lang='lat' dir='ltr'><strong>Ipse</strong></span> <span class='ocrx_word' id='word_1_82' title='bbox 1160 1303 1300 1362; x_wconf 73' lang='lat' dir='ltr'><strong>Scotusam</strong></span> 
     </span>
     <span class='ocr_line' id='line_1_11' title="bbox 268 1407 1301 1485; baseline -0.003 -18"><span class='ocrx_word' id='word_1_83' title='bbox 268 1419 312 1468; x_wconf 89' lang='lat' dir='ltr'><strong>est</strong></span> <span class='ocrx_word' id='word_1_84' title='bbox 332 1408 487 1485; x_wconf 85' lang='lat' dir='ltr'><strong>profectus,</strong></span> <span class='ocrx_word' id='word_1_85' title='bbox 509 1409 667 1483; x_wconf 90' lang='lat' dir='ltr'><strong>eodemque</strong></span> <span class='ocrx_word' id='word_1_86' title='bbox 690 1410 728 1466; x_wconf 90' lang='lat' dir='ltr'><strong>ab</strong></span> <span class='ocrx_word' id='word_1_87' title='bbox 755 1411 859 1468; x_wconf 81' lang='lat' dir='ltr'><strong>Larisa</strong></span> <span class='ocrx_word' id='word_1_88' title='bbox 885 1411 1079 1469; x_wconf 84' lang='lat' dir='ltr'><strong>Macedonum</strong></span> <span class='ocrx_word' id='word_1_89' title='bbox 1102 1410 1206 1484; x_wconf 90' lang='lat' dir='ltr'><strong>copias</strong></span> <span class='ocrx_word' id='word_1_90' title='bbox 1220 1407 1301 1466; x_wconf 84' lang='lat' dir='ltr'><strong>tradru&#39;</strong></span> 
     </span>
     <span class='ocr_line' id='line_1_12' title="bbox 220 1513 1303 1584; baseline 0 -16"><span class='ocrx_word' id='word_1_91' title='bbox 220 1513 255 1569; x_wconf 87' lang='grc'><strong>13</strong></span> <span class='ocrx_word' id='word_1_92' title='bbox 268 1516 358 1572; x_wconf 85' lang='lat' dir='ltr'><strong>iussit.</strong></span> <span class='ocrx_word' id='word_1_93' title='bbox 404 1516 450 1572; x_wconf 88' lang='lat' dir='ltr'><strong>Eo</strong></span> <span class='ocrx_word' id='word_1_94' title='bbox 471 1514 633 1571; x_wconf 90' lang='lat' dir='ltr'><strong>nuntiatum</strong></span> <span class='ocrx_word' id='word_1_95' title='bbox 650 1523 705 1584; x_wconf 91' lang='lat' dir='ltr'><strong>est,</strong></span> <span class='ocrx_word' id='word_1_96' title='bbox 719 1515 868 1573; x_wconf 89' lang='lat' dir='ltr'><strong>concilium</strong></span> <span class='ocrx_word' id='word_1_97' title='bbox 881 1517 990 1574; x_wconf 87' lang='lat' dir='ltr'><strong>AEtolis</strong></span> <span class='ocrx_word' id='word_1_98' title='bbox 1002 1516 1181 1574; x_wconf 90' lang='lat' dir='ltr'><strong>Heracleam</strong></span> <span class='ocrx_word' id='word_1_99' title='bbox 1194 1516 1303 1572; x_wconf 85' lang='lat' dir='ltr'><strong>indictun</strong></span> 
     </span>
    </p>
   </div>
   <div class='ocr_carea' id='block_1_3' title="bbox 268 1620 1322 1696">
    <p class='ocr_par' dir='ltr' id='par_1_3' title="bbox 268 1620 1322 1696">
     <span class='ocr_line' id='line_1_13' title="bbox 268 1620 1322 1696; baseline -0.005 -18"><span class='ocrx_word' id='word_1_100' title='bbox 268 1640 422 1696; x_wconf 90' lang='lat' dir='ltr'><strong>regemque</strong></span> <span class='ocrx_word' id='word_1_101' title='bbox 443 1620 575 1679; x_wconf 84' lang='lat' dir='ltr'><strong>Attalum</strong></span> <span class='ocrx_word' id='word_1_102' title='bbox 600 1621 637 1676; x_wconf 91' lang='lat' dir='ltr'><strong>ad</strong></span> <span class='ocrx_word' id='word_1_103' title='bbox 659 1620 876 1678; x_wconf 86' lang='lat' dir='ltr'><strong>consultandum</strong></span> <span class='ocrx_word' id='word_1_104' title='bbox 899 1622 935 1678; x_wconf 92' lang='lat' dir='ltr'><strong>de</strong></span> <span class='ocrx_word' id='word_1_105' title='bbox 949 1639 1063 1678; x_wconf 86' lang='lat' dir='ltr'><strong>summa</strong></span> <span class='ocrx_word' id='word_1_106' title='bbox 1078 1621 1147 1678; x_wconf 91' lang='lat' dir='ltr'><strong>belli</strong></span> <span class='ocrx_word' id='word_1_107' title='bbox 1169 1631 1322 1678; x_wconf 83' lang='lat' dir='ltr'><strong>venturum</strong></span> 
     </span>
    </p>
   </div>
   <div class='ocr_carea' id='block_1_4' title="bbox 219 1726 1308 2752">
    <p class='ocr_par' dir='ltr' id='par_1_4' title="bbox 221 1726 1306 1802">
     <span class='ocr_line' id='line_1_14' title="bbox 221 1726 1306 1802; baseline -0.003 -21"><span class='ocrx_word' id='word_1_108' title='bbox 221 1728 255 1782; x_wconf 80' lang='grc'><strong>11</strong></span> <span class='ocrx_word' id='word_1_109' title='bbox 268 1727 384 1802; x_wconf 84' lang='lat' dir='ltr'><strong>Magnis</strong></span> <span class='ocrx_word' id='word_1_110' title='bbox 422 1727 570 1784; x_wconf 86' lang='lat' dir='ltr'><strong>itineribus</strong></span> <span class='ocrx_word' id='word_1_111' title='bbox 605 1727 778 1784; x_wconf 84' lang='lat' dir='ltr'><strong>Heracleam</strong></span> <span class='ocrx_word' id='word_1_112' title='bbox 818 1726 908 1787; x_wconf 88' lang='lat' dir='ltr'><strong>duxit.</strong></span> <span class='ocrx_word' id='word_1_113' title='bbox 969 1727 1010 1784; x_wconf 84' lang='lat' dir='ltr'><strong>Et</strong></span> <span class='ocrx_word' id='word_1_114' title='bbox 1051 1727 1179 1784; x_wconf 90' lang='lat' dir='ltr'><strong>concilio</strong></span> <span class='ocrx_word' id='word_1_115' title='bbox 1217 1726 1306 1801; x_wconf 86' lang='lat' dir='ltr'><strong>quiden</strong></span> 
     </span>
    </p>

    <p class='ocr_par' dir='ltr' id='par_1_5' title="bbox 221 1833 1308 2121">
     <span class='ocr_line' id='line_1_15' title="bbox 221 1833 1307 1908; baseline -0.004 -20"><span class='ocrx_word' id='word_1_116' title='bbox 221 1835 256 1888; x_wconf 84' lang='lat'><strong>15</strong></span> <span class='ocrx_word' id='word_1_117' title='bbox 269 1833 386 1890; x_wconf 91' lang='lat' dir='ltr'><strong>dimisso</strong></span> <span class='ocrx_word' id='word_1_118' title='bbox 407 1833 465 1888; x_wconf 86' lang='lat' dir='ltr'><strong>iam</strong></span> <span class='ocrx_word' id='word_1_119' title='bbox 487 1833 578 1901; x_wconf 81' lang='lat' dir='ltr'><strong>venit3</strong></span> <span class='ocrx_word' id='word_1_120' title='bbox 616 1833 759 1906; x_wconf 86' lang='lat' dir='ltr'><strong>segetibus</strong></span> <span class='ocrx_word' id='word_1_121' title='bbox 783 1841 896 1903; x_wconf 86' lang='lat' dir='ltr'><strong>tamen,</strong></span> <span class='ocrx_word' id='word_1_122' title='bbox 929 1851 992 1908; x_wconf 83' lang='lat' dir='ltr'><strong>quae</strong></span> <span class='ocrx_word' id='word_1_123' title='bbox 1016 1853 1109 1908; x_wconf 91' lang='lat' dir='ltr'><strong>prope</strong></span> <span class='ocrx_word' id='word_1_124' title='bbox 1133 1833 1307 1890; x_wconf 85' lang='lat' dir='ltr'><strong>maturitatem</strong></span> 
     </span>
     <span class='ocr_line' id='line_1_16' title="bbox 270 1937 1308 2012; baseline -0.004 -16"><span class='ocrx_word' id='word_1_125' title='bbox 270 1947 367 2009; x_wconf 89' lang='lat' dir='ltr'><strong>erant,</strong></span> <span class='ocrx_word' id='word_1_126' title='bbox 397 1939 524 1996; x_wconf 85' lang='lat' dir='ltr'><strong>maxime</strong></span> <span class='ocrx_word' id='word_1_127' title='bbox 544 1938 573 1994; x_wconf 90' lang='lat' dir='ltr'><strong>in</strong></span> <span class='ocrx_word' id='word_1_128' title='bbox 595 1939 657 1995; x_wconf 91' lang='lat' dir='ltr'><strong>sinu</strong></span> <span class='ocrx_word' id='word_1_129' title='bbox 680 1939 840 1996; x_wconf 86' lang='lat' dir='ltr'><strong>AEnianum</strong></span> <span class='ocrx_word' id='word_1_130' title='bbox 863 1940 1015 2009; x_wconf 81' lang='lat' dir='ltr'><strong>evastatis,</strong></span> <span class='ocrx_word' id='word_1_131' title='bbox 1037 1938 1211 1997; x_wconf 83' lang='lat' dir='ltr'><strong>Scotussam</strong></span> <span class='ocrx_word' id='word_1_132' title='bbox 1230 1937 1308 2012; x_wconf 77' lang='lat' dir='ltr'><strong>copim</strong></span> 
     </span>
     <span class='ocr_line' id='line_1_17' title="bbox 268 2043 1308 2121; baseline -0.002 -21"><span class='ocrx_word' id='word_1_133' title='bbox 268 2045 388 2102; x_wconf 87' lang='lat' dir='ltr'><strong>reducit.</strong></span> <span class='ocrx_word' id='word_1_134' title='bbox 436 2043 482 2100; x_wconf 93' lang='lat' dir='ltr'><strong>Ibi</strong></span> <span class='ocrx_word' id='word_1_135' title='bbox 506 2045 632 2101; x_wconf 87' lang='lat' dir='ltr'><strong>exercitu</strong></span> <span class='ocrx_word' id='word_1_136' title='bbox 655 2044 733 2100; x_wconf 92' lang='lat' dir='ltr'><strong>omni</strong></span> <span class='ocrx_word' id='word_1_137' title='bbox 756 2043 866 2114; x_wconf 89' lang='lat' dir='ltr'><strong>relicto,</strong></span> <span class='ocrx_word' id='word_1_138' title='bbox 888 2062 952 2101; x_wconf 91' lang='lat' dir='ltr'><strong>cum</strong></span> <span class='ocrx_word' id='word_1_139' title='bbox 974 2046 1094 2102; x_wconf 83' lang='lat' dir='ltr'><strong>cohorte</strong></span> <span class='ocrx_word' id='word_1_140' title='bbox 1116 2047 1202 2121; x_wconf 89' lang='lat' dir='ltr'><strong>regia</strong></span> <span class='ocrx_word' id='word_1_141' title='bbox 1221 2046 1308 2102; x_wconf 82' lang='lat' dir='ltr'><strong>Deme·</strong></span> 
     </span>
    </p>

    <p class='ocr_par' dir='ltr' id='par_1_6' title="bbox 221 2149 1307 2332">
     <span class='ocr_line' id='line_1_18' title="bbox 221 2149 1307 2226; baseline -0.003 -18"><span class='ocrx_word' id='word_1_142' title='bbox 221 2153 256 2208; x_wconf 91' lang='grc'><strong>16</strong></span> <span class='ocrx_word' id='word_1_143' title='bbox 268 2152 389 2209; x_wconf 87' lang='lat' dir='ltr'><strong>triadem</strong></span> <span class='ocrx_word' id='word_1_144' title='bbox 411 2167 474 2206; x_wconf 89' lang='lat' dir='ltr'><strong>sese</strong></span> <span class='ocrx_word' id='word_1_145' title='bbox 495 2151 605 2225; x_wconf 87' lang='lat' dir='ltr'><strong>recipit.</strong></span> <span class='ocrx_word' id='word_1_146' title='bbox 653 2149 725 2208; x_wconf 90' lang='lat' dir='ltr'><strong>Inde</strong></span> <span class='ocrx_word' id='word_1_147' title='bbox 747 2158 778 2205; x_wconf 92' lang='lat' dir='ltr'><strong>ut</strong></span> <span class='ocrx_word' id='word_1_148' title='bbox 799 2150 837 2206; x_wconf 90' lang='lat' dir='ltr'><strong>ad</strong></span> <span class='ocrx_word' id='word_1_149' title='bbox 859 2167 958 2206; x_wconf 91' lang='lat' dir='ltr'><strong>omnes</strong></span> <span class='ocrx_word' id='word_1_150' title='bbox 974 2151 1100 2208; x_wconf 85' lang='lat' dir='ltr'><strong>hostium</strong></span> <span class='ocrx_word' id='word_1_151' title='bbox 1118 2161 1216 2208; x_wconf 83' lang='lat' dir='ltr'><strong>motus</strong></span> <span class='ocrx_word' id='word_1_152' title='bbox 1231 2155 1307 2226; x_wconf 84' lang='lat' dir='ltr'><strong>posset</strong></span> 
     </span>
     <span class='ocr_line' id='line_1_19' title="bbox 269 2254 1304 2332; baseline -0.008 -17"><span class='ocrx_word' id='word_1_153' title='bbox 269 2275 434 2324; x_wconf 87' lang='lat' dir='ltr'><strong>occurrere,</strong></span> <span class='ocrx_word' id='word_1_154' title='bbox 455 2256 485 2312; x_wconf 91' lang='lat' dir='ltr'><strong>in</strong></span> <span class='ocrx_word' id='word_1_155' title='bbox 507 2257 664 2313; x_wconf 88' lang='lat' dir='ltr'><strong>Phocidem</strong></span> <span class='ocrx_word' id='word_1_156' title='bbox 687 2263 775 2329; x_wconf 89' lang='lat' dir='ltr'><strong>atque</strong></span> <span class='ocrx_word' id='word_1_157' title='bbox 797 2256 939 2313; x_wconf 88' lang='lat' dir='ltr'><strong>Euboeam</strong></span> <span class='ocrx_word' id='word_1_158' title='bbox 960 2265 989 2312; x_wconf 84' lang='lat' dir='ltr'><strong>et</strong></span> <span class='ocrx_word' id='word_1_159' title='bbox 1010 2257 1210 2332; x_wconf 82' lang='lat' dir='ltr'><strong>Peparethum</strong></span> <span class='ocrx_word' id='word_1_160' title='bbox 1232 2254 1304 2312; x_wconf 79' lang='lat' dir='ltr'><strong>mittit</strong></span> 
     </span>
    </p>

    <p class='ocr_par' dir='ltr' id='par_1_7' title="bbox 219 2360 1305 2752">
     <span class='ocr_line' id='line_1_20' title="bbox 219 2360 1305 2438; baseline -0.004 -20"><span class='ocrx_word' id='word_1_161' title='bbox 219 2364 254 2419; x_wconf 84' lang='lat'><strong>17</strong></span> <span class='ocrx_word' id='word_1_162' title='bbox 269 2362 317 2437; x_wconf 93' lang='lat' dir='ltr'><strong>qui</strong></span> <span class='ocrx_word' id='word_1_163' title='bbox 340 2363 405 2418; x_wconf 85' lang='lat' dir='ltr'><strong>loca</strong></span> <span class='ocrx_word' id='word_1_164' title='bbox 426 2361 485 2419; x_wconf 87' lang='lat' dir='ltr'><strong>alta</strong></span> <span class='ocrx_word' id='word_1_165' title='bbox 508 2362 662 2436; x_wconf 86' lang='lat' dir='ltr'><strong>eligerent,</strong></span> <span class='ocrx_word' id='word_1_166' title='bbox 697 2361 772 2417; x_wconf 92' lang='lat' dir='ltr'><strong>uude</strong></span> <span class='ocrx_word' id='word_1_167' title='bbox 801 2361 869 2417; x_wconf 87' lang='lat' dir='ltr'><strong>editi</strong></span> <span class='ocrx_word' id='word_1_168' title='bbox 888 2361 969 2435; x_wconf 90' lang='lat' dir='ltr'><strong>ignes</strong></span> <span class='ocrx_word' id='word_1_169' title='bbox 994 2371 1186 2437; x_wconf 88' lang='lat' dir='ltr'><strong>apparerent;</strong></span> <span class='ocrx_word' id='word_1_170' title='bbox 1216 2360 1305 2438; x_wconf 87' lang='lat' dir='ltr'><strong>ipsein</strong></span> 
     </span>
     <span class='ocr_line' id='line_1_21' title="bbox 268 2466 1305 2543; baseline -0.004 -18"><span class='ocrx_word' id='word_1_171' title='bbox 268 2468 364 2525; x_wconf 78' lang='lat' dir='ltr'><strong>Tisaeo</strong></span> <span class='ocrx_word' id='word_1_172' title='bbox 398 2466 492 2543; x_wconf 83' lang='lat' dir='ltr'><strong>(mons</strong></span> <span class='ocrx_word' id='word_1_173' title='bbox 527 2476 570 2524; x_wconf 86' lang='lat' dir='ltr'><strong>est</strong></span> <span class='ocrx_word' id='word_1_174' title='bbox 605 2468 634 2524; x_wconf 92' lang='lat' dir='ltr'><strong>in</strong></span> <span class='ocrx_word' id='word_1_175' title='bbox 666 2466 844 2524; x_wconf 84' lang='lat' dir='ltr'><strong>altitudinem</strong></span> <span class='ocrx_word' id='word_1_176' title='bbox 877 2467 1020 2541; x_wconf 88' lang='lat' dir='ltr'><strong>ingentem</strong></span> <span class='ocrx_word' id='word_1_177' title='bbox 1055 2469 1214 2524; x_wconf 87' lang='lat' dir='ltr'><strong>cacuminis</strong></span> <span class='ocrx_word' id='word_1_178' title='bbox 1245 2466 1305 2533; x_wconf 69' lang='lat' dir='ltr'><strong>editi)</strong></span> 
     </span>
     <span class='ocr_line' id='line_1_22' title="bbox 268 2569 1305 2649; baseline -0.006 -18"><span class='ocrx_word' id='word_1_179' title='bbox 268 2574 413 2649; x_wconf 87' lang='lat' dir='ltr'><strong>speculam</strong></span> <span class='ocrx_word' id='word_1_180' title='bbox 435 2573 545 2647; x_wconf 90' lang='lat' dir='ltr'><strong>posuit,</strong></span> <span class='ocrx_word' id='word_1_181' title='bbox 575 2582 607 2628; x_wconf 88' lang='lat' dir='ltr'><strong>ut</strong></span> <span class='ocrx_word' id='word_1_182' title='bbox 629 2571 743 2646; x_wconf 86' lang='lat' dir='ltr'><strong>ignibus</strong></span> <span class='ocrx_word' id='word_1_183' title='bbox 768 2572 868 2646; x_wconf 89' lang='lat' dir='ltr'><strong>procul</strong></span> <span class='ocrx_word' id='word_1_184' title='bbox 889 2571 1008 2628; x_wconf 90' lang='lat' dir='ltr'><strong>sublatis</strong></span> <span class='ocrx_word' id='word_1_185' title='bbox 1029 2572 1155 2646; x_wconf 87' lang='lat' dir='ltr'><strong>signum,</strong></span> <span class='ocrx_word' id='word_1_186' title='bbox 1188 2574 1236 2630; x_wconf 90' lang='lat' dir='ltr'><strong>ubi</strong></span> <span class='ocrx_word' id='word_1_187' title='bbox 1256 2569 1305 2647; x_wconf 89' lang='lat' dir='ltr'><strong>quid</strong></span> 
     </span>
     <span class='ocr_line' id='line_1_23' title="bbox 269 2677 1063 2752; baseline -0.003 -15"><span class='ocrx_word' id='word_1_188' title='bbox 269 2680 435 2737; x_wconf 86' lang='lat' dir='ltr'><strong>molirentur</strong></span> <span class='ocrx_word' id='word_1_189' title='bbox 454 2680 561 2749; x_wconf 83' lang='lat' dir='ltr'><strong>hostes,</strong></span> <span class='ocrx_word' id='word_1_190' title='bbox 583 2686 728 2735; x_wconf 89' lang='lat' dir='ltr'><strong>momento</strong></span> <span class='ocrx_word' id='word_1_191' title='bbox 752 2677 890 2752; x_wconf 85' lang='lat' dir='ltr'><strong>temporis</strong></span> <span class='ocrx_word' id='word_1_192' title='bbox 912 2678 1063 2752; x_wconf 75' lang='lat' dir='ltr'><strong>acciperet</strong></span> 
     </span>
    </p>
   </div>
   <div class='ocr_carea' id='block_1_5' title="bbox 135 2782 1324 2859">
    <p class='ocr_par' dir='ltr' id='par_1_8' title="bbox 135 2782 1324 2859">
     <span class='ocr_line' id='line_1_24' title="bbox 135 2782 1324 2859; baseline 0.003 -19"><span class='ocrx_word' id='word_1_193' title='bbox 135 2801 146 2816; x_wconf 61' lang='lat'><strong>*</strong></span> <span class='ocrx_word' id='word_1_194' title='bbox 219 2784 255 2841; x_wconf 89' lang='grc'><strong>18</strong></span> <span class='ocrx_word' id='word_1_195' title='bbox 350 2787 499 2846; x_wconf 86' lang='lat' dir='ltr'><strong>Romanus</strong></span> <span class='ocrx_word' id='word_1_196' title='bbox 526 2782 685 2857; x_wconf 87' lang='lat' dir='ltr'><strong>imperator</strong></span> <span class='ocrx_word' id='word_1_197' title='bbox 705 2792 734 2840; x_wconf 88' lang='lat' dir='ltr'><strong>et</strong></span> <span class='ocrx_word' id='word_1_198' title='bbox 754 2784 872 2842; x_wconf 87' lang='lat' dir='ltr'><strong>Attalus</strong></span> <span class='ocrx_word' id='word_1_199' title='bbox 893 2803 946 2841; x_wconf 85' lang='lat' dir='ltr'><strong>rex</strong></span> <span class='ocrx_word' id='word_1_200' title='bbox 968 2803 987 2840; x_wconf 86' lang='lat' dir='ltr'><strong>a</strong></span> <span class='ocrx_word' id='word_1_201' title='bbox 1006 2785 1175 2859; x_wconf 89' lang='lat' dir='ltr'><strong>Peparetho</strong></span> <span class='ocrx_word' id='word_1_202' title='bbox 1196 2787 1324 2844; x_wconf 50' lang='lat' dir='ltr'><strong>Nisam}</strong></span> 
     </span>
    </p>
   </div>
   <div class='ocr_carea' id='block_1_6' title="bbox 195 2888 1302 4130">
    <p class='ocr_par' dir='ltr' id='par_1_9' title="bbox 195 2888 1302 4130">
     <span class='ocr_line' id='line_1_25' title="bbox 268 2888 1301 2961; baseline -0.006 -11"><span class='ocrx_word' id='word_1_203' title='bbox 268 2893 456 2961; x_wconf 88' lang='lat' dir='ltr'><strong>traiecerunt;</strong></span> <span class='ocrx_word' id='word_1_204' title='bbox 478 2889 544 2947; x_wconf 91' lang='lat' dir='ltr'><strong>inde</strong></span> <span class='ocrx_word' id='word_1_205' title='bbox 563 2888 684 2944; x_wconf 86' lang='lat' dir='ltr'><strong>classem</strong></span> <span class='ocrx_word' id='word_1_206' title='bbox 706 2891 736 2946; x_wconf 88' lang='lat' dir='ltr'><strong>in</strong></span> <span class='ocrx_word' id='word_1_207' title='bbox 756 2891 900 2948; x_wconf 89' lang='lat' dir='ltr'><strong>Euboeam</strong></span> <span class='ocrx_word' id='word_1_208' title='bbox 921 2890 959 2946; x_wconf 86' lang='lat' dir='ltr'><strong>ad</strong></span> <span class='ocrx_word' id='word_1_209' title='bbox 982 2891 1083 2947; x_wconf 90' lang='lat' dir='ltr'><strong>urbem</strong></span> <span class='ocrx_word' id='word_1_210' title='bbox 1107 2890 1215 2949; x_wconf 87' lang='lat' dir='ltr'><strong>Oreum</strong></span> <span class='ocrx_word' id='word_1_211' title='bbox 1231 2902 1301 2948; x_wconf 79' lang='lat' dir='ltr'><strong>tram</strong></span> 
     </span>
     <span class='ocr_line' id='line_1_26' title="bbox 267 2993 1302 3074; baseline -0.005 -19"><span class='ocrx_word' id='word_1_212' title='bbox 267 2998 391 3068; x_wconf 90' lang='lat' dir='ltr'><strong>mittunt,</strong></span> <span class='ocrx_word' id='word_1_213' title='bbox 413 3016 476 3074; x_wconf 79' lang='lat' dir='ltr'><strong>quse</strong></span> <span class='ocrx_word' id='word_1_214' title='bbox 498 2997 535 3053; x_wconf 87' lang='lat' dir='ltr'><strong>ab</strong></span> <span class='ocrx_word' id='word_1_215' title='bbox 550 2995 735 3052; x_wconf 85' lang='lat' dir='ltr'><strong>Demetriaco</strong></span> <span class='ocrx_word' id='word_1_216' title='bbox 750 2995 812 3052; x_wconf 92' lang='lat' dir='ltr'><strong>sinu</strong></span> <span class='ocrx_word' id='word_1_217' title='bbox 830 2994 995 3054; x_wconf 84' lang='lat' dir='ltr'><strong>Chalcidem</strong></span> <span class='ocrx_word' id='word_1_218' title='bbox 1016 3006 1045 3053; x_wconf 86' lang='lat' dir='ltr'><strong>et</strong></span> <span class='ocrx_word' id='word_1_219' title='bbox 1057 2997 1200 3072; x_wconf 90' lang='lat' dir='ltr'><strong>Euripum</strong></span> <span class='ocrx_word' id='word_1_220' title='bbox 1220 2993 1302 3073; x_wconf 88' lang='lat' dir='ltr'><strong>petenti</strong></span> 
     </span>
     <span class='ocr_line' id='line_1_27' title="bbox 219 3102 1300 3178; baseline -0.005 -18"><span class='ocrx_word' id='word_1_221' title='bbox 219 3105 255 3160; x_wconf 87' lang='grc'><strong>19</strong></span> <span class='ocrx_word' id='word_1_222' title='bbox 270 3104 307 3162; x_wconf 90' lang='lat' dir='ltr'><strong>ad</strong></span> <span class='ocrx_word' id='word_1_223' title='bbox 336 3105 438 3161; x_wconf 87' lang='lat' dir='ltr'><strong>laevam</strong></span> <span class='ocrx_word' id='word_1_224' title='bbox 466 3102 559 3178; x_wconf 89' lang='lat' dir='ltr'><strong>prima</strong></span> <span class='ocrx_word' id='word_1_225' title='bbox 576 3102 688 3158; x_wconf 91' lang='lat' dir='ltr'><strong>urbium</strong></span> <span class='ocrx_word' id='word_1_226' title='bbox 701 3102 821 3160; x_wconf 80' lang='lat' dir='ltr'><strong>Euboeae</strong></span> <span class='ocrx_word' id='word_1_227' title='bbox 831 3103 927 3178; x_wconf 90' lang='lat' dir='ltr'><strong>posita</strong></span> <span class='ocrx_word' id='word_1_228' title='bbox 946 3113 998 3160; x_wconf 87' lang='lat' dir='ltr'><strong>est.</strong></span> <span class='ocrx_word' id='word_1_229' title='bbox 1046 3104 1094 3160; x_wconf 91' lang='lat' dir='ltr'><strong>Ita</strong></span> <span class='ocrx_word' id='word_1_230' title='bbox 1108 3103 1183 3162; x_wconf 87' lang='lat' dir='ltr'><strong>inter</strong></span> <span class='ocrx_word' id='word_1_231' title='bbox 1192 3103 1300 3162; x_wconf 83' lang='lat' dir='ltr'><strong>Attalum</strong></span> 
     </span>
     <span class='ocr_line' id='line_1_28' title="bbox 270 3208 1300 3286; baseline -0.002 -20"><span class='ocrx_word' id='word_1_232' title='bbox 270 3227 305 3266; x_wconf 86' lang='lat' dir='ltr'><strong>ac</strong></span> <span class='ocrx_word' id='word_1_233' title='bbox 343 3209 499 3284; x_wconf 87' lang='lat' dir='ltr'><strong>Sulpicium</strong></span> <span class='ocrx_word' id='word_1_234' title='bbox 532 3208 680 3278; x_wconf 86' lang='lat' dir='ltr'><strong>convenit,</strong></span> <span class='ocrx_word' id='word_1_235' title='bbox 717 3217 748 3264; x_wconf 89' lang='grc'><strong>111</strong></span> <span class='ocrx_word' id='word_1_236' title='bbox 778 3209 905 3266; x_wconf 88' lang='lat' dir='ltr'><strong>Romani</strong></span> <span class='ocrx_word' id='word_1_237' title='bbox 936 3230 954 3266; x_wconf 92' lang='lat' dir='ltr'><strong>a</strong></span> <span class='ocrx_word' id='word_1_238' title='bbox 984 3210 1075 3282; x_wconf 91' lang='lat' dir='ltr'><strong>mari,</strong></span> <span class='ocrx_word' id='word_1_239' title='bbox 1107 3211 1180 3286; x_wconf 87' lang='lat' dir='ltr'><strong>regii</strong></span> <span class='ocrx_word' id='word_1_240' title='bbox 1209 3220 1300 3268; x_wconf 83' lang='lat' dir='ltr'><strong>atem</strong></span> 
     </span>
     <span class='ocr_line' id='line_1_29' title="bbox 195 3311 1299 3390; baseline -0.004 -17"><span class='ocrx_word' id='word_1_241' title='bbox 195 3311 217 3378; x_wconf 80' lang='lat' dir='ltr'><strong>ii</strong></span> <span class='ocrx_word' id='word_1_242' title='bbox 271 3323 481 3390; x_wconf 83' lang='lat' dir='ltr'><strong>oppugnarent.</strong></span> <span class='ocrx_word' id='word_1_243' title='bbox 515 3313 675 3386; x_wconf 79' lang='lat' dir='ltr'><strong>Quatriduo</strong></span> <span class='ocrx_word' id='word_1_244' title='bbox 699 3323 774 3389; x_wconf 86' lang='lat' dir='ltr'><strong>post,</strong></span> <span class='ocrx_word' id='word_1_245' title='bbox 796 3333 883 3388; x_wconf 90' lang='lat' dir='ltr'><strong>quam</strong></span> <span class='ocrx_word' id='word_1_246' title='bbox 895 3313 1019 3390; x_wconf 88' lang='lat' dir='ltr'><strong>appulsa</strong></span> <span class='ocrx_word' id='word_1_247' title='bbox 1036 3315 1137 3374; x_wconf 87' lang='lat' dir='ltr'><strong>classis</strong></span> <span class='ocrx_word' id='word_1_248' title='bbox 1153 3325 1203 3385; x_wconf 85' lang='lat' dir='ltr'><strong>est,</strong></span> <span class='ocrx_word' id='word_1_249' title='bbox 1224 3315 1299 3371; x_wconf 87' lang='lat' dir='ltr'><strong>urben</strong></span> 
     </span>
     <span class='ocr_line' id='line_1_30' title="bbox 271 3419 1298 3496; baseline 0 -20"><span class='ocrx_word' id='word_1_250' title='bbox 271 3421 400 3496; x_wconf 82' lang='lat' dir='ltr'><strong>aggressi</strong></span> <span class='ocrx_word' id='word_1_251' title='bbox 421 3429 496 3480; x_wconf 82' lang='lat' dir='ltr'><strong>suut.</strong></span> <span class='ocrx_word' id='word_1_252' title='bbox 540 3419 575 3477; x_wconf 90' lang='lat' dir='ltr'><strong>Id</strong></span> <span class='ocrx_word' id='word_1_253' title='bbox 592 3428 704 3494; x_wconf 86' lang='lat' dir='ltr'><strong>tempus</strong></span> <span class='ocrx_word' id='word_1_254' title='bbox 726 3421 844 3478; x_wconf 88' lang='lat' dir='ltr'><strong>occultis</strong></span> <span class='ocrx_word' id='word_1_255' title='bbox 859 3441 922 3480; x_wconf 89' lang='lat' dir='ltr'><strong>cum</strong></span> <span class='ocrx_word' id='word_1_256' title='bbox 938 3422 1068 3493; x_wconf 88' lang='lat' dir='ltr'><strong>Platore,</strong></span> <span class='ocrx_word' id='word_1_257' title='bbox 1091 3423 1141 3496; x_wconf 93' lang='lat' dir='ltr'><strong>qui</strong></span> <span class='ocrx_word' id='word_1_258' title='bbox 1157 3442 1176 3478; x_wconf 91' lang='lat' dir='ltr'><strong>a</strong></span> <span class='ocrx_word' id='word_1_259' title='bbox 1189 3421 1298 3493; x_wconf 80' lang='lat' dir='ltr'><strong>Philippo</strong></span> 
     </span>
     <span class='ocr_line' id='line_1_31' title="bbox 240 3524 1298 3602; baseline -0.004 -18"><span class='ocrx_word' id='word_1_260' title='bbox 240 3526 440 3600; x_wconf 84' lang='lat' dir='ltr'><strong>2praepositus</strong></span> <span class='ocrx_word' id='word_1_261' title='bbox 461 3525 526 3583; x_wconf 91' lang='lat' dir='ltr'><strong>urbi</strong></span> <span class='ocrx_word' id='word_1_262' title='bbox 547 3534 622 3595; x_wconf 90' lang='lat' dir='ltr'><strong>erat,</strong></span> <span class='ocrx_word' id='word_1_263' title='bbox 655 3524 804 3600; x_wconf 90' lang='lat' dir='ltr'><strong>colloquiis</strong></span> <span class='ocrx_word' id='word_1_264' title='bbox 826 3528 1009 3602; x_wconf 85' lang='lat' dir='ltr'><strong>absumptum</strong></span> <span class='ocrx_word' id='word_1_265' title='bbox 1036 3537 1088 3588; x_wconf 90' lang='lat' dir='ltr'><strong>est.</strong></span> <span class='ocrx_word' id='word_1_266' title='bbox 1136 3529 1218 3585; x_wconf 88' lang='lat' dir='ltr'><strong>Duas</strong></span> <span class='ocrx_word' id='word_1_267' title='bbox 1240 3539 1298 3580; x_wconf 72' lang='lat' dir='ltr'><strong>arce</strong></span> 
     </span>
     <span class='ocr_line' id='line_1_32' title="bbox 270 3630 1295 3704; baseline -0.003 -18"><span class='ocrx_word' id='word_1_268' title='bbox 270 3630 338 3687; x_wconf 89' lang='lat' dir='ltr'><strong>urbs</strong></span> <span class='ocrx_word' id='word_1_269' title='bbox 359 3631 461 3701; x_wconf 83' lang='lat' dir='ltr'><strong>habet,</strong></span> <span class='ocrx_word' id='word_1_270' title='bbox 495 3649 581 3688; x_wconf 89' lang='lat' dir='ltr'><strong>unam</strong></span> <span class='ocrx_word' id='word_1_271' title='bbox 602 3631 796 3688; x_wconf 87' lang='lat' dir='ltr'><strong>imminentem</strong></span> <span class='ocrx_word' id='word_1_272' title='bbox 819 3633 908 3704; x_wconf 87' lang='lat' dir='ltr'><strong>mari,</strong></span> <span class='ocrx_word' id='word_1_273' title='bbox 941 3634 1033 3690; x_wconf 88' lang='lat' dir='ltr'><strong>altera</strong></span> <span class='ocrx_word' id='word_1_274' title='bbox 1054 3633 1134 3691; x_wconf 88' lang='lat' dir='ltr'><strong>urbis</strong></span> <span class='ocrx_word' id='word_1_275' title='bbox 1156 3631 1295 3688; x_wconf 72' lang='lat' dir='ltr'><strong>mediaest.</strong></span> 
     </span>
     <span class='ocr_line' id='line_1_33' title="bbox 271 3732 1296 3812; baseline -0.004 -19"><span class='ocrx_word' id='word_1_276' title='bbox 271 3735 409 3793; x_wconf 85' lang='lat' dir='ltr'><strong>Cuniculo</strong></span> <span class='ocrx_word' id='word_1_277' title='bbox 440 3737 506 3793; x_wconf 92' lang='lat' dir='ltr'><strong>inde</strong></span> <span class='ocrx_word' id='word_1_278' title='bbox 533 3737 581 3793; x_wconf 87' lang='lat' dir='ltr'><strong>via</strong></span> <span class='ocrx_word' id='word_1_279' title='bbox 603 3737 641 3794; x_wconf 90' lang='lat' dir='ltr'><strong>ad</strong></span> <span class='ocrx_word' id='word_1_280' title='bbox 664 3755 743 3792; x_wconf 90' lang='lat' dir='ltr'><strong>mare</strong></span> <span class='ocrx_word' id='word_1_281' title='bbox 763 3737 855 3808; x_wconf 83' lang='lat' dir='ltr'><strong>ducit,</strong></span> <span class='ocrx_word' id='word_1_282' title='bbox 889 3757 975 3812; x_wconf 86' lang='lat' dir='ltr'><strong>quam</strong></span> <span class='ocrx_word' id='word_1_283' title='bbox 999 3759 1017 3796; x_wconf 89' lang='lat' dir='ltr'><strong>a</strong></span> <span class='ocrx_word' id='word_1_284' title='bbox 1039 3739 1113 3796; x_wconf 88' lang='lat' dir='ltr'><strong>mari</strong></span> <span class='ocrx_word' id='word_1_285' title='bbox 1134 3738 1216 3795; x_wconf 89' lang='lat' dir='ltr'><strong>turris</strong></span> <span class='ocrx_word' id='word_1_286' title='bbox 1237 3732 1296 3808; x_wconf 87' lang='lat' dir='ltr'><strong>quin·</strong></span> 
     </span>
     <span class='ocr_line' id='line_1_34' title="bbox 240 3833 1294 3918; baseline -0.002 -17"><span class='ocrx_word' id='word_1_287' title='bbox 240 3847 326 3916; x_wconf 85' lang='lat' dir='ltr'><strong>3que</strong></span> <span class='ocrx_word' id='word_1_288' title='bbox 348 3842 560 3911; x_wconf 73' lang='lat' dir='ltr'><strong>tabulatorum,</strong></span> <span class='ocrx_word' id='word_1_289' title='bbox 592 3843 737 3918; x_wconf 86' lang='lat' dir='ltr'><strong>egregium</strong></span> <span class='ocrx_word' id='word_1_290' title='bbox 765 3843 1030 3916; x_wconf 86' lang='lat' dir='ltr'><strong>propugnaculum,</strong></span> <span class='ocrx_word' id='word_1_291' title='bbox 1066 3844 1225 3902; x_wconf 87' lang='lat' dir='ltr'><strong>claudebat.</strong></span> <span class='ocrx_word' id='word_1_292' title='bbox 1265 3833 1294 3893; x_wconf 79' lang='lat' dir='ltr'><strong>lbi</strong></span> 
     </span>
     <span class='ocr_line' id='line_1_35' title="bbox 269 3948 1294 4022; baseline -0.001 -18"><span class='ocrx_word' id='word_1_293' title='bbox 269 3949 362 4022; x_wconf 91' lang='lat' dir='ltr'><strong>primo</strong></span> <span class='ocrx_word' id='word_1_294' title='bbox 385 3948 593 4004; x_wconf 87' lang='lat' dir='ltr'><strong>atrocissimum</strong></span> <span class='ocrx_word' id='word_1_295' title='bbox 616 3956 793 4004; x_wconf 89' lang='lat' dir='ltr'><strong>contractum</strong></span> <span class='ocrx_word' id='word_1_296' title='bbox 812 3956 855 4004; x_wconf 90' lang='lat' dir='ltr'><strong>est</strong></span> <span class='ocrx_word' id='word_1_297' title='bbox 876 3957 1030 4019; x_wconf 88' lang='lat' dir='ltr'><strong>certamen,</strong></span> <span class='ocrx_word' id='word_1_298' title='bbox 1050 3959 1080 4007; x_wconf 86' lang='lat' dir='ltr'><strong>et</strong></span> <span class='ocrx_word' id='word_1_299' title='bbox 1098 3950 1294 4007; x_wconf 70' lang='lat' dir='ltr'><strong>macinarum</strong></span> 
     </span>
     <span class='ocr_line' id='line_1_36' title="bbox 271 4050 1292 4130; baseline 0.003 -25"><span class='ocrx_word' id='word_1_300' title='bbox 271 4051 347 4106; x_wconf 92' lang='lat' dir='ltr'><strong>omni</strong></span> <span class='ocrx_word' id='word_1_301' title='bbox 361 4068 466 4124; x_wconf 87' lang='lat' dir='ltr'><strong>genere</strong></span> <span class='ocrx_word' id='word_1_302' title='bbox 479 4052 610 4121; x_wconf 85' lang='lat' dir='ltr'><strong>telorum,</strong></span> <span class='ocrx_word' id='word_1_303' title='bbox 629 4061 657 4107; x_wconf 86' lang='lat' dir='ltr'><strong>et</strong></span> <span class='ocrx_word' id='word_1_304' title='bbox 674 4053 822 4109; x_wconf 89' lang='lat' dir='ltr'><strong>tormentis</strong></span> <span class='ocrx_word' id='word_1_305' title='bbox 842 4054 1039 4128; x_wconf 89' lang='lat' dir='ltr'><strong>machinisque</strong></span> <span class='ocrx_word' id='word_1_306' title='bbox 1051 4056 1088 4111; x_wconf 88' lang='lat' dir='ltr'><strong>ad</strong></span> <span class='ocrx_word' id='word_1_307' title='bbox 1100 4050 1292 4130; x_wconf 71' lang='lat' dir='ltr'><strong>oppugnandum</strong></span> 
     </span>
    </p>
   </div>
   <div class='ocr_carea' id='block_1_7' title="bbox 0 0 1344 4560">
    <p class='ocr_par' dir='ltr' id='par_1_10' title="bbox 0 0 1344 4560">
     <span class='ocr_line' id='line_1_37' title="bbox 0 0 1344 4560; baseline 0 1"><span class='ocrx_word' id='word_1_308' title='bbox 0 0 1344 4560; x_wconf 95' lang='lat' dir='ltr'><strong> </strong></span> 
     </span>
    </p>
   </div>
  </div>
 </body>
</html>
