2748 4556
309 231 367 288 220
572 227 651 277 Liber
667 224 769 276 XXIX.
806 227 855 288 (Δ.
868 240 894 276 ιι.
909 241 930 274 o.
944 229 1014 280 550.)

263 411 359 470 medio
382 411 528 487 legionum
552 410 654 467 castris
675 409 832 485 impositis,
859 408 936 466 latus
958 409 996 466 ad
1014 409 1227 482 septentrionem
1246 425 1298 462 var·
1343 472 1346 497 ἦ

262 535 326 574 sum
356 516 505 574 subducte
532 533 623 574 naves
654 515 833 589 navalesque
861 513 933 572 socii
955 515 1099 583 tenebant,
1127 511 1301 569 meridianam
1345 522 1346 527 ’

215 630 251 685 15
265 621 370 680 vallem
396 621 434 678 ad
455 621 577 680 alterum
601 621 668 679 litus
690 624 836 696 equitatus.
883 620 956 676 Haeo
986 618 1016 674 in
1038 616 1135 676 Africa
1164 635 1253 690 nsque
1275 615 1303 670 ud

266 736 425 784 extremum
449 728 581 784 autumni
601 735 692 802 gesta.

167 833 212 903 86
350 832 462 889 Praeler
490 842 660 890 convectum
690 831 816 904 undique
838 847 875 886 sx
899 829 1047 904 populatis
1068 829 1141 885 circa
1162 827 1242 902 egris
1260 825 1308 882 fru-

266 945 393 993 mentum
416 945 653 1012 commeatusque
683 957 720 994 ex
743 935 842 995 Sicilia
863 943 952 1010 atque
973 934 1061 992 Italia
1082 934 1237 1002 advectos,
1269 930 1311 988 Cn.

264 1040 405 1099 Octavius
438 1043 600 1116 propraetor
635 1061 672 1099 ex
708 1041 846 1100 Sardinia
881 1041 919 1098 ab
956 1041 1005 1098 Ti.
1036 1039 1156 1098 Claudio
1191 1049 1311 1114 pretore

263 1145 343 1203 cuius
376 1165 412 1204 sa
445 1147 597 1221 provincie
629 1155 709 1216 eret,
748 1147 893 1221 ingentem
931 1146 990 1204 vim
1024 1145 1158 1202 humenti
1192 1143 1313 1202 advexit:

232 1251 426 1324 thorreaqne
447 1269 505 1308 non
525 1252 628 1321 solum,
650 1269 714 1325 qum
735 1254 793 1308 iam
816 1250 895 1309 faeta
916 1261 1008 1320 erant,
1030 1251 1156 1326 repleta,
1175 1250 1230 1308 sed
1251 1267 1315 1306 nora

263 1355 415 1415 edificata.
463 1357 646 1414 Vestimenta
667 1357 805 1414 exercitui
830 1357 963 1426 deerant3
991 1356 1022 1412 id
1044 1356 1211 1413 mandatnm
1235 1353 1315 1412 Oeta-

263 1460 329 1532 vio‚
363 1472 395 1519 ut
421 1479 484 1518 cum
516 1472 641 1536 prsetore
672 1472 787 1537 ageret,
820 1462 844 1518 si
867 1462 996 1536 quidex
1019 1481 1055 1518 ea
1076 1462 1226 1537 provincie
1248 1479 1316 1516 com·

233 1566 361 1641 Sparari
385 1585 420 1624 ac
441 1566 515 1624 mitti
537 1576 645 1642 posset.
689 1568 735 1624 Ea
757 1585 873 1641 quoque
895 1567 973 1624 haud
996 1567 1124 1641 seguiter
1145 1577 1318 1628 curatorem

264 1669 341 1727 mille
368 1671 496 1728 ducentae
526 1683 602 1746 togae
629 1672 710 1729 brevi
738 1672 834 1746 spolio
863 1681 892 1729 et
919 1673 1071 1729 duodecim
1101 1673 1189 1730 millia
1215 1671 1316 1728 tunica·

265 1794 328 1832 rum
351 1776 450 1832 missa.

234 1888 249 1941 4
348 1882 467 1938 AEstate
489 1901 539 1952 eo,
572 1900 631 1956 qua
654 1881 716 1938 haec
737 1882 767 1938 in
789 1881 894 1938 Africa
910 1889 994 1955 gesta
1014 1890 1098 1951 eunt,
1132 1883 1169 1942 P.
1193 1881 1317 1954 Sempro·

265 1986 328 2042 nius
351 1987 466 2056 consul,
506 1986 551 2044 cui
584 1986 690 2042 Bruttii
712 1986 862 2060 provincia
884 1994 964 2056 erat,
996 1985 1026 2041 in
1049 2005 1122 2060 agro
1146 1983 1318 2044 Crotoniensi

264 2111 328 2149 oum
360 2091 526 2150 Hannibale
551 2092 581 2148 in
608 2092 672 2166 ipso
708 2091 809 2148 itinere
836 2089 1023 2147 tumultuario
1059 2091 1164 2164 proelio
1193 2073 1318 2148 coullixit.

234 2197 438 2272 5Agminibus
468 2197 561 2272 magis
592 2214 679 2270 quum
711 2198 773 2254 ecie
803 2204 962 2272 pugnatum
994 2203 1046 2252 est.
1094 2196 1226 2254 Romani
1245 2191 1319 2270 pralsi.

263 2311 291 2358 et
318 2301 441 2357 tumultu
472 2303 569 2358 verius
601 2319 687 2375 quam
718 2320 817 2376 pugna
840 2303 877 2358 sd
899 2302 976 2358 mille
999 2311 1028 2358 et
1049 2301 1167 2362 ducenti
1190 2304 1227 2360 de
1248 2319 1319 2358 exer·
1365 2296 1368 2352 1

233 2406 320 2466 licitu
343 2406 469 2462 consulis
490 2405 649 2475 interfecti3
682 2407 711 2462 in
734 2399 831 2464 oes'tra
853 2406 964 2480 trepide
985 2407 1127 2476 reditum,
1160 2427 1257 2482 neque
1277 2425 1319 2480 op·

263 2527 393 2584 pugnare
419 2521 516 2568 tamen
546 2530 582 2568 ea
611 2514 709 2569 hostes
741 2512 814 2571 ausi.
868 2510 1003 2569 Ceterum
1042 2513 1158 2569 silentio
1189 2513 1320 2588 proxima

263 2615 356 2672 noctis
380 2615 528 2690 profectus
550 2617 616 2674 inde
639 2616 749 2686 consul,
770 2617 919 2690 premisso
944 2617 1045 2674 nuntio
1068 2619 1107 2674 ad
1131 2621 1168 2678 P.
1187 2619 1318 2676 Licinium

263 2721 483 2794 proconsulem,
515 2731 547 2778 ut
572 2739 641 2778 suas
669 2721 797 2797 legiones
826 2724 1008 2791 admoveret,
1040 2723 1141 2798 copies
1171 2723 1321 2782 coniunxit.

233 2825 310 2886 'litu
331 2827 388 2883 duo
411 2827 512 2897 doces,
547 2827 604 2884 duo
631 2827 773 2884 exercitus
801 2828 838 2884 sd
860 2828 1055 2884 Hannibalem
1078 2825 1248 2898 redierun't3
1279 2845 1321 2884 nec

263 2949 346 2987 more
369 2931 523 2988 dimicandi
545 2931 640 3004 lacta,
676 2951 764 3006 quum
790 2933 901 2990 consuli
927 2933 1081 3007 duplicatae
1108 2934 1206 3005 vires,
1239 2936 1321 2992 Poeno

233 3043 362 3097 8recens
397 3036 520 3092 victorie
557 3036 669 3094 animos
700 3036 824 3094 fecisset.
888 3040 924 3096 In
962 3038 1086 3112 primam
1124 3040 1220 3098 aciem
1264 3057 1322 3096 sues

262 3141 391 3214 legiones
421 3140 610 3215 Sempronius
637 3141 763 3211 induxit3
797 3142 826 3197 in
856 3143 991 3200 subsidiis
1020 3143 1124 3200 locatus
1156 3145 1195 3202 P.
1231 3143 1322 3202 Licinii

263 3244 399 3320 legiones.
447 3244 556 3302 Consul
577 3247 719 3322 principio
741 3266 846 3322 pugnae
866 3249 956 3305 aedern
978 3249 1118 3306 Fortunae
1142 3250 1322 3324 Primigenia

262 3351 358 3420 vovit,
397 3350 420 3406 si
453 3369 487 3407 eo
517 3351 563 3407 die
594 3353 693 3408 hostes
722 3351 857 3421 fudisset3
893 3371 1072 3429 composque
1095 3354 1159 3412 eius
1182 3357 1246 3413 voti
1267 3355 1322 3412 fuir.

231 3455 333 3517 9Fusi
356 3475 390 3512 ac
412 3455 505 3531 fugati
527 3456 625 3524 Poeui3
647 3475 736 3532 supra
758 3468 895 3532 quattuor
918 3459 1008 3517 millia
1021 3435 1220 3518 ammarum·
1245 3477 1321 3520 cesa.

261 3559 350 3632 peulo
382 3562 475 3620 minus
499 3562 618 3618 trecenti
641 3562 700 3619 vivi
723 3562 799 3638 capti
827 3573 856 3619 et
877 3565 942 3638 equi
965 3565 1161 3640 quadraginta
1185 3575 1215 3622 et
1239 3565 1319 3622 unde-

262 3664 316 3720 cim
354 3665 489 3722 militaria
525 3667 616 3741 signa.
679 3667 834 3724 Perculsus
876 3670 999 3727 adverso
1035 3671 1140 3746 proelio
1175 3669 1319 3728 Hannibal

262 3769 418 3828 Crotonem
441 3772 597 3828 exercitum
620 3773 744 3858 retinxit.

212 3885 247 3938 10
360 3876 472 3932 Eodem
505 3887 635 3951 tempore
667 3879 709 3934 M.
739 3876 889 3936 Cornelius
922 3879 1023 3937 consul
1055 3880 1084 3936 iu
1117 3881 1214 3938 altera
1244 3893 1319 3956 parts

259 3980 352 4036 Italiae
384 3998 442 4036 non
482 3989 541 4037 tam
579 3983 667 4038 armis
701 4001 787 4057 quarn
824 3983 994 4040 indiciorum
1029 3993 1140 4042 terrore
1177 3987 1316 4044 Etruriam
