2680 4546
553 253 630 304 Liber
648 251 752 307 XXVI.
788 258 833 312 (Δ.
848 271 873 309 tt.
887 273 910 311 c.
926 258 1004 319 stt.)

245 436 407 512 Syracusas
436 437 589 512 acciperet.
631 439 742 498 Potens
768 439 825 498 boc
845 441 948 500 consul
974 441 1142 502 clementer
1163 443 1308 519 appellatos
1338 437 1339 468 ¹

245 560 295 599 sos
317 541 434 626 dimisit.

150 643 194 713 33
331 646 489 723 Campanis
519 647 623 706 deinde
643 658 761 708 senatus
783 650 868 708 datus
895 657 953 721 est,
984 669 1116 726 quorum
1149 654 1245 712 oratio
1269 653 1308 710 mi·
1338 645 1339 678 l

134 825 139 838 x
215 753 414 825 lsarabilior,
443 771 534 810 causa
562 753 661 811 durior
693 765 764 813 erat.
827 755 932 830 Neque
964 757 1041 813 enim
1071 759 1200 816 meritas
1227 777 1308 836 ponas
1338 752 1339 786 3

246 879 352 936 negare
372 869 516 936 poterant,
537 877 591 916 nac
611 860 727 934 tyranni
749 869 841 933 arant,
862 861 892 919 iu
915 879 988 936 quos
1006 863 1129 938 eulpam
1147 865 1308 934 conferrenq
1338 858 1339 890 ³

245 965 296 1022 sed
319 965 389 1023 satis
412 983 532 1041 pensum
555 983 724 1039 poenarum,
747 975 790 1023 tot
817 983 929 1024 veneno
951 968 1137 1042 absumptis,
1170 978 1217 1026 tot
1236 967 1309 1026 securi
1338 963 1339 996 ³

216 1071 390 1144 3percussis
417 1069 614 1140 senatoribus,
643 1071 808 1130 credebant.
850 1072 968 1130 Paucos
991 1073 1141 1132 nobilium
1168 1091 1309 1150 superesse,
1332 1052 1339 1104 '3

246 1193 320 1248 quos
331 1193 384 1232 nec
399 1193 453 1233 sua
467 1176 653 1246 couscientia,
673 1184 704 1233 ut
719 1177 874 1250 quicquam
895 1177 931 1234 de
945 1195 977 1234 se
990 1179 1115 1254 gravius
1133 1179 1308 1241 consulerent
1338 1177 1339 1210 ³

246 1280 392 1355 impulerit
430 1300 482 1338 nee
510 1281 629 1338 victoris
657 1281 703 1344 ira
730 1281 834 1358 capitis
855 1283 1054 1354 damnaverim
1084 1303 1139 1342 eos
1163 1285 1308 1342 libertatem
1338 1287 1339 1316 l

246 1386 302 1442 sibi
324 1386 442 1461 suisque
463 1394 492 1443 et
505 1388 648 1445 bonorum
665 1386 791 1461 aliquam
811 1397 922 1463 partem
945 1407 1041 1460 orare,
1062 1390 1147 1447 cives
1166 1393 1308 1458 Romanos,
1332 1435 1333 1446 t

247 1489 436 1548 affinitatibus
465 1492 620 1568 plerosque
650 1501 680 1550 et
705 1491 876 1566 propinquis
911 1493 999 1550 etiam
1027 1495 1257 1570 cognationibus
1282 1511 1308 1549 cr
1327 1494 1339 1546 i

217 1595 389 1652 soonnubto
404 1606 519 1656 vetusto
534 1597 656 1656 iunctos.
700 1597 859 1656 Summotis
874 1598 976 1656 deiude
998 1619 1014 1658 e
1031 1599 1156 1675 templo,
1179 1601 1308 1675 paulisper
1328 1578 1339 1665 3

248 1699 418 1772 dubitatum,
441 1721 479 1758 au
501 1703 691 1759 arcessendus
713 1721 732 1759 a
754 1701 857 1778 Capua
881 1703 917 1776 Q.
931 1705 1053 1762 Fulvius
1076 1713 1159 1762 esset
1182 1705 1307 1780 (mortuus
1328 1670 1334 1797 3

248 1806 322 1862 enim
345 1816 413 1881 post
434 1817 549 1882 captam
567 1787 708 1866 Claudius
730 1809 831 1865 consul
853 1807 939 1884 erat),
960 1820 992 1866 ut
1012 1829 1114 1868 coram
1138 1812 1307 1886 imperatore
1327 1804 1339 1883 3

249 1911 298 1985 qui
319 1931 365 1968 res
386 1912 531 1986 gessisset,
553 1912 628 1969 sicut
650 1913 725 1970 inter
745 1913 915 1970 Marcellum
932 1913 1106 1990 Siculosque
1128 1916 1306 1991 disceptatum

218 2015 359 2088 5fuerat,
387 2018 605 2092 disceptaretur.
665 2018 743 2075 Dein
772 2037 860 2093 quum
891 2019 933 2076 M.
956 2019 1099 2091 Atilium,
1127 2019 1164 2078 C.
1187 2019 1305 2078 Fulvium
1329 2018 1339 2076 ²3

247 2122 367 2181 fratrem
390 2121 506 2191 Flacci,
528 2121 642 2196 legatos
664 2122 740 2192 eius,
763 2131 792 2178 et
814 2123 850 2196 Q.
872 2123 1031 2181 Minucium
1057 2134 1086 2182 et
1108 2127 1144 2184 L.
1170 2124 1304 2183 Veturium
1328 2106 1339 2161 3³

142 2215 144 2221 ’
247 2229 417 2296 Philonem,
445 2227 513 2284 item
544 2225 660 2285 Claudii
680 2228 808 2302 legatos,
840 2229 889 2303 qui
911 2230 1045 2288 omnibus
1074 2229 1214 2305 gerendis
1234 2228 1302 2286 rebttt
1332 2209 1339 2262 'l

248 2331 407 2401 affuerant,
439 2332 469 2388 in
490 2341 591 2390 senatu
614 2334 760 2403 riderent,
792 2353 846 2390 nec
867 2334 1003 2392 Fulvium
1026 2337 1148 2394 avocari
1176 2355 1196 2392 a
1217 2334 1302 2408 Capua
1331 2334 1339 2372 '¹

218 2440 235 2494 6
248 2455 301 2494 nec
316 2435 425 2494 differri
440 2435 607 2512 Campanos
622 2437 737 2507 vellent,
752 2438 946 2515 interrogatus
961 2440 1135 2498 sententiam
1150 2441 1195 2498 M.
1210 2437 1301 2498 Atilius
1332 2429 1339 2501 3

248 2542 392 2617 Regulus,
415 2543 494 2600 ouius
517 2562 554 2600 ex
574 2543 625 2614 iis,
653 2545 703 2618 qui
725 2546 762 2602 ad
785 2542 917 2618 Capuam
941 2543 1072 2614 fuerant,
1094 2545 1227 2603 maxima
1246 2560 1301 2600 auo
1336 2547 1339 2608 3

220 2649 351 2709 utor-itas
374 2658 445 2716 erat,
469 2649 523 2718 „In
545 2648 684 2706 oonsilio“
708 2649 802 2723 inquit
820 2649 965 2718 „arbitror
985 2639 1032 2706 me
1046 2650 1138 2707 luisse
1152 2649 1300 2708 consulibus
1337 2684 1338 2689 κ

250 2753 354 2830 Capua
382 2765 486 2830 capta,
532 2771 619 2829 quum
653 2765 845 2829 quaereretur,
883 2755 965 2829 ecqui
997 2753 1216 2830 Campanorum
1244 2754 1301 2810 hene

219 2861 367 2923 8meritus
390 2861 427 2917 de
447 2858 610 2934 republica
623 2869 724 2917 nostra
747 2870 832 2920 esset.
874 2861 959 2916 Duas
980 2859 1116 2918 mulieres
1138 2867 1298 2934 compertum

249 2974 301 3036 est,
322 2965 455 3022 Vestiam
479 2963 622 3040 Oppiam,
653 2965 820 3023 Atellanam
844 2963 952 3039 Capuae
973 2965 1165 3037 habitantem,
1189 2974 1216 3022 et
1234 2963 1297 3019 Fau·

249 3072 343 3129 culam
379 3069 532 3139 Cluviam,
576 3089 640 3145 quae
680 3071 826 3144 quondam
860 3081 1000 3144 quaestum
1041 3088 1165 3145 corpora
1193 3068 1297 3127 fedaret

249 3176 329 3232 illam
351 3176 479 3250 quotidie
501 3177 681 3234 sacrificasse
710 3195 764 3251 pro
795 3176 888 3233 salute
918 3184 947 3232 et
977 3175 1103 3232 victoria
1131 3173 1227 3249 populi
1248 3171 1296 3228 llo·

251 3281 345 3352 mani,
379 3283 455 3338 hanc
485 3282 608 3356 captivis
646 3281 796 3358 egentibus
831 3279 968 3338 alimenta
1000 3281 1074 3339 clam
1103 3277 1295 3354 suppeditasse:

220 3393 238 3448 9
251 3396 411 3445 ceterorum
425 3387 552 3445 omnium
569 3386 786 3463 Campanorum
801 3386 923 3442 eundem
935 3404 1006 3461 erga
1023 3403 1077 3442 nos
1090 3385 1213 3443 animum
1225 3396 1293 3455 quem

251 3492 532 3568 Carthaginiensium
555 3493 661 3562 fuisse,
682 3492 834 3565 securique
854 3509 1007 3566 percussos
1029 3510 1047 3548 a
1069 3491 1107 3564 Q.
1128 3489 1226 3549 Fulvio
1245 3501 1293 3542 aaut

250 3597 352 3671 magis,
368 3616 490 3674 quorum
502 3597 627 3674 dignitas
641 3597 716 3656 inter
730 3598 814 3668 alios,
831 3616 917 3672 quarn
930 3615 1053 3671 quorum
1068 3597 1155 3672 culpa
1165 3591 1291 3652 eminebat

204 3709 238 3762 10
251 3705 310 3762 Per
331 3711 462 3759 senatum
484 3704 532 3778 agi
555 3705 591 3762 de
613 3701 781 3778 Campanis,
804 3703 854 3777 qui
875 3703 953 3760 cives
964 3701 1092 3759 Romani
1113 3697 1292 3769 sustinuat

251 3809 351 3885 populi
378 3789 437 3866 non
466 3809 551 3866 video
574 3827 676 3884 posse,
709 3809 798 3882 idque
826 3816 854 3865 at
883 3808 962 3883 apud
991 3808 1117 3865 maiores
1146 3797 1290 3865 nostrosin

252 3914 412 3972 Satricanis
433 3913 543 3970 iactum
566 3933 640 3984 esse,
663 3933 750 3988 quum
774 3913 957 3984 defecissent,
981 3921 1014 3971 ut
1035 3913 1078 3970 M.
1103 3911 1232 3972 Antistius
1250 3903 1289 3959 tn'·

252 4021 345 4075 bunus
366 4018 459 4093 plebis
480 4018 560 4092 prius
571 3997 752 4094 rogationem
767 4016 856 4074 ferret
876 4019 1021 4094 sciretque
1037 4019 1131 4094 plebs,
1150 4016 1189 4074 uti
1201 4005 1289 4070 ansul
