2700 4426
426 138 503 188 biber
520 137 623 190 XXVB
661 139 709 201 (A.
721 137 770 188 cn
784 139 857 199 tto.)
1096 143 1133 199 43

63 392 65 396 λ
110 319 174 396 spei
193 319 315 383 liberam
343 322 392 381 vel
412 322 569 379 obnoxiam
598 322 696 380 timori
723 321 869 380 sociorum
897 321 1060 396 relinquere
1081 323 1176 380 fldem.
1234 311 1236 314 ¹
1260 319 1265 330 '

110 427 246 502 Praeceps
274 427 305 484 in
335 427 488 485 avaritiam
519 436 548 483 et
576 426 773 484 crudelitatem
806 427 919 483 animus
950 428 988 483 ad
1014 428 1207 501 spolianda,3

57 574 61 582 .
110 550 175 604 qum
196 533 271 591 tueri
291 533 439 606 nequibat,
471 541 502 589 ut
523 540 640 589 vastata
661 532 737 589 hosti
758 532 995 607 relinquerentur,
1016 531 1177 614 inclinavit.
1249 593 1253 602 ,

109 639 145 694 Id
173 637 283 696 foedum
311 638 463 696 consilium
493 655 581 712 quum
614 638 744 712 incepto,
789 647 849 695 tum
887 636 974 692 etiam
1007 635 1087 692 exitu
1113 635 1208 696 futat

108 745 215 818 Neque
245 744 320 803 enim
351 744 471 819 indigna
496 743 667 818 patientium
696 743 783 800 modo
811 742 1051 799 abalienabantur
1079 741 1177 813 animi,

109 849 161 907 sed
199 858 359 909 ceterorum
397 848 501 917 etiam;
537 847 645 923 quippe
679 848 718 904 ad
756 848 853 921 plures
888 847 1052 921 exemplum
1089 864 1178 920 quam

109 957 254 1012 catamitus
280 956 457 1030 pertinebat3
489 971 542 1010 neo
569 953 671 1010 consul
700 954 850 1011 Romanus
877 952 1022 1009 tentandis
1048 951 1207 1022 urbibus,5

109 1059 228 1116 sicunde
253 1076 319 1134 spes
342 1058 441 1132 aliqua
460 1077 492 1115 se
514 1058 695 1128 ostendisset,
717 1058 827 1116 deerat
885 1056 1012 1131 Salapina
1032 1057 1208 1132 prinoipesb

110 1173 194 1222 erant
214 1164 325 1222 Dasius
346 1174 374 1220 et
398 1163 538 1232 Blattius,
570 1163 679 1220 Dasius
701 1162 860 1221 Hannibali
888 1163 1013 1233 amicus3
1040 1163 1176 1232 Blattius,

110 1279 251 1344 quantum
282 1288 319 1325 ex
340 1277 403 1325 tuto
424 1276 554 1342 poterat,
582 1288 644 1325 rem
666 1270 829 1327 Romanam
851 1266 972 1324 fovebat
1004 1276 1033 1325 et
1054 1286 1106 1342 per
1127 1286 1176 1324 oc·

110 1376 203 1434 cultos
237 1374 354 1431 nuntios
382 1391 462 1447 spem
494 1373 666 1447 proditionis
701 1373 812 1430 fecerat
839 1373 994 1441 Marce1103
1029 1373 1080 1430 sed
1116 1374 1177 1429 sine

111 1481 244 1538 adiutore
269 1479 364 1536 Dasio
397 1496 443 1535 res
474 1479 597 1554 transigi
628 1497 688 1536 non
719 1487 843 1555 poterat.
901 1478 1024 1535 Multum
1062 1497 1097 1541 ac
1127 1479 1206 1539 dtur

110 1594 261 1643 cunctatus
283 1591 340 1653 est3
362 1592 423 1640 tum
446 1603 562 1658 quoque
584 1585 678 1658 magis
699 1584 799 1658 inopie
819 1583 931 1641 consilii
947 1583 1068 1658 potioris
1088 1602 1175 1658 quam

110 1709 162 1767 spe
192 1687 310 1746 effectus
343 1689 467 1746 Dasium
489 1690 633 1765 appellat;
661 1699 692 1747 at
717 1690 782 1760 ille,
811 1708 899 1763 quum
929 1690 966 1745 ab
992 1709 1025 1746 re
1047 1707 1175 1760 aversus,

109 1807 170 1853 tum
186 1794 289 1853 aemulo
301 1802 466 1868 potentatus
478 1781 619 1864 inimicus,
644 1812 705 1850 rem
718 1794 877 1851 Hannibali
893 1793 994 1868 aperit.
1025 1795 1175 1852 Arcessito
1189 1799 1206 1855 8

110 1912 247 1974 utroque,
273 1899 424 1956 Hannibal
452 1919 539 1973 quum
562 1916 615 1972 pro
644 1899 780 1955 tribunali
804 1900 937 1972 quaedam
962 1909 1070 1974 ageret,
1106 1918 1176 1956 mox

110 2007 147 2063 de
166 2005 277 2062 Blattio
305 2005 488 2079 cogniturus,
517 2011 685 2078 starentque
713 2014 857 2060 summoto
886 2005 995 2079 populo
1024 2015 1177 2062 accusator

106 2121 136 2169 st
163 2130 244 2181 reus,
267 2110 393 2166 Blattius
414 2109 450 2166 de
474 2109 638 2184 proditione
659 2110 783 2166 Dasium
805 2109 981 2184 appellabat.
1016 2110 1204 2168 Enimverob

106 2217 171 2287 ille,
203 2215 283 2273 velut
311 2215 341 2272 in
364 2213 517 2271 manifesta
538 2234 584 2285 re,
615 2215 775 2285 exclamat,
802 2216 855 2271 sub
886 2214 977 2272 oculis
999 2217 1173 2273 Hannibalis

106 2341 202 2380 secum
232 2322 269 2378 de
297 2321 460 2396 proditione
492 2319 548 2394 agi.
591 2321 750 2377 Hannibali
778 2330 866 2394 atque
888 2321 943 2390 eis,
971 2321 1020 2395 qui
1043 2322 1173 2392 aderant,

108 2446 166 2501 quo
189 2426 329 2482 audacior
349 2445 395 2482 res
420 2433 496 2494 erat,
525 2423 619 2480 minus
645 2423 747 2479 similis
773 2426 836 2483 veri
861 2427 925 2483 visa
957 2435 1013 2484 est:
1055 2428 1225 2484 aemule-10

106 2533 215 2588 tionem
240 2529 371 2604 profecto
394 2539 482 2602 atque
504 2529 601 2584 odium
624 2545 698 2597 esse,
719 2539 748 2585 et
768 2529 799 2586 id
820 2531 928 2587 crimen
955 2530 1062 2603 afferri,
1085 2533 1173 2608 quod,

108 2635 177 2709 quia
195 2641 297 2690 testem
320 2633 428 2690 habere
458 2652 517 2690 non
538 2633 647 2708 possit,
668 2633 785 2710 liberius
805 2635 923 2709 fingenti
945 2635 991 2692 sit.
1038 2638 1087 2693 Ita
1107 2638 1174 2694 inde
1191 2638 1221 2693 11

107 2738 218 2796 dimissi
240 2745 315 2794 sunt.
363 2738 428 2795 Nec
449 2738 574 2795 Blattius
602 2745 669 2794 ante
697 2738 807 2795 abstitit
828 2750 887 2795 tam
918 2740 1021 2798 audaci
1048 2740 1173 2815 incepto,

108 2863 195 2920 quam
206 2843 282 2900 idem
295 2843 481 2899 obtundendo
493 2843 691 2916 docendoque,
713 2862 801 2916 quam
824 2863 860 2901 en
877 2862 923 2900 res
935 2844 1004 2918 ipsis
1015 2845 1175 2920 patriaeque

108 2949 243 3006 salutaris
264 2958 348 3019 esset,
370 2947 500 3022 pervicit,
521 2958 553 3005 ut
573 2948 738 3023 presidium
753 2949 895 3006 Punicum
912 2949 1064 3024 (quingenti
1077 2959 1173 3008 autem

107 3053 243 3112 Numidae
271 3051 365 3129 erant)
395 3053 574 3128 Salapiaque
610 3053 773 3111 traderetur
800 3055 950 3112 Marcello.
1015 3056 1080 3113 Neo
1111 3056 1174 3114 sine
1189 3058 1225 3113 12

95 3160 186 3229 ¹cturde
201 3158 293 3216 multa
309 3159 386 3215 tradi
397 3159 498 3232 potuit.
557 3159 660 3234 Longe
674 3159 823 3217 fortissimi
841 3162 968 3234 equitum
985 3169 1045 3218 toto
1061 3161 1172 3219 Punico

108 3264 235 3322 exercitu
257 3275 348 3321 erant.
405 3265 519 3338 Itaque,
534 3282 702 3339 quanquam
718 3265 878 3340 improvisa
893 3285 940 3324 res
956 3265 1011 3322 fuit
1031 3284 1085 3323 nec
1103 3284 1172 3324 usus

76 3353 78 3359 ,
108 3389 248 3444 equorum
271 3370 300 3427 in
322 3372 393 3427 urbe
415 3379 492 3440 erat,
520 3380 617 3427 tamen
646 3371 736 3428 armis
756 3372 831 3429 inter
853 3372 1007 3429 tumultum-
1028 3372 1120 3445 captis
1144 3381 1173 3428 et

108 3474 287 3548 eruptionem
308 3484 493 3533 tentaverunt
514 3485 551 3546 et,
573 3495 660 3550 quum
684 3479 808 3535 evadere
829 3479 988 3552 nequirent,
1010 3488 1172 3552 pugnantes
1189 3480 1224 3536 13

108 3581 147 3636 ad
183 3579 314 3638 ultimum
349 3567 560 3650 occubuerunt,
591 3599 646 3639 nec
682 3582 747 3657 plus
778 3584 988 3659 quinquaginta
1015 3602 1051 3641 ex
1079 3584 1114 3641 iis
1142 3585 1172 3641 in

107 3694 280 3759 potestatem
310 3686 435 3744 hostium
462 3687 522 3743 vivi
551 3697 700 3746 venerunt.
745 3685 875 3761 Plusque
902 3687 1054 3762 aliquanto
1075 3689 1172 3748 damni
1190 3692 1224 3746 14

106 3791 168 3846 haec
195 3790 244 3847 ela
269 3792 396 3864 equitum
425 3793 533 3850 amissa
559 3792 718 3850 Hannibali
749 3811 837 3867 quam
864 3794 986 3870 Salapia
1011 3793 1079 3863 tuin
1119 3813 1172 3851 nso
