2704 4552
346 250 423 298 Liber
442 249 529 303 xxss.
553 253 614 314 (Δ.
630 249 678 303 cu.
692 249 766 310 aro.)
984 247 1035 302 tot

12 439 102 486 entus
138 428 338 505 (Vulturnum
367 433 493 508 regionis
523 434 624 491 incolae
655 430 773 507 vocant)
804 431 943 487 adversus
970 429 1114 486 Roma-ll

12 535 33 592 is
59 546 198 593 coortus
220 538 313 595 multo
342 539 461 613 pulvere
487 540 517 596 in
548 539 612 614 ipsa
640 558 693 596 ora
720 536 865 594 volvendo
894 541 1080 610 prospectum

11 642 123 697 demit.

82 745 234 806 Clamore
255 750 383 819 sublato,
407 767 578 824 procursum
603 750 638 805 ab
661 748 776 806 auxiliis
798 756 827 804 et
848 765 948 822 pugne
969 747 1082 804 levibus
1134 735 1177 806 Π

12 851 131 908 rimum
157 855 250 912 amnis
273 855 444 926 commissa3
473 855 577 912 deinde
599 855 728 930 equitum
756 852 911 912 Gallorum
933 851 1081 926 Hispano·

11 976 126 1030 umque
147 959 256 1016 laevum
288 978 378 1017 cornu
402 978 467 1017 eum
489 960 593 1018 dextro
620 961 755 1018 Romano
778 956 935 1025 concurrit,
967 956 1082 1014 minime

14 1063 149 1134 questris
175 1083 258 1120 more
288 1083 410 1140 pugnse3
438 1064 583 1122 frontibus
605 1063 679 1121 enim
702 1063 832 1120 adversis
855 1062 1113 1120 concurrendum2

11 1177 72 1234 rat,
98 1168 183 1240 quia,
206 1169 289 1226 nullo
305 1170 383 1227 circa
398 1171 436 1227 ad
451 1170 635 1244 evagandum
650 1169 750 1225 relicto
772 1166 876 1242 spatio,
898 1166 965 1223 hinc
980 1168 1082 1238 amnis,

11 1269 67 1326 rinc
83 1273 221 1345 peditum
246 1274 325 1332 ecies
348 1274 530 1334 claudebant.
573 1275 608 1332 In
631 1274 770 1330 directum
794 1272 927 1345 utrinque
950 1272 1113 1339 nitentes,3

11 1377 154 1432 uentibus
170 1397 207 1434 ac
222 1377 363 1436 confertis
377 1389 525 1453 postremo
540 1381 627 1437 turba
642 1378 733 1452 equis,
753 1377 799 1434 vir
812 1376 906 1434 virum
931 1377 1082 1452 amplexus

11 1479 186 1538 detrahebat
218 1503 305 1558 equo.
364 1485 504 1542 Pedestre
526 1503 633 1560 magua
666 1484 724 1541 iam
757 1501 794 1539 ex
825 1490 909 1556 parte
937 1492 1082 1540 certamen

11 1585 119 1642 lactum
144 1597 223 1656 erat3
246 1590 343 1646 acrius
365 1599 462 1646 tamen
485 1608 572 1664 quam
596 1590 703 1648 diutius
724 1596 882 1664 pugnatum
906 1598 963 1657 est,
992 1587 1081 1663 pulei·

11 1711 64 1766 que
86 1694 218 1750 Romani
241 1696 354 1768 equites
376 1706 459 1770 terge
480 1704 604 1753 vertunt.
655 1695 715 1754 Sub
744 1692 885 1767 equestris
905 1693 991 1749 linem
1019 1698 1112 1750 cer-4

11 1798 128 1854 laminis
151 1808 255 1855 coorta
278 1808 322 1854 est
342 1799 470 1874 peditum
493 1819 605 1875 pugna,
627 1801 722 1877 primo
745 1808 774 1854 et
795 1796 905 1854 viribus
927 1807 956 1853 et
977 1797 1081 1853 animis

12 1923 73 1976 par,
97 1905 169 1961 dum
192 1905 365 1960 constabant
386 1903 501 1962 ordines
524 1903 619 1964 Gallis
640 1903 854 1979 Hispanisque;
884 1902 999 1958 tandem
1022 1903 1113 1959 Ito-5

14 2012 100 2080 niani,
124 2011 175 2066 diu
197 2029 232 2066 ac
257 2027 334 2084 saepc
356 2010 480 2078 connisi,
509 2011 628 2085 obliquo
649 2010 745 2066 fronte
775 2006 895 2080 acieque
917 2007 1007 2062 denae
1028 2006 1081 2062 irn-

15 2116 112 2190 pulere
136 2115 264 2172 hostium
293 2134 415 2172 cuneum
445 2115 530 2172 nimis
557 2125 672 2172 tenuem
696 2131 789 2186 eoque
817 2130 921 2186 parum
944 2111 1081 2176 validum,

18 2231 154 2276 ecetera
175 2220 385 2295 prominentem
409 2221 479 2278 acie.
523 2220 659 2296 Impulsis
687 2219 790 2275 deinde
813 2236 848 2276 ae
876 2219 987 2293 trepide
1007 2216 1114 2279 refe-li

19 2327 145 2382 rentibus
171 2326 275 2400 pedem
303 2325 446 2394 institere,
477 2343 511 2382 ec
531 2335 632 2382 tenore
659 2343 716 2380 uno
739 2343 792 2398 per
812 2340 940 2399 praeceps
971 2341 1082 2398 pavore

20 2431 186 2504 fugientium
219 2449 325 2505 agmen
354 2428 384 2485 in
412 2430 537 2486 inediam
559 2431 682 2504 primum
706 2429 796 2487 aciem
819 2429 907 2498 illati,
934 2437 1082 2504 postremo

24 2537 95 2592 nullo
117 2536 268 2592 resistente
284 2536 322 2591 ad
344 2535 474 2592 subsidia
494 2533 636 2592 Afrorum
659 2545 860 2612 pervenerunt,
884 2534 932 2608 qui
948 2505 1134 2605 utrinquel⁸

26 2642 142 2698 reductis
165 2640 217 2697 alis
240 2640 443 2709 constiterant,
467 2641 577 2707 media,
601 2661 660 2714 qua
685 2642 765 2700 Galli
788 2639 970 2717 Hispanique
991 2647 1080 2694 stete-

27 2757 99 2810 rant,
130 2747 310 2819 aliquantum
345 2746 526 2820 prominente
558 2746 629 2803 acie.
689 2747 747 2820 Qui
779 2763 886 2802 cuneus
919 2753 950 2801 ut
981 2743 1114 2818 pulsus8

29 2853 145 2924 aequavit
164 2851 289 2908 frontem
313 2851 448 2924 primum,
470 2851 535 2907 dein
558 2852 686 2908 cedendo
708 2853 794 2908 etiam
817 2851 910 2913 sinum
932 2849 963 2904 in
985 2847 1080 2904 medio

32 2956 109 3026 dedit,
129 2957 194 3014 Afri
217 2958 295 3013 circa
315 2957 374 3012 iam
406 2975 516 3013 cornua
536 2957 680 3026 fecerant,
708 2956 939 3029 irruentibusque
967 2954 1083 3009 incaute

33 3059 59 3112 in
85 3062 199 3118 medium
223 3061 365 3120 Romanis
393 3061 608 3118 circumdedere
630 3063 707 3129 alas;
736 3079 805 3118 mox
836 3078 945 3116 cornua
979 3068 1081 3114 exten-

36 3163 116 3220 dendo
143 3167 271 3223 clausere
293 3175 323 3222 et
355 3169 393 3223 ab
423 3175 505 3241 tergo
531 3168 637 3226 hostes.
686 3167 764 3224 Hinc
786 3165 920 3233 Romani,
953 3162 1114 3222 defunctill

36 3270 208 3344 nequicquam
239 3271 343 3346 proelio
366 3291 439 3341 uno,
471 3272 584 3328 omissis
607 3272 703 3352 Gallis
726 3271 933 3346 Hispanisque,
956 3289 1079 3344 quorum
1156 3279 1218 3360 ’ω’

39 3383 109 3447 terga
126 3377 294 3442 ceciderant,
319 3378 459 3434 adversus
474 3377 572 3435 'Afros
594 3395 722 3452 pugnam
744 3376 857 3443 ineunt,
886 3394 944 3431 non
966 3367 1191 3461 tantum10),''
1222 3360 1278 3455 “i

42 3495 71 3530 eo
94 3479 225 3554 iniquam,
260 3482 338 3556 quod
370 3482 472 3540 inclusi
500 3445 639 3539 advdisus
668 3479 872 3548 circumfusos,
905 3479 955 3535 sed
993 3479 1080 3534 etiam
1166 3465 1171 3476 ’
1235 3449 1247 3470 i

44 3583 107 3653 quod
124 3583 186 3641 lessi
208 3603 274 3642 cum
292 3587 455 3643 recentibus
478 3605 512 3644 ac
533 3586 644 3660 vegetis
665 3587 844 3662 pugnabant.

112 3689 166 3745 lam
190 3700 218 3747 et
240 3690 357 3747 sinistro
380 3709 468 3748 cornu
491 3693 635 3761 Romano,
657 3691 707 3749 ubi
729 3689 873 3746 sociorum
897 3685 1007 3760 equites
1030 3684 1082 3740 ad·
1132 3681 1179 3750 48

47 3809 126 3848 versus
153 3795 297 3852 Numidas
333 3805 485 3865 steterant,
521 3805 686 3854 consertum
717 3794 850 3870 proelium
884 3798 961 3856 eret,
995 3803 1083 3859 segue

50 3896 122 3966 prino
140 3909 166 3956 et
185 3919 203 3956 a
219 3901 333 3958 Punica
347 3911 473 3977 coeptum
494 3901 606 3960 fraude.
655 3897 812 3974 Quingenti
832 3895 923 3953 ferme
939 3889 1114 3959 Numidam

49 4011 131 4070 prater
147 4005 228 4062 solita
251 4023 335 4062 arma
356 4006 472 4080 telaque
493 4005 607 4080 gladios
630 4004 758 4062 occultos
778 4004 831 4060 sub
852 3997 950 4056 loricis
972 3996 1083 4052 haban·
