2674 4542
284 231 343 288 262
556 227 635 278 tiber
652 227 743 282 XXV.
778 229 826 284 (A.
839 243 867 283 u.
878 243 903 282 c.
917 229 993 292 m.)

214 413 347 470 'trinium
369 413 399 470 in
423 413 526 471 cestris
555 412 693 474 habeant.
750 407 848 488 Signis
870 422 990 489 repento
1021 413 1151 472 sublatis
1183 411 1237 470 cel

181 531 187 544 ·
244 518 366 587 abeunt,
397 517 469 576 nihil
498 517 578 574 eliud
603 516 797 592 querentibus
818 535 937 576 oausam
961 518 1260 593 obtestantibusque,

172 651 176 663 ι
244 631 408 694 manerent,
437 622 580 682 Romanis
600 624 819 698 respondentes,
841 641 929 698 quam
952 622 1119 680 domestico
1143 642 1181 681 se
1204 641 1242 680 ov

212 727 330 786 dbello.
379 728 494 804 Scipio,
524 737 681 804 postquam
714 727 787 785 socii
816 746 870 787 nec
898 730 1034 805 precibus
1062 747 1121 786 neo
1149 728 1184 785 vi
1206 729 1260 785 reti

242 841 392 908 poterant,
426 839 487 891 nec*
510 852 541 891 se
569 842 621 890 aut
648 852 749 909 parem
777 833 840 891 sine
865 832 922 890 illis
948 833 1027 890 hosti
1054 853 1124 892 esse
1156 843 1214 891 aut

240 956 341 996 rursus
373 938 510 1014 coniungi
541 938 615 996 vidit
640 955 742 1014 posse,
774 956 828 996 nec
855 936 944 994 ullum
975 937 1057 994 aliud
1087 941 1228 998 salutare

240 1043 335 1100 silium
356 1044 387 1101 in
411 1053 548 1120 promptu
570 1061 644 1115 esse,
663 1053 752 1114 retro,
775 1052 916 1118 quantum
937 1053 1049 1119 posset,
1070 1045 1185 1104 cedere
1215 1055 1260 1104 sta
1288 1045 1295 1058 '

210 1149 271 1204 9in
292 1148 322 1206 id
342 1149 421 1206 omni
442 1168 513 1208 cure
533 1149 676 1219 intentus,
706 1149 809 1207 necubi
841 1148 919 1208 hosti
951 1167 1036 1224 aquo
1058 1167 1092 1207 se
1121 1151 1252 1208 commit
1334 1167 1335 1170 ¹

240 1254 321 1323 loco,
363 1254 413 1328 qui
452 1264 651 1330 transgressus
690 1255 797 1312 flumen
837 1273 929 1331 prope
966 1255 1100 1330 vestigiis
1146 1255 1289 1313 abeuntis

241 1359 402 1418 insistebat.

144 1461 190 1533 34
326 1466 386 1522 Per
416 1465 535 1522 eosdem
569 1464 629 1522 dies
662 1466 698 1528 P.
729 1465 894 1542 Scipionem
926 1483 980 1540 per
1007 1475 1121 1536 terror,
1156 1467 1272 1542 pericnl

174 1611 177 1618 -
210 1571 336 1630 tmolus
369 1571 406 1628 ab
439 1588 517 1626 novo
549 1570 633 1627 hoste
656 1572 786 1646 urgebat.
839 1571 997 1628 Masinissa
1029 1579 1096 1628 erat
1119 1573 1259 1640 iuvenis,

240 1685 372 1751 tempore
393 1675 490 1732 socius
512 1673 813 1750 Carthaginiensium,
838 1695 923 1751 quom
948 1677 1054 1732 deinde
1077 1677 1197 1734 clarum
1221 1685 1270 1752 pot

211 1781 357 1856 itemque
378 1783 514 1840 Romanu
540 1778 610 1838 lecit
631 1780 768 1841 amicitie.
811 1783 842 1839 Is
871 1792 932 1839 tum
958 1801 1023 1838 cum
1052 1783 1195 1856 equitatu
1219 1784 1267 1841 Nu
1294 1781 1301 1796 '

241 1889 343 1945 darum
373 1896 402 1944 et
430 1885 595 1944 advenienti
625 1887 661 1943 P.
691 1887 821 1964 Scipioni
851 1887 977 1946 occurrit
1003 1895 1033 1945 et
1061 1888 1173 1946 deinde
1206 1887 1281 1945 assid

209 1993 302 2051 tdies
323 2001 481 2067 noctesque
502 1990 625 2049 infestus
647 1992 765 2063 ederat,
796 2004 829 2051 ut
854 2013 914 2052 non
942 2011 1036 2068 vagos
1065 2003 1187 2051 tuntum
1220 2013 1273 2070 pro

240 2120 258 2158 a
288 2100 390 2157 castris
418 2099 560 2173 lignatum
586 2099 818 2174 pabulatumque
852 2117 1026 2175 progressos
1060 2100 1234 2176 exciperet,

239 2205 310 2281 ipsis
335 2205 518 2279 obequitaret
538 2204 641 2261 castris
669 2205 860 2282 invectusque
880 2205 911 2262 in
932 2205 1044 2262 medias
1068 2225 1152 2281 saepe
1175 2206 1306 2264 stadones

210 2311 338 2367 bomuia
359 2311 469 2386 ingenti
498 2310 622 2367 tumultu
651 2310 792 2366 turbaret.
842 2311 987 2368 Noctibus
1018 2331 1143 2388 quoque
1171 2332 1251 2388 saepe
1269 2309 1308 2366 in·

238 2435 325 2473 cursu
352 2415 503 2491 repentino
532 2415 562 2472 in
588 2416 680 2491 portis
710 2415 847 2490 valloque
873 2417 1049 2492 trepidatum
1085 2426 1148 2486 est,
1182 2437 1239 2474 nec
1265 2424 1304 2470 aut
1335 2463 1336 2469 ,

210 2522 318 2592 ,locus
340 2531 392 2579 aut
415 2532 529 2596 tempus
555 2521 644 2578 ullum
667 2539 791 2578 vacuum
822 2540 841 2577 a
861 2531 939 2578 metu
967 2541 1001 2580 ao
1025 2521 1230 2581 sollicitudine
1255 2531 1304 2578 erut
1335 2543 1336 2574 l

209 2625 395 2696 dRomauis,
431 2628 632 2702 compulsique
664 2627 742 2684 intre
778 2626 898 2698 vallum,
937 2628 1076 2704 adempto
1111 2647 1214 2685 rerum
1253 2647 1302 2683 ou·
1333 2649 1335 2654 ·

238 2730 316 2786 nium
339 2749 403 2800 usu.
451 2731 548 2805 Quum
571 2751 664 2807 prope
684 2732 762 2789 iuste
783 2733 896 2790 obsidio
919 2743 1004 2804 esset,
1026 2732 1227 2808 futuramque
1248 2733 1302 2790 arti·

239 2855 318 2893 orem
341 2856 406 2893 eum
427 2847 599 2912 appareret,
622 2839 647 2895 si
670 2856 702 2894 se
723 2838 866 2908 Indibilis,
888 2832 974 2914 que'ru
997 2856 1064 2895 cunr
1087 2849 1203 2914 septem
1229 2839 1301 2896 milli-

237 2945 292 3001 bus
313 2953 342 3001 et
364 2943 528 3018 quingentis
550 2942 793 3002 Suessetanorum
815 2944 974 3000 adventare
994 2942 1079 3000 fama
1103 2955 1184 3013 eret,
1215 2943 1302 3002 Poenis

209 3049 444 3118 iconiunxisset,
474 3049 535 3105 dux
556 3058 658 3106 cautus
680 3057 709 3104 et
729 3048 886 3122 providens
908 3048 1007 3123 Scipio
1029 3050 1126 3107 victus
1155 3051 1300 3109 necessita·

238 3153 315 3211 tibus
342 3155 528 3211 temerarium
562 3154 641 3228 capit
663 3151 831 3222 consilium,
862 3163 895 3210 ut
923 3163 1010 3211 nocte
1038 3151 1163 3214 Indibili
1194 3158 1300 3215 obviarn

208 3256 292 3316 8iret
313 3269 351 3329 et,
374 3278 548 3334 quocunque
569 3259 741 3317 occurrisset
759 3259 839 3328 loco,
861 3259 993 3334 proelium
1025 3273 1205 3320 consereret
1256 3266 1299 3322 Re·

237 3363 305 3420 licto
326 3363 416 3438 igitur
436 3364 552 3421 modico
581 3365 717 3439 prasidio
737 3364 892 3422 incastris
914 3365 1133 3440 praepositoque
1162 3369 1211 3426 Ti.
1233 3371 1300 3426 Fon·

237 3469 295 3526 teio
317 3468 425 3542 legato,
450 3469 546 3526 media
566 3479 652 3526 nocte
673 3469 821 3545 profectus
844 3488 908 3527 cum
932 3469 1027 3527 obviis
1049 3471 1187 3530 hostibus
1209 3491 1298 3530 manus

207 3571 392 3634 9conseruit.
443 3575 573 3649 Agmine
599 3575 694 3651 magis
727 3595 814 3650 quam
849 3575 926 3632 acies
955 3577 1143 3651 pugnabaut3
1177 3579 1299 3653 superior

237 3689 344 3750 temen,
367 3679 448 3736 utin
470 3679 793 3756 tumultuariapugna,
821 3682 972 3739 Romanus
1003 3689 1076 3738 erut.
1123 3680 1262 3740 Ceterum
1278 3693 1297 3738 et

238 3785 349 3860 equites
370 3785 507 3844 Numidae
528 3797 655 3861 repente,
679 3804 752 3861 quos
773 3785 913 3844 fefellisse
934 3805 966 3842 se
987 3785 1049 3842 dux
1069 3797 1153 3846 retus
1174 3798 1248 3860 erat,
1269 3789 1296 3844 ab

188 3890 375 3948 toleteribus
402 3890 569 3949 circumfusi
590 3909 727 3966 magnum
756 3900 896 3948 terrorem
923 3890 1062 3962 intulere,
1090 3900 1125 3958 et,
1157 3903 1295 3950 contracto

238 3993 377 4052 adversus
412 3994 559 4054 Numidas
592 3995 749 4052 certamine
782 4013 870 4068 novo,
902 3996 1005 4054 tertius
1036 3996 1157 4072 insuper
1189 3999 1295 4055 advent

900 4195 916 4222 ἱ
