2674 4542
300 235 360 294 258
473 245 480 260 ·
569 231 648 282 Liber
664 231 754 286 XXV.
774 232 840 296 ’(Δ.
853 246 879 286 ιι.
894 247 918 286 c.
930 231 1004 295 542.)

229 418 246 475 8
342 413 451 474 Οιιιιιίιι
481 424 511 474 et
540 416 735 491 impetrabilia
773 424 802 474 et
838 424 901 474 tuta
932 423 1017 472 erant
1050 415 1132 489 apud
1164 417 1324 485 Romaest

258 523 333 580 inter
361 521 441 596 ipsos
472 521 537 598 plus
566 521 634 578 belli
665 539 700 580 ac
727 521 846 596 periculi
875 530 945 580 erat.
993 521 1137 594 Namque
1163 519 1335 600 transfuga¹

258 626 335 684 tradi
355 645 387 684 aa
410 626 550 686 Romanis
571 627 643 697 rati,
665 626 908 706 mercenariorum
930 645 1049 701 quoque
1071 625 1201 682 militum
1226 621 1335 712 auxii¹

228 731 287 789 9iu
321 731 442 788 eundem
478 730 644 806 compulere
680 741 803 799 metum;
840 731 1021 806 arreptisque
1061 730 1155 788 armis
1194 737 1335 810 prator·¹

259 836 383 912 primum
406 837 588 906 obtruncant,
611 837 679 894 inde
700 837 738 892 ad
756 835 862 892 caedem
878 835 1135 910 Syracusanorum
1157 836 1324 895 discurrunt·

260 959 391 1016 quosque
411 939 473 1000 fors
502 941 620 1011 obtulit,
648 941 715 998 irati
741 939 912 998 interfecere
945 952 1035 1015 atque
1067 925 1189 1010 omnia,
1221 939 1323 1013 queis

210 1050 396 1121 inpromptu
418 1055 509 1116 erant,
531 1047 719 1122 diripuerunt.
766 1046 853 1113 Tum,
876 1065 913 1102 ne
927 1046 990 1103 sine
1010 1047 1137 1103 ducibus
1152 1053 1263 1114 essent,
1282 1058 1325 1101 sex

258 1151 411 1226 praefectos
439 1169 589 1221 creavere,
619 1161 650 1208 ut
663 1147 667 1158 '
681 1152 755 1209 terni
783 1151 961 1208 Achradinae
990 1169 1026 1208 ac
1047 1152 1136 1210 Naso
1166 1158 1324 1227 praeessent

260 1255 369 1316 Sedato
393 1257 509 1314 tandem
531 1256 671 1325 tumultu,
698 1256 922 1330 exsequentibus
951 1256 1148 1328 sciscitando,
1180 1275 1249 1331 quaa
1270 1265 1326 1312 aaa

260 1379 325 1420 cum
340 1361 481 1420 Romanis
495 1370 600 1432 essent,
624 1361 759 1430 dilucere,
780 1361 810 1419 id
826 1361 904 1436 quod
926 1370 998 1432 erat,
1020 1362 1121 1437 caepit,
1144 1362 1238 1420 aliam
1253 1377 1323 1418 auam

163 1462 211 1531 80
261 1485 296 1526 ac
317 1466 504 1542 perfugarum
531 1484 649 1524 causam
677 1484 750 1523 esse.
802 1467 837 1522 In
867 1477 997 1540 tempore
1025 1465 1117 1542 legati
1150 1487 1170 1524 a
1193 1465 1324 1524 Marcella

259 1572 416 1641 redierunt,
448 1572 524 1630 falsa
545 1590 595 1630 eos
617 1570 781 1646 suspicione
802 1571 937 1628 incitatos
959 1583 1162 1630 memorantes
1190 1589 1247 1628 nec
1267 1587 1325 1624 cau·

181 1703 187 1717 =
229 1677 322 1734 isam
352 1677 520 1752 expetenda
548 1695 641 1752 poenae
667 1695 767 1733 eorum
799 1675 888 1733 ullam
921 1677 1063 1735 Romanis
1086 1695 1166 1736 esse.
1224 1677 1323 1732 Ereta

258 1782 351 1840 tribus
382 1782 557 1840 Achradina
585 1780 727 1857 praefectis
751 1780 901 1856 Hispanus
929 1782 1067 1839 Moericus
1098 1782 1233 1841 nomine.
1284 1775 1324 1835 hd

259 1907 324 1946 eum
346 1887 423 1944 inter
443 1886 563 1944 comites
582 1886 745 1962 legatorum
761 1885 798 1942 do
813 1884 955 1942 industria
976 1905 1051 1944 tanus
1073 1907 1112 1944 ex
1128 1887 1322 1962 Hispanorum

260 1993 451 2050 auxiliaribus
482 2000 526 2050 est
557 1992 674 2062 missus,
704 1989 755 2064 qui
786 1989 848 2046 sine
879 1989 996 2046 arbitris
1024 1991 1183 2049 Moericum
1214 1999 1323 2048 nanctus

259 2097 401 2174 primum,
429 2115 486 2172 quo
517 2097 548 2154 in
580 2105 657 2154 statu
684 2095 849 2170 reliquisset
874 2095 1051 2169 Hispaniam
1084 2097 1130 2169 (et
1153 2116 1249 2172 nuper
1268 2093 1322 2150 inde

230 2201 403 2280 3venerat),
434 2201 568 2276 exponit:
596 2200 694 2258 omnia
713 2201 855 2258 Romanis
876 2201 917 2256 ibi
938 2201 1063 2258 obtineri
1088 2202 1193 2264 armis.
1243 2204 1334 2270 Posse

260 2327 335 2378 eum,
357 2307 382 2365 si
405 2307 645 2382 operaepretium
667 2305 766 2376 facist,
787 2306 945 2381 principem
968 2308 1159 2382 popularium
1185 2326 1261 2377 esse,
1280 2323 1319 2360 seu

259 2413 384 2470 militare
405 2431 470 2470 cum
492 2412 633 2470 Romanis
658 2429 711 2468 seu
737 2410 767 2466 in
799 2410 925 2486 patriam
947 2413 1054 2469 reverti
1082 2413 1194 2495 libeat3
1223 2423 1320 2470 contra

259 2518 285 2575 si
321 2518 407 2575 malle
439 2517 565 2574 obsideri
596 2525 715 2592 pergat,
751 2535 838 2590 quam
872 2535 953 2592 spem
988 2535 1051 2574 esse
1084 2513 1169 2576 terra
1201 2517 1320 2589 marique

230 2621 382 2708 tclauso?
407 2623 505 2680 Motus
526 2620 571 2677 his
587 2619 734 2691 Moericus,
756 2639 843 2694 quum
867 2612 981 2697 legatos
1002 2623 1039 2680 ad
1055 2623 1235 2682 Marcellum
1260 2619 1318 2678 miti

260 2727 427 2803 placuisset,
459 2726 578 2784 fratrem
611 2726 686 2783 inter
717 2743 768 2783 eos
799 2725 899 2795 mittit,
932 2726 982 2801 qui
1014 2727 1221 2802 pereundam
1252 2725 1317 2783 illan

260 2829 424 2910 Hirpinum
439 2839 566 2890 secretus
581 2832 619 2888 ab
641 2831 706 2888 aliis
726 2831 765 2888 ad
779 2831 949 2888 Marcellum
965 2831 1117 2903 deductus,
1133 2851 1226 2907 quum
1247 2833 1317 2889 fldem

261 2939 421 3013 accepisset
440 2936 707 3012 composuissetque
735 2935 855 3010 agendas
882 2936 1012 2994 ordinem
1039 2937 1099 3006 rei,
1126 2939 1316 2995 Achradinam

231 3044 346 3103 bradit.
389 3045 466 3101 Tum
489 3041 635 3112 Mcericus,
664 3049 697 3099 ut
726 3041 764 3098 ab
786 3040 951 3115 suspicione
985 3043 1164 3118 proditionis
1187 3049 1316 3100 averteret

261 3148 389 3206 omnium
417 3148 545 3218 animos,
574 3156 662 3222 negat
690 3145 745 3203 eibi
772 3145 889 3221 placere
915 3145 1029 3221 legatos
1059 3165 1228 3206 commeare
1254 3149 1316 3204 ultro

261 3253 405 3328 citroque:
432 3270 525 3326 neque
545 3252 740 3327 recipiendum
764 3264 938 3326 quamquam
960 3269 1064 3326 nequa.
1078 3252 1265 3322 mittendum,
1288 3263 1315 3308 et

263 3377 321 3433 qno
343 3358 477 3415 intentius
493 3357 631 3415 custodia
645 3367 803 3429 serventur,
825 3367 991 3433 opportuna
1006 3357 1165 3416 dividenda
1186 3357 1315 3434 prefectis

163 3449 170 3458 ⁵
232 3465 335 3534 desse,
357 3471 389 3520 ut
409 3481 469 3520 sum
491 3462 612 3538 quisque
633 3463 724 3538 partis
747 3463 874 3520 tutandae
896 3479 963 3519 reus
984 3462 1031 3519 sit.
1080 3462 1192 3521 Omnes
1219 3463 1313 3522 essens

262 3577 337 3642 aunt.
380 3567 518 3625 Partibus
542 3567 703 3626 dividendis
723 3567 779 3644 ipsi
799 3567 880 3643 regio
903 3567 999 3624 evenit
1020 3568 1058 3624 ab
1084 3569 1234 3626 Arethusa
1247 3568 1314 3626 fonte

263 3672 414 3746 usquead
443 3673 547 3730 ostium
569 3671 668 3746 magni
696 3681 812 3747 portus;
844 3672 873 3728 id
900 3681 932 3729 ut
952 3672 1059 3729 scirent
1081 3675 1224 3744 Romani,
1247 3673 1312 3730 fecit.

232 3779 367 3852 iltaque
388 3778 544 3834 Marcellus
558 3786 643 3835 nocta
663 3796 767 3834 narem
784 3759 946 3835 onerariam
969 3796 1032 3835 cum
1055 3779 1177 3836 armatis
1199 3778 1312 3835 remulco

263 3881 454 3955 quadriremis
484 3882 560 3939 trahi
593 3884 630 3939 ad
664 3882 864 3939 Achradinam
895 3882 993 3952 iussit,
1024 3883 1193 3958 exponique
1222 3883 1331 3948 milites,

231 3986 381 4059 sregioue
402 3993 502 4059 portae,
524 4004 589 4059 quae
609 4004 701 4062 propa
722 3985 832 4043 fontem
853 3988 1032 4044 Arethusam
1050 3996 1105 4046 ast.
1149 3989 1217 4046 Hoc
1237 4005 1309 4062 quun
1330 3969 1331 3976 ἵ
