2748 4556
312 197 371 256 184
585 191 664 244 utar
678 189 781 246 xxm
817 189 899 255 (Μ.
910 203 934 244 a.
945 189 1018 252 5⁴0.)

267 365 512 438 lbi'ldandonius
548 375 694 450 ceterique
720 374 864 450 principes
890 373 1088 448 comprehensi
1114 383 1139 430 et
1153 371 1243 430 traditi
1269 373 1326 430 ad

237 481 449 559 dsupplicium.
497 479 649 556 Hispanias
677 479 793 554 populis
825 479 938 536 reddita
964 495 1040 553 pax;
1072 477 1213 552 stipendium
1237 477 1325 533 eius

268 587 337 644 anni
363 585 472 661 duplex
502 595 530 642 at
558 583 735 642 frumentum
763 601 817 640 sex
844 601 976 642 mensum
1005 583 1163 659 imperatum
1180 599 1325 656 sagaque

268 701 298 750 et
319 701 395 767 toga
417 689 566 759 mercitui,
587 700 616 746 et
637 689 753 746 obsides
774 690 813 746 ab
834 688 953 764 triginta
968 688 1061 747 ferme
1078 687 1178 763 populis
1189 685 1322 760 accepti.

239 801 256 856 6
352 797 400 854 Ita
416 795 567 871 Hispania
588 793 754 851 rebellantis
777 793 902 850 tumultu
924 793 1004 850 hand
1026 811 1128 868 rnugno
1146 799 1212 847 motu
1226 790 1328 846 intra

268 917 379 977 paucos
407 901 468 958 dies
497 897 610 956 concito
639 907 667 954 et
693 915 876 974 compresso,
906 897 937 955 in
959 897 1095 956 Africam
1120 896 1200 954 omnis
1216 905 1328 951 tar-ror

239 1010 379 1066 iversus.
428 1005 462 1066 C.
486 1003 593 1061 Laelius
622 1013 708 1060 nocte
729 1002 767 1058 ad
788 1002 955 1076 Hipponem
977 1003 1102 1077 Regium
1121 1021 1200 1077 quum
1217 1017 1325 1056 ames·

269 1111 370 1181 sisset,
402 1110 466 1167 luce
494 1108 590 1183 prima
619 1107 657 1162 ad
681 1106 880 1182 populandum
907 1125 1011 1181 agrum
1040 1109 1094 1165 sub
1116 1107 1197 1182 signis
1214 1104 1323 1161 milites

239 1213 423 1288 8sociosque
453 1213 574 1270 navales
606 1212 698 1271 duxit.
758 1209 903 1270 Omnibus
942 1212 1026 1287 pacis
1065 1213 1152 1268 modo
1183 1209 1325 1266 undose

270 1319 431 1394 agentibus,
454 1335 563 1392 magna
585 1317 682 1374 clades
703 1317 800 1388 illata;
828 1318 978 1392 nuntiique
998 1316 1105 1392 trepidi
1125 1313 1321 1389 Carthaginem

269 1432 381 1480 terrore
406 1421 516 1497 ingenti
542 1423 742 1497 complevere,
777 1423 898 1480 classem
920 1424 1087 1480 Romanam
1110 1420 1323 1496 Scipionemque

268 1527 474 1600 imperatorem
503 1527 546 1598 (et
575 1525 658 1584 fama
688 1518 800 1597 fuerat,
822 1528 932 1585 iamin
954 1526 1084 1586 Siciliam
1108 1525 1323 1600 transgressum)

238 1631 431 1692 9odvenisse.
491 1630 556 1688 Nec
595 1640 668 1705 quot
697 1648 788 1687 naves
816 1630 972 1702 vidissent,
1008 1649 1062 1688 nec
1090 1639 1197 1705 quanta
1221 1647 1325 1684 manus
1365 1701 1366 1708 ἵ

271 1753 357 1809 agros
379 1736 577 1811 popularetur,
599 1735 670 1791 satis
692 1737 775 1810 gnari
798 1735 899 1792 omnia
922 1737 953 1792 in
975 1737 1078 1807 maius,
1101 1745 1177 1792 matu
1196 1743 1323 1808 augente,
1365 1717 1366 1772 Ῐ

270 1840 459 1916 accipiebant.
512 1841 619 1914 Itaque
648 1841 742 1914 primo
776 1849 870 1897 terror
899 1859 1067 1916 pavorque,
1102 1840 1168 1897 dein
1197 1836 1323 1895 mestitia
1365 1885 1366 1902 ,

221 1951 257 2004 10
270 1937 382 2002 animos
403 1945 536 2002 incessit:
568 1954 680 2001 tantum
701 1944 849 2002 fortunam
872 1956 1009 2017 mutasse,
1030 1955 1071 2016 ut,
1094 1945 1144 2019 qui
1165 1944 1245 2001 modo
1263 1942 1320 2016 ipsi

270 2051 429 2108 exercitum
451 2057 518 2106 ants
539 2049 646 2106 moeuia
667 2049 802 2107 Romana
823 2050 992 2106 habuissent
1012 2051 1156 2119 victores,
1178 2047 1319 2119 stratisque

272 2165 315 2212 tot
335 2155 463 2212 bostium
483 2153 656 2210 exercitibus
679 2169 779 2210 omnes
797 2152 890 2210 Italiae
912 2155 1035 2230 populos
1057 2166 1109 2212 aut
1122 2153 1153 2211 vi
1166 2163 1215 2210 aut
1228 2151 1317 2208 volun-

222 2263 332 2318 litate
353 2258 383 2314 in
404 2257 578 2314 deditionem
607 2258 803 2331 accepissent,
839 2257 860 2314 ii
881 2277 967 2316 verso
988 2260 1085 2318 Marte
1108 2258 1218 2316 Africae
1236 2273 1318 2332 popu-

270 2364 393 2420 lationes
423 2373 452 2418 et
480 2362 661 2419 obsidionem
684 2359 870 2436 Carthaginis
891 2364 983 2420 visuri
1003 2363 1115 2436 dorent,
1147 2377 1313 2437 nequaquem

222 2471 257 2526 12
270 2467 336 2542 pari
357 2467 395 2523 ad
416 2466 553 2543 patienda
581 2467 764 2537 saraborc,
800 2485 835 2524 ac
856 2469 983 2526 Romani
1009 2468 1141 2528 fuissent.
1189 2467 1250 2524 lllis
1267 2467 1314 2522 Rc-

272 2591 387 2629 menam
409 2571 539 2646 plebem,
571 2570 628 2628 illis
649 2571 766 2627 Latium
794 2571 972 2629 iuventutern
1003 2574 1163 2648 praebuisse
1195 2573 1308 2629 maiorem

271 2695 386 2752 semper
405 2675 688 2751 frequentioremque
710 2694 764 2750 pro
786 2685 830 2733 tot
851 2677 932 2734 casis
955 2677 1130 2736 exercitibus
1146 2676 1310 2734 subolescer-

221 2784 256 2839 13
271 2791 348 2851 tem3
370 2799 451 2839 suam
473 2764 586 2856 plebem
610 2779 753 2837 imbellem
774 2782 804 2838 in
827 2783 914 2852 urbe,
940 2782 1085 2840 imbellem
1107 2785 1137 2838 in
1155 2786 1235 2855 aqna
1253 2798 1311 2845 esst}
1363 2779 1364 2802 ¹

270 2887 402 2944 mercede
423 2884 521 2961 parari
540 2885 650 2942 auxilia
671 2905 709 2942 ax
729 2886 822 2955 Afris,
844 2897 929 2960 gente
951 2887 988 2944 ad
1013 2907 1128 2945 omnem
1153 2907 1256 2944 auram
1269 2883 1311 2960 spei

222 2995 257 3048 14
271 2990 370 3047 mobili
391 3001 480 3064 atque
502 2990 600 3046 infida.
648 2991 712 3046 Iam
735 3009 838 3065 reges,
875 2991 1039 3067 Syphacem
1067 3003 1135 3068 post
1156 2991 1312 3065 colloquium

271 3113 336 3152 eum
360 3094 496 3169 Scipione
518 3094 685 3164 alienatum,
706 3096 892 3153 Masinissam
913 3107 1016 3171 aperta
1031 3097 1195 3153 defectione
1208 3094 1313 3152 infestis·

222 3204 256 3258 15
269 3194 373 3255 simum
403 3200 526 3256 bostem.
574 3199 657 3256 Nihil
683 3218 805 3275 usquam
830 3201 907 3276 spei,
935 3201 1007 3257 nihil
1028 3201 1130 3257 auxilii
1150 3218 1225 3258 esse.
1266 3199 1315 3256 Nec

269 3304 426 3377 Magonem
449 3323 487 3360 ex
511 3303 611 3363 Gallia
633 3323 752 3362 movero
773 3305 912 3361 tumultus
934 3306 1089 3380 quicquam
1125 3323 1181 3362 uec
1212 3305 1315 3363 coniun-

268 3423 338 3481 gere
366 3425 430 3465 sase
469 3409 644 3479 Hannibali,
679 3416 708 3466 et
737 3409 933 3466 Hannibalern
966 3411 1061 3486 ipsum
1092 3411 1154 3467 iam
1193 3422 1224 3468 et
1252 3411 1314 3467 fama

193 3507 216 3576 4
268 3528 418 3568 senescere
439 3521 469 3569 ct
488 3513 607 3571 viribus.
656 3513 692 3569 In
719 3514 781 3570 hac
813 3513 945 3570 deflenda
971 3512 1126 3587 prolapsos
1155 3517 1196 3573 ab
1226 3514 1314 3573 recenti

268 3617 369 3673 nuntio
391 3618 503 3674 animos
524 3636 624 3676 rursus
641 3629 735 3675 terror
752 3617 864 3674 instans
874 3617 1028 3676 ⁴revocavit
1043 3619 1081 3674 ad
1099 3621 1314 3683 consultandum

214 3724 395 3800 '2quonam
426 3722 513 3780 modo
543 3722 660 3780 obviam
681 3723 870 3797 presentibus
891 3721 1028 3797 periculis
1051 3722 1152 3784 iretur.
1201 3727 1314 3784 Dilectus

267 3826 373 3901 raptim
395 3827 424 3883 in
446 3827 518 3884 urbe
540 3826 676 3900 agrisque
697 3827 799 3884 haberi
820 3827 926 3903 placet,
947 3826 1062 3884 mittere
1083 3829 1123 3884 ad
1143 3831 1314 3889 conducendo

268 3921 409 3988 Asu-orum
430 3931 555 4001 auxilia,
585 3931 835 4004 munire'urbem,
861 3931 1036 3990 frumentum
1059 3935 1238 4005 convehere,
1263 3935 1315 4000 tela
