2700 4426
407 145 483 197 Liber
500 145 626 198 xxvnr.
667 142 772 210 (1111.
790 107 862 209 ios.)
1065 154 1120 206 157

106 329 241 405 fugientis
270 331 357 388 modo
391 343 453 406 sese
480 339 664 390 avertentem.
708 331 783 388 ‘Iam
815 331 844 387 in
874 332 939 407 ipsa
965 351 1064 408 pugna
1093 335 1163 404 haec,
1179 338 1224 399 lb¹

108 457 195 512 quum
217 436 321 494 infesto
342 445 438 494 rostro
459 447 568 512 peteret
589 437 714 493 hostium
727 456 840 507 navem,
863 437 981 511 obliqua
996 439 1060 513 ipsa
1075 439 1162 496 ictum

108 544 224 601 alterius
257 542 343 601 rostri
379 543 550 617 accipiebam
590 543 650 614 illa,
683 562 769 617 quum
801 551 968 600 transversa
994 544 1164 602 obiiceretur

107 651 197 721 hosti,
233 656 349 724 repente
381 658 460 705 torta
486 649 516 705 in
538 667 655 723 proram
677 648 927 722 circumagebatur.
975 647 1064 716 Quum
1089 651 1163 708 inter
1179 643 1210 708 11

107 757 238 813 triremes
258 754 375 813 fortuna
396 763 512 829 regente
536 772 642 829 anceps
663 754 794 829 proelium
817 755 1000 825 misceretur,
1023 757 1161 832 quinque-

107 863 194 920 remis
225 863 360 920 Romana
388 880 439 918 seu
468 860 595 936 pondere
622 860 766 931 tenacior,
799 879 848 917 seu
867 860 997 935 pluribus
1018 881 1162 921 remorum

108 967 256 1024 ordinibus
288 967 481 1024 scindentibus
503 966 623 1023 vertices
652 984 738 1040 quum
760 964 872 1023 facilius
893 975 1058 1041 regeretur,
1091 970 1163 1027 duas

107 1074 238 1130 triremes
280 1073 453 1147 suppressit,
495 1073 577 1129 unius
612 1071 734 1147 praelata
768 1073 875 1148 impetu
912 1071 1010 1129 lateris
1046 1074 1163 1132 alterius

108 1197 204 1236 remos
234 1179 365 1246 detersit3
405 1187 589 1252 ceterasque,
623 1197 695 1253 quas
729 1178 847 1253 indepta
877 1188 965 1249 esset,
1001 1180 1163 1253 mulcasset,
1179 1187 1214 1242 12

108 1286 138 1342 ni
167 1303 231 1342 cum
261 1284 378 1358 reliquis
410 1285 535 1358 quinque
563 1285 686 1342 navibus
707 1285 859 1343 Adherbal
879 1286 951 1342 velis
979 1284 1009 1342 in
1030 1286 1162 1345 Africam

108 1390 322 1449 transmisisset.

191 1496 297 1552 Laelius
322 1495 414 1552 victor
436 1494 580 1553 Carteiam
602 1505 749 1566 revectus,
776 1496 895 1567 auditis,
927 1515 990 1570 quae
1013 1507 1079 1555 acta
1101 1497 1162 1557 Ga·
1216 1497 1257 1566 31

109 1601 192 1658 dibus
230 1610 326 1672 erant,
362 1600 537 1677 patefactam
573 1602 764 1676 proditionem
802 1602 1024 1678 coniuratosque
1059 1606 1163 1662 missos

109 1705 323 1782 Carthaginem,
345 1725 425 1783 spem
449 1707 486 1763 ad
503 1703 615 1764 irritum
633 1706 790 1778 redactam,
814 1708 1035 1782 quavenissent,
1057 1711 1192 1770 nuntiis2

110 1813 147 1871 ad
169 1815 202 1873 L.
227 1813 369 1870 Marcium
392 1813 501 1884 missis,
532 1812 634 1868 nisisi
656 1820 748 1868 terere
770 1811 879 1869 frustra
901 1821 1013 1889 tempus
1034 1816 1161 1874 sedendo

109 1919 146 1975 ad
168 1919 268 1977 Gades
291 1919 405 1989 vellent,
426 1919 602 1976 redeundum
621 1919 658 1974 ad
674 1917 876 1992 imperatorem
897 1934 969 1989 esse,
992 1923 1163 1979 assentiente

110 2024 232 2094 Marcio,
264 2044 374 2099 paucos
409 2034 475 2100 post
507 2024 567 2080 dies
593 2024 679 2080 ambo
711 2021 915 2096 Carthaginem
946 2026 1064 2084 rediere.
1113 2029 1193 2086 ads

110 2147 231 2203 quorum
260 2130 416 2187 discessum
452 2149 510 2187 non
536 2129 689 2203 respiravit
721 2128 807 2184 modo
834 2129 939 2203 Mago,
972 2149 1060 2205 quum
1087 2143 1164 2191 terra

109 2235 240 2308 marique
262 2237 378 2312 ancipiti
406 2247 482 2294 metu
505 2244 670 2310 urgeretur,
692 2234 867 2305 sedetiam,
889 2235 989 2293 audita
1009 2237 1163 2294 rebellione

108 2340 279 2415 Ilergetum,
312 2362 391 2418 spem
414 2341 616 2418 recuperandae
638 2341 787 2416 Hispaniae
810 2349 932 2397 nanctus
953 2342 1067 2398 nuntios
1089 2340 1163 2399 Car-

109 2446 255 2520 rhaginem
287 2449 324 2504 ad
346 2459 476 2506 senatum
499 2448 598 2519 mittit,
632 2448 681 2522 qui
702 2447 787 2504 simul
807 2446 976 2503 seditionem
1000 2447 1112 2504 civilem
1133 2448 1193 2508 int

110 2553 210 2608 castris
232 2554 390 2624 Romanis,
418 2554 503 2610 simul
526 2552 714 2611 defectionem
736 2552 879 2610 sociorum
900 2552 931 2607 in
953 2552 1046 2609 maius
1066 2554 1162 2610 verbis

110 2657 277 2714 extollentes
306 2659 470 2728 hortentur,
508 2669 540 2716 ut
568 2659 676 2715 auxilia
704 2657 862 2728 mitterent,
895 2657 998 2731 quibus
1025 2658 1160 2715 traditum

109 2782 128 2820 a
148 2764 278 2838 patribus
303 2764 453 2840 imperium
476 2764 625 2840 Hispaniae
646 2763 738 2837 repeti
757 2771 864 2837 posset.

190 2871 365 2927 Mandonius
393 2879 421 2926 et
449 2869 580 2927 Indibilis
604 2871 632 2926 in
655 2870 725 2925 fines
747 2868 869 2944 regressi
890 2867 1052 2942 paulisper,
1084 2868 1192 2938 dum,5

109 2976 244 3050 quidnam
267 2976 303 3031 de
324 2975 463 3032 seditione
484 2983 665 3046 statueretur,
687 2974 808 3044 scirent,
831 2973 962 3048 suspensi
984 2972 1161 3045 quieverunt,

107 3083 132 3139 si
160 3083 263 3139 civium
299 3082 390 3139 errori
424 3082 633 3157 ignosceretur,
670 3098 728 3137 non
761 3077 922 3136 diffidentes
955 3077 1009 3135 sibi
1047 3096 1161 3152 quoque

108 3188 218 3262 ignosci
239 3205 333 3263 posse.
380 3189 540 3263 Postquam
563 3187 684 3262 vulgata
705 3193 747 3243 est
762 3184 898 3255 atrocitas
916 3184 1056 3260 supplicii,
1078 3197 1191 3251 suamss
1215 3225 1219 3232 ·

109 3311 223 3367 quoque
246 3313 353 3351 noxam
378 3293 442 3369 pari
465 3313 552 3369 poena
573 3292 743 3348 aestimatam
764 3291 838 3362 rati,
872 3291 983 3349 vocatis
1003 3309 1102 3347 rursus
1124 3291 1160 3348 ad

109 3417 191 3455 arma
213 3399 401 3474 popularibus
422 3399 649 3473 contractisque,
672 3377 735 3472 quie
756 3405 823 3454 ante
844 3398 1014 3465 habuerant,
1036 3396 1190 3467 auxiliis,7

109 3504 137 3559 in
160 3503 333 3562 Sedetanum
357 3523 475 3580 agrurn,
502 3506 556 3562 ubi,
572 3505 712 3580 principio
735 3502 902 3560 defectionis
923 3501 1030 3560 stativa
1050 3503 1159 3558 habue·

108 3618 189 3678 rant,
225 3629 288 3668 cnm
316 3611 417 3686 viginti
444 3611 569 3668 millibus
592 3612 731 3684 peditum,
766 3608 893 3682 equitum
916 3609 1020 3665 duobus
1041 3609 1159 3664 millibus

108 3726 136 3771 et
147 3715 308 3790 quingentis
320 3718 564 3778 transcenderunt.
597 3717 704 3794 Scipio,
726 3733 812 3789 quum
835 3715 891 3770 fide
905 3715 1035 3772 solvendi
1048 3714 1157 3790 pariter
1210 3717 1254 3786 32

106 3824 238 3880 omnibus
264 3823 359 3880 noxiis
389 3823 571 3896 innoxiisque
602 3822 749 3896 stipendii,
783 3830 843 3879 tum
864 3821 945 3878 vultu
971 3840 1006 3878 ac
1027 3839 1158 3878 sermone

105 3931 133 3985 in
167 3947 266 3986 omnes
297 3928 412 4003 placato
443 3927 528 3986 facile
559 3928 749 3985 reconciliatis
782 3928 901 3985 militum
924 3927 1044 3998 animis,
1066 3927 1188 4002 prius-2
