<?xml version="1.0" encoding="UTF-8"?>
<!DOCTYPE html PUBLIC "-//W3C//DTD XHTML 1.0 Transitional//EN"
    "http://www.w3.org/TR/xhtml1/DTD/xhtml1-transitional.dtd">
<html xmlns="http://www.w3.org/1999/xhtml" xml:lang="en" lang="en">
 <head>
  <title>
</title>
<meta http-equiv="Content-Type" content="text/html;charset=utf-8" />
  <meta name='ocr-system' content='tesseract 3.04.00' />
  <meta name='ocr-capabilities' content='ocr_page ocr_carea ocr_par ocr_line ocrx_word'/>
</head>
<body>
  <div class='ocr_page' id='page_1' title='image "./titiliviihistor01ussigoog/titiliviihistor01ussigoog_0054.png"; bbox 0 0 2812 4556; ppageno 0'>
   <div class='ocr_carea' id='block_1_1' title="bbox 404 251 1205 324">
    <p class='ocr_par' dir='ltr' id='par_1_1' title="bbox 404 251 1205 324">
     <span class='ocr_line' id='line_1_1' title="bbox 404 251 1205 324; baseline 0.017 -22"><span class='ocrx_word' id='word_1_1' title='bbox 404 253 574 307; x_wconf 77' lang='lat' dir='ltr'><strong>ntterxxl.</strong></span> <span class='ocrx_word' id='word_1_2' title='bbox 612 253 808 319; x_wconf 61' lang='lat' dir='ltr'><strong>(achara.)</strong></span> <span class='ocrx_word' id='word_1_3' title='bbox 909 251 916 258; x_wconf 92' lang='grc'><em>“</em></span> <span class='ocrx_word' id='word_1_4' title='bbox 1059 259 1095 314; x_wconf 80' lang='grc'><strong>13</strong></span> <span class='ocrx_word' id='word_1_5' title='bbox 1200 315 1205 324; x_wconf 77' lang='grc'><strong>,</strong></span> 
     </span>
    </p>
   </div>
   <div class='ocr_carea' id='block_1_2' title="bbox 48 431 1232 2298">
    <p class='ocr_par' dir='ltr' id='par_1_2' title="bbox 48 431 1168 1870">
     <span class='ocr_line' id='line_1_2' title="bbox 51 431 1138 512; baseline 0.008 -25"><span class='ocrx_word' id='word_1_6' title='bbox 51 431 267 492; x_wconf 85' lang='lat' dir='ltr'><strong>Hannibalem</strong></span> <span class='ocrx_word' id='word_1_7' title='bbox 290 437 482 507; x_wconf 79' lang='lat' dir='ltr'><strong>concessisse;</strong></span> <span class='ocrx_word' id='word_1_8' title='bbox 515 437 617 512; x_wconf 90' lang='lat' dir='ltr'><strong>quinto</strong></span> <span class='ocrx_word' id='word_1_9' title='bbox 638 438 741 496; x_wconf 86' lang='lat' dir='ltr'><strong>deinde</strong></span> <span class='ocrx_word' id='word_1_10' title='bbox 762 457 871 508; x_wconf 85' lang='lat' dir='ltr'><strong>mense,</strong></span> <span class='ocrx_word' id='word_1_11' title='bbox 894 457 982 512; x_wconf 85' lang='lat' dir='ltr'><strong>quam</strong></span> <span class='ocrx_word' id='word_1_12' title='bbox 1004 439 1042 496; x_wconf 86' lang='lat' dir='ltr'><strong>ab</strong></span> <span class='ocrx_word' id='word_1_13' title='bbox 1065 437 1138 496; x_wconf 79' lang='lat' dir='ltr'><strong>Car·</strong></span> 
     </span>
     <span class='ocr_line' id='line_1_3' title="bbox 50 537 1168 617; baseline 0.009 -26"><span class='ocrx_word' id='word_1_14' title='bbox 50 537 177 611; x_wconf 85' lang='lat' dir='ltr'><strong>thngine</strong></span> <span class='ocrx_word' id='word_1_15' title='bbox 193 540 353 614; x_wconf 80' lang='lat' dir='ltr'><strong>profectus</strong></span> <span class='ocrx_word' id='word_1_16' title='bbox 375 543 422 611; x_wconf 81' lang='lat' dir='ltr'><strong>sit,</strong></span> <span class='ocrx_word' id='word_1_17' title='bbox 443 543 474 599; x_wconf 91' lang='lat' dir='ltr'><strong>in</strong></span> <span class='ocrx_word' id='word_1_18' title='bbox 498 541 615 599; x_wconf 78' lang='lat' dir='ltr'><strong>ltaliam</strong></span> <span class='ocrx_word' id='word_1_19' title='bbox 635 543 811 617; x_wconf 88' lang='lat' dir='ltr'><strong>pervenisse.</strong></span> <span class='ocrx_word' id='word_1_20' title='bbox 860 544 933 616; x_wconf 74' lang='lat' dir='ltr'><strong>Qum</strong></span> <span class='ocrx_word' id='word_1_21' title='bbox 953 544 979 600; x_wconf 87' lang='lat' dir='ltr'><strong>si</strong></span> <span class='ocrx_word' id='word_1_22' title='bbox 998 543 1040 600; x_wconf 87' lang='lat' dir='ltr'><strong>ita</strong></span> <span class='ocrx_word' id='word_1_23' title='bbox 1060 547 1168 614; x_wconf 64' lang='lat' dir='ltr'><strong>eunti</strong></span> 
     </span>
     <span class='ocr_line' id='line_1_4' title="bbox 50 637 1138 723; baseline 0.007 -25"><span class='ocrx_word' id='word_1_24' title='bbox 50 643 113 699; x_wconf 87' lang='lat' dir='ltr'><strong>lieri</strong></span> <span class='ocrx_word' id='word_1_25' title='bbox 142 663 213 702; x_wconf 85' lang='lat' dir='ltr'><strong>non</strong></span> <span class='ocrx_word' id='word_1_26' title='bbox 245 647 355 722; x_wconf 90' lang='lat' dir='ltr'><strong>potuit,</strong></span> <span class='ocrx_word' id='word_1_27' title='bbox 388 657 421 704; x_wconf 87' lang='lat' dir='ltr'><strong>ut</strong></span> <span class='ocrx_word' id='word_1_28' title='bbox 450 637 487 707; x_wconf 85' lang='lat' dir='ltr'><strong>P.</strong></span> <span class='ocrx_word' id='word_1_29' title='bbox 517 645 679 717; x_wconf 84' lang='lat' dir='ltr'><strong>Cornelius,</strong></span> <span class='ocrx_word' id='word_1_30' title='bbox 707 649 756 706; x_wconf 88' lang='lat' dir='ltr'><strong>Ti.</strong></span> <span class='ocrx_word' id='word_1_31' title='bbox 787 647 977 723; x_wconf 79' lang='lat' dir='ltr'>Sempronius</span> <span class='ocrx_word' id='word_1_32' title='bbox 1006 648 1138 706; x_wconf 88' lang='lat' dir='ltr'><strong>eonsules</strong></span> 
     </span>
     <span class='ocr_line' id='line_1_5' title="bbox 48 747 1139 828; baseline 0.007 -26"><span class='ocrx_word' id='word_1_33' title='bbox 48 747 179 818; x_wconf 83' lang='lat' dir='ltr'><strong>fuerint,</strong></span> <span class='ocrx_word' id='word_1_34' title='bbox 218 752 261 807; x_wconf 85' lang='lat' dir='ltr'><strong>ad</strong></span> <span class='ocrx_word' id='word_1_35' title='bbox 287 770 360 825; x_wconf 90' lang='lat' dir='ltr'><strong>quos</strong></span> <span class='ocrx_word' id='word_1_36' title='bbox 396 761 426 808; x_wconf 90' lang='lat' dir='ltr'><strong>et</strong></span> <span class='ocrx_word' id='word_1_37' title='bbox 451 752 594 827; x_wconf 89' lang='lat' dir='ltr'><strong>prineipio</strong></span> <span class='ocrx_word' id='word_1_38' title='bbox 620 753 846 827; x_wconf 78' lang='lat' dir='ltr'><strong>oppugnationis</strong></span> <span class='ocrx_word' id='word_1_39' title='bbox 870 753 961 828; x_wconf 84' lang='lat' dir='ltr'><strong>legati</strong></span> <span class='ocrx_word' id='word_1_40' title='bbox 983 753 1139 828; x_wconf 81' lang='lat' dir='ltr'><strong>Saguntini</strong></span> 
     </span>
     <span class='ocr_line' id='line_1_6' title="bbox 49 853 1139 930; baseline 0.006 -22"><span class='ocrx_word' id='word_1_41' title='bbox 49 853 132 909; x_wconf 87' lang='lat' dir='ltr'><strong>missi</strong></span> <span class='ocrx_word' id='word_1_42' title='bbox 157 855 228 912; x_wconf 89' lang='lat' dir='ltr'><strong>sint</strong></span> <span class='ocrx_word' id='word_1_43' title='bbox 256 866 287 913; x_wconf 89' lang='lat' dir='ltr'><strong>et</strong></span> <span class='ocrx_word' id='word_1_44' title='bbox 314 856 365 930; x_wconf 91' lang='lat' dir='ltr'><strong>qni</strong></span> <span class='ocrx_word' id='word_1_45' title='bbox 386 857 416 913; x_wconf 88' lang='lat' dir='ltr'><strong>in</strong></span> <span class='ocrx_word' id='word_1_46' title='bbox 436 876 490 914; x_wconf 88' lang='lat' dir='ltr'><strong>sno</strong></span> <span class='ocrx_word' id='word_1_47' title='bbox 513 857 686 930; x_wconf 85' lang='lat' dir='ltr'><strong>magistratu</strong></span> <span class='ocrx_word' id='word_1_48' title='bbox 708 876 774 915; x_wconf 86' lang='lat' dir='ltr'><strong>oum</strong></span> <span class='ocrx_word' id='word_1_49' title='bbox 794 858 977 926; x_wconf 80' lang='lat' dir='ltr'>Hannibale,</span> <span class='ocrx_word' id='word_1_50' title='bbox 1006 857 1080 914; x_wconf 87' lang='lat' dir='ltr'><strong>alter</strong></span> <span class='ocrx_word' id='word_1_51' title='bbox 1101 859 1139 914; x_wconf 82' lang='lat' dir='ltr'><strong>ad</strong></span> 
     </span>
     <span class='ocr_line' id='line_1_7' title="bbox 49 958 1138 1038; baseline 0.004 -24"><span class='ocrx_word' id='word_1_52' title='bbox 49 958 196 1016; x_wconf 80' lang='lat' dir='ltr'><strong>Ticinum</strong></span> <span class='ocrx_word' id='word_1_53' title='bbox 224 979 352 1033; x_wconf 75' lang='lat' dir='ltr'><strong>amnem,</strong></span> <span class='ocrx_word' id='word_1_54' title='bbox 375 963 462 1020; x_wconf 86' lang='lat' dir='ltr'><strong>ambo</strong></span> <span class='ocrx_word' id='word_1_55' title='bbox 485 961 635 1034; x_wconf 88' lang='lat' dir='ltr'><strong>aliquanto</strong></span> <span class='ocrx_word' id='word_1_56' title='bbox 656 971 724 1036; x_wconf 91' lang='lat' dir='ltr'><strong>post</strong></span> <span class='ocrx_word' id='word_1_57' title='bbox 745 964 782 1020; x_wconf 88' lang='lat' dir='ltr'><strong>ad</strong></span> <span class='ocrx_word' id='word_1_58' title='bbox 804 963 959 1033; x_wconf 81' lang='lat' dir='ltr'><strong>Trebiam,</strong></span> <span class='ocrx_word' id='word_1_59' title='bbox 988 979 1138 1038; x_wconf 83' lang='lat' dir='ltr'><strong>pugnave-</strong></span> 
     </span>
     <span class='ocr_line' id='line_1_8' title="bbox 50 1063 1168 1142; baseline 0.005 -24"><span class='ocrx_word' id='word_1_60' title='bbox 50 1063 119 1124; x_wconf 88' lang='lat' dir='ltr'><strong>rint.</strong></span> <span class='ocrx_word' id='word_1_61' title='bbox 180 1067 253 1124; x_wconf 87' lang='lat' dir='ltr'><strong>Ant</strong></span> <span class='ocrx_word' id='word_1_62' title='bbox 282 1067 382 1124; x_wconf 88' lang='lat' dir='ltr'><strong>omnia</strong></span> <span class='ocrx_word' id='word_1_63' title='bbox 409 1068 546 1126; x_wconf 83' lang='lat' dir='ltr'><strong>breviora</strong></span> <span class='ocrx_word' id='word_1_64' title='bbox 578 1065 728 1140; x_wconf 80' lang='lat' dir='ltr'><strong>aliquanto</strong></span> <span class='ocrx_word' id='word_1_65' title='bbox 761 1068 857 1137; x_wconf 84' lang='lat' dir='ltr'><strong>fuere,</strong></span> <span class='ocrx_word' id='word_1_66' title='bbox 892 1078 943 1126; x_wconf 89' lang='lat' dir='ltr'><strong>aut</strong></span> <span class='ocrx_word' id='word_1_67' title='bbox 975 1067 1168 1142; x_wconf 80' lang='lat' dir='ltr'><strong>Saguntumb</strong></span> 
     </span>
     <span class='ocr_line' id='line_1_9' title="bbox 51 1168 1137 1248; baseline 0.006 -26"><span class='ocrx_word' id='word_1_68' title='bbox 51 1168 210 1244; x_wconf 84' lang='lat' dir='ltr'><strong>principio</strong></span> <span class='ocrx_word' id='word_1_69' title='bbox 241 1171 324 1242; x_wconf 81' lang='lat' dir='ltr'><strong>anni,</strong></span> <span class='ocrx_word' id='word_1_70' title='bbox 359 1190 417 1246; x_wconf 91' lang='lat' dir='ltr'><strong>quo</strong></span> <span class='ocrx_word' id='word_1_71' title='bbox 447 1173 482 1231; x_wconf 89' lang='lat' dir='ltr'><strong>P.</strong></span> <span class='ocrx_word' id='word_1_72' title='bbox 506 1170 676 1241; x_wconf 83' lang='lat' dir='ltr'><strong>Cornelius,</strong></span> <span class='ocrx_word' id='word_1_73' title='bbox 708 1173 757 1234; x_wconf 81' lang='lat' dir='ltr'><strong>Ti.</strong></span> <span class='ocrx_word' id='word_1_74' title='bbox 786 1173 976 1248; x_wconf 77' lang='lat' dir='ltr'><strong>Sempronius</strong></span> <span class='ocrx_word' id='word_1_75' title='bbox 1004 1172 1137 1230; x_wconf 88' lang='lat' dir='ltr'><strong>eonsules</strong></span> 
     </span>
     <span class='ocr_line' id='line_1_10' title="bbox 52 1271 1167 1354; baseline 0.006 -25"><span class='ocrx_word' id='word_1_76' title='bbox 52 1271 187 1344; x_wconf 73' lang='lat' dir='ltr'><strong>fuerunt,</strong></span> <span class='ocrx_word' id='word_1_77' title='bbox 214 1295 276 1334; x_wconf 89' lang='lat' dir='ltr'><strong>non</strong></span> <span class='ocrx_word' id='word_1_78' title='bbox 291 1287 418 1352; x_wconf 82' lang='lat' dir='ltr'><strong>coeptum</strong></span> <span class='ocrx_word' id='word_1_79' title='bbox 433 1279 598 1353; x_wconf 87' lang='lat' dir='ltr'><strong>oppugnari</strong></span> <span class='ocrx_word' id='word_1_80' title='bbox 620 1288 672 1349; x_wconf 85' lang='lat' dir='ltr'><strong>est,</strong></span> <span class='ocrx_word' id='word_1_81' title='bbox 695 1279 746 1335; x_wconf 88' lang='lat' dir='ltr'><strong>sed</strong></span> <span class='ocrx_word' id='word_1_82' title='bbox 773 1287 899 1354; x_wconf 81' lang='lat' dir='ltr'><strong>captum.</strong></span> <span class='ocrx_word' id='word_1_83' title='bbox 935 1277 1014 1334; x_wconf 88' lang='lat' dir='ltr'><strong>Nam</strong></span> <span class='ocrx_word' id='word_1_84' title='bbox 1038 1281 1167 1336; x_wconf 83' lang='lat' dir='ltr'><strong>exeas-d</strong></span> 
     </span>
     <span class='ocr_line' id='line_1_11' title="bbox 54 1379 1136 1456; baseline 0.006 -24"><span class='ocrx_word' id='word_1_85' title='bbox 54 1379 128 1434; x_wconf 84' lang='lat' dir='ltr'><strong>sisse</strong></span> <span class='ocrx_word' id='word_1_86' title='bbox 151 1397 263 1456; x_wconf 86' lang='lat' dir='ltr'><strong>pugna</strong></span> <span class='ocrx_word' id='word_1_87' title='bbox 290 1381 329 1438; x_wconf 88' lang='lat' dir='ltr'><strong>ad</strong></span> <span class='ocrx_word' id='word_1_88' title='bbox 358 1383 498 1439; x_wconf 82' lang='lat' dir='ltr'><strong>Trebiam</strong></span> <span class='ocrx_word' id='word_1_89' title='bbox 528 1384 557 1440; x_wconf 93' lang='lat' dir='ltr'><strong>in</strong></span> <span class='ocrx_word' id='word_1_90' title='bbox 588 1401 695 1440; x_wconf 87' lang='lat' dir='ltr'><strong>annum</strong></span> <span class='ocrx_word' id='word_1_91' title='bbox 729 1381 784 1444; x_wconf 76' lang='lat' dir='ltr'><strong>Cn,</strong></span> <span class='ocrx_word' id='word_1_92' title='bbox 813 1381 929 1443; x_wconf 88' lang='lat' dir='ltr'><strong>Servilii</strong></span> <span class='ocrx_word' id='word_1_93' title='bbox 961 1391 990 1439; x_wconf 86' lang='lat' dir='ltr'><strong>et</strong></span> <span class='ocrx_word' id='word_1_94' title='bbox 1011 1381 1045 1441; x_wconf 86' lang='lat' dir='ltr'><strong>C.</strong></span> <span class='ocrx_word' id='word_1_95' title='bbox 1067 1383 1136 1440; x_wconf 87' lang='lat' dir='ltr'><strong>Flu·</strong></span> 
     </span>
     <span class='ocr_line' id='line_1_12' title="bbox 56 1481 1138 1561; baseline 0.007 -25"><span class='ocrx_word' id='word_1_96' title='bbox 56 1481 139 1539; x_wconf 89' lang='lat' dir='ltr'><strong>minii</strong></span> <span class='ocrx_word' id='word_1_97' title='bbox 162 1504 230 1542; x_wconf 93' lang='lat' dir='ltr'><strong>non</strong></span> <span class='ocrx_word' id='word_1_98' title='bbox 251 1494 359 1560; x_wconf 79' lang='lat' dir='ltr'><strong>potest,</strong></span> <span class='ocrx_word' id='word_1_99' title='bbox 382 1488 450 1561; x_wconf 89' lang='lat' dir='ltr'><strong>quia</strong></span> <span class='ocrx_word' id='word_1_100' title='bbox 473 1486 506 1548; x_wconf 84' lang='grc' dir='ltr'><strong>Ο.</strong></span> <span class='ocrx_word' id='word_1_101' title='bbox 531 1488 692 1544; x_wconf 83' lang='lat' dir='ltr'><strong>Flaminius</strong></span> <span class='ocrx_word' id='word_1_102' title='bbox 714 1488 841 1546; x_wconf 86' lang='lat' dir='ltr'><strong>Arimini</strong></span> <span class='ocrx_word' id='word_1_103' title='bbox 863 1487 1044 1544; x_wconf 86' lang='lat' dir='ltr'><strong>consulatum</strong></span> <span class='ocrx_word' id='word_1_104' title='bbox 1065 1487 1138 1557; x_wconf 85' lang='lat' dir='ltr'><strong>iniit,</strong></span> 
     </span>
     <span class='ocr_line' id='line_1_13' title="bbox 58 1591 1137 1668; baseline 0.007 -26"><span class='ocrx_word' id='word_1_105' title='bbox 58 1599 177 1646; x_wconf 80' lang='lat' dir='ltr'><strong>oreatus</strong></span> <span class='ocrx_word' id='word_1_106' title='bbox 203 1609 224 1646; x_wconf 86' lang='lat' dir='ltr'><strong>a</strong></span> <span class='ocrx_word' id='word_1_107' title='bbox 246 1591 294 1652; x_wconf 54' lang='lat' dir='ltr'><strong>&#39;ht</strong></span> <span class='ocrx_word' id='word_1_108' title='bbox 326 1591 499 1668; x_wconf 89' lang='lat' dir='ltr'><strong>Sempronio</strong></span> <span class='ocrx_word' id='word_1_109' title='bbox 522 1593 653 1664; x_wconf 81' lang='lat' dir='ltr'><strong>consule,</strong></span> <span class='ocrx_word' id='word_1_110' title='bbox 686 1593 736 1668; x_wconf 91' lang='lat' dir='ltr'><strong>qui</strong></span> <span class='ocrx_word' id='word_1_111' title='bbox 756 1599 824 1668; x_wconf 83' lang='lat' dir='ltr'><strong>post</strong></span> <span class='ocrx_word' id='word_1_112' title='bbox 845 1591 977 1667; x_wconf 90' lang='lat' dir='ltr'><strong>&#39;pugnam</strong></span> <span class='ocrx_word' id='word_1_113' title='bbox 1006 1594 1044 1649; x_wconf 93' lang='lat' dir='ltr'><strong>ad</strong></span> <span class='ocrx_word' id='word_1_114' title='bbox 1063 1593 1137 1650; x_wconf 88' lang='lat' dir='ltr'><strong>Tra·</strong></span> 
     </span>
     <span class='ocr_line' id='line_1_14' title="bbox 60 1692 1137 1773; baseline 0.007 -27"><span class='ocrx_word' id='word_1_115' title='bbox 60 1692 138 1749; x_wconf 89' lang='lat' dir='ltr'><strong>biam</strong></span> <span class='ocrx_word' id='word_1_116' title='bbox 176 1696 219 1751; x_wconf 88' lang='lat' dir='ltr'><strong>ad</strong></span> <span class='ocrx_word' id='word_1_117' title='bbox 252 1698 395 1754; x_wconf 85' lang='lat' dir='ltr'><strong>creandos</strong></span> <span class='ocrx_word' id='word_1_118' title='bbox 423 1699 555 1755; x_wconf 88' lang='lat' dir='ltr'><strong>consules</strong></span> <span class='ocrx_word' id='word_1_119' title='bbox 577 1701 702 1756; x_wconf 87' lang='lat' dir='ltr'><strong>Romam</strong></span> <span class='ocrx_word' id='word_1_120' title='bbox 725 1716 812 1773; x_wconf 90' lang='lat' dir='ltr'><strong>quum</strong></span> <span class='ocrx_word' id='word_1_121' title='bbox 842 1699 981 1766; x_wconf 79' lang='lat' dir='ltr'><strong>venisset,</strong></span> <span class='ocrx_word' id='word_1_122' title='bbox 1014 1699 1137 1756; x_wconf 90' lang='lat' dir='ltr'><strong>eomitiis</strong></span> 
     </span>
     <span class='ocr_line' id='line_1_15' title="bbox 61 1797 1062 1870; baseline 0.013 -17"><span class='ocrx_word' id='word_1_123' title='bbox 61 1797 204 1870; x_wconf 84' lang='lat' dir='ltr'><strong>perlaetis</strong></span> <span class='ocrx_word' id='word_1_124' title='bbox 227 1801 266 1858; x_wconf 87' lang='lat' dir='ltr'><strong>ad</strong></span> <span class='ocrx_word' id='word_1_125' title='bbox 288 1803 446 1859; x_wconf 85' lang='lat' dir='ltr'><strong>exercitum</strong></span> <span class='ocrx_word' id='word_1_126' title='bbox 468 1803 498 1860; x_wconf 93' lang='lat' dir='ltr'><strong>in</strong></span> <span class='ocrx_word' id='word_1_127' title='bbox 519 1803 642 1860; x_wconf 88' lang='lat' dir='ltr'><strong>hiberna</strong></span> <span class='ocrx_word' id='word_1_128' title='bbox 662 1803 757 1860; x_wconf 86' lang='lat' dir='ltr'><strong>rediit.</strong></span> <span class='ocrx_word' id='word_1_129' title='bbox 1058 1861 1062 1866; x_wconf 93' lang='grc'><em>,</em></span> 
     </span>
    </p>

    <p class='ocr_par' dir='ltr' id='par_1_3' title="bbox 66 1901 1232 2298">
     <span class='ocr_line' id='line_1_16' title="bbox 148 1901 1232 1984; baseline 0.003 -23"><span class='ocrx_word' id='word_1_130' title='bbox 148 1904 215 1962; x_wconf 87' lang='lat' dir='ltr'><strong>Sub</strong></span> <span class='ocrx_word' id='word_1_131' title='bbox 237 1907 315 1962; x_wconf 89' lang='lat' dir='ltr'><strong>idem</strong></span> <span class='ocrx_word' id='word_1_132' title='bbox 338 1906 400 1964; x_wconf 83' lang='lat' dir='ltr'><strong>fera</strong></span> <span class='ocrx_word' id='word_1_133' title='bbox 419 1917 536 1984; x_wconf 89' lang='lat' dir='ltr'><strong>tempus</strong></span> <span class='ocrx_word' id='word_1_134' title='bbox 564 1916 592 1966; x_wconf 92' lang='lat' dir='ltr'><strong>et</strong></span> <span class='ocrx_word' id='word_1_135' title='bbox 612 1909 715 1983; x_wconf 81' lang='lat' dir='ltr'><strong>legati,</strong></span> <span class='ocrx_word' id='word_1_136' title='bbox 750 1908 799 1981; x_wconf 89' lang='lat' dir='ltr'><strong>qui</strong></span> <span class='ocrx_word' id='word_1_137' title='bbox 830 1907 975 1964; x_wconf 88' lang='lat' dir='ltr'><strong>redierant</strong></span> <span class='ocrx_word' id='word_1_138' title='bbox 1003 1904 1041 1963; x_wconf 87' lang='lat' dir='ltr'><strong>ab</strong></span> <span class='ocrx_word' id='word_1_139' title='bbox 1063 1901 1145 1963; x_wconf 56' lang='lat' dir='ltr'><strong>Cam</strong></span> <span class='ocrx_word' id='word_1_140' title='bbox 1192 1905 1232 1972; x_wconf 83' lang='grc'><strong>16</strong></span> 
     </span>
     <span class='ocr_line' id='line_1_17' title="bbox 66 2005 1137 2092; baseline 0.005 -28"><span class='ocrx_word' id='word_1_141' title='bbox 66 2005 205 2080; x_wconf 81' lang='lat' dir='ltr'><strong>thagine,</strong></span> <span class='ocrx_word' id='word_1_142' title='bbox 241 2012 369 2068; x_wconf 87' lang='lat' dir='ltr'><strong>Romam</strong></span> <span class='ocrx_word' id='word_1_143' title='bbox 393 2014 560 2084; x_wconf 80' lang='lat' dir='ltr'><strong>retulerunt,</strong></span> <span class='ocrx_word' id='word_1_144' title='bbox 580 2013 690 2092; x_wconf 78' lang='lat' dir='ltr'><strong>omnia</strong></span> <span class='ocrx_word' id='word_1_145' title='bbox 710 2013 829 2070; x_wconf 86' lang='lat' dir='ltr'><strong>hostilia</strong></span> <span class='ocrx_word' id='word_1_146' title='bbox 851 2029 929 2082; x_wconf 81' lang='lat' dir='ltr'><strong>esse,</strong></span> <span class='ocrx_word' id='word_1_147' title='bbox 957 2019 986 2068; x_wconf 91' lang='lat' dir='ltr'><strong>et</strong></span> <span class='ocrx_word' id='word_1_148' title='bbox 1014 2011 1137 2086; x_wconf 84' lang='lat' dir='ltr'><strong>Sagunti</strong></span> 
     </span>
     <span class='ocr_line' id='line_1_18' title="bbox 67 2112 1168 2192; baseline 0.012 -27"><span class='ocrx_word' id='word_1_149' title='bbox 67 2112 214 2172; x_wconf 78' lang='lat' dir='ltr'><strong>excidium</strong></span> <span class='ocrx_word' id='word_1_150' title='bbox 237 2117 402 2174; x_wconf 85' lang='lat' dir='ltr'><strong>nuntiatum</strong></span> <span class='ocrx_word' id='word_1_151' title='bbox 425 2127 482 2187; x_wconf 82' lang='lat' dir='ltr'><strong>est3</strong></span> <span class='ocrx_word' id='word_1_152' title='bbox 510 2127 667 2192; x_wconf 84' lang='lat' dir='ltr'><strong>tantusque</strong></span> <span class='ocrx_word' id='word_1_153' title='bbox 693 2118 779 2174; x_wconf 90' lang='lat' dir='ltr'><strong>simul</strong></span> <span class='ocrx_word' id='word_1_154' title='bbox 800 2135 905 2174; x_wconf 80' lang='lat' dir='ltr'><strong>maeror</strong></span> <span class='ocrx_word' id='word_1_155' title='bbox 932 2125 1030 2191; x_wconf 90' lang='lat' dir='ltr'><strong>patres</strong></span> <span class='ocrx_word' id='word_1_156' title='bbox 1052 2116 1168 2178; x_wconf 83' lang='lat' dir='ltr'><strong>mise-2</strong></span> 
     </span>
     <span class='ocr_line' id='line_1_19' title="bbox 70 2215 1139 2298; baseline 0.006 -27"><span class='ocrx_word' id='word_1_157' title='bbox 70 2215 270 2294; x_wconf 66' lang='lat' dir='ltr'><strong>ricordiaquex</strong></span> <span class='ocrx_word' id='word_1_158' title='bbox 297 2221 442 2280; x_wconf 83' lang='lat' dir='ltr'><strong>sociorum</strong></span> <span class='ocrx_word' id='word_1_159' title='bbox 481 2232 698 2298; x_wconf 88' lang='lat' dir='ltr'><strong>peremptorum</strong></span> <span class='ocrx_word' id='word_1_160' title='bbox 734 2223 850 2298; x_wconf 82' lang='lat' dir='ltr'><strong>indigne</strong></span> <span class='ocrx_word' id='word_1_161' title='bbox 887 2231 916 2278; x_wconf 90' lang='lat' dir='ltr'><strong>et</strong></span> <span class='ocrx_word' id='word_1_162' title='bbox 951 2223 1046 2296; x_wconf 90' lang='lat' dir='ltr'><strong>pudor</strong></span> <span class='ocrx_word' id='word_1_163' title='bbox 1079 2240 1139 2277; x_wconf 90' lang='lat' dir='ltr'><strong>non</strong></span> 
     </span>
    </p>
   </div>
   <div class='ocr_carea' id='block_1_3' title="bbox 69 2318 1169 3030">
    <p class='ocr_par' dir='ltr' id='par_1_4' title="bbox 69 2318 1169 3030">
     <span class='ocr_line' id='line_1_20' title="bbox 69 2318 1138 2402; baseline 0.007 -27"><span class='ocrx_word' id='word_1_164' title='bbox 69 2318 119 2378; x_wconf 82' lang='lat' dir='ltr'><strong>lati</strong></span> <span class='ocrx_word' id='word_1_165' title='bbox 143 2325 247 2381; x_wconf 78' lang='lat' dir='ltr'><strong>auxilii</strong></span> <span class='ocrx_word' id='word_1_166' title='bbox 269 2335 299 2383; x_wconf 93' lang='lat' dir='ltr'><strong>et</strong></span> <span class='ocrx_word' id='word_1_167' title='bbox 316 2329 364 2384; x_wconf 81' lang='lat' dir='ltr'><strong>&#39;ira</strong></span> <span class='ocrx_word' id='word_1_168' title='bbox 384 2329 414 2384; x_wconf 89' lang='lat' dir='ltr'><strong>in</strong></span> <span class='ocrx_word' id='word_1_169' title='bbox 439 2327 696 2402; x_wconf 80' lang='lat' dir='ltr'><strong>Carthaginienses</strong></span> <span class='ocrx_word' id='word_1_170' title='bbox 720 2338 870 2402; x_wconf 88' lang='lat' dir='ltr'><strong>metusque</strong></span> <span class='ocrx_word' id='word_1_171' title='bbox 897 2330 934 2384; x_wconf 88' lang='lat' dir='ltr'><strong>de</strong></span> <span class='ocrx_word' id='word_1_172' title='bbox 955 2345 1070 2384; x_wconf 85' lang='lat' dir='ltr'><strong>summa</strong></span> <span class='ocrx_word' id='word_1_173' title='bbox 1093 2346 1138 2382; x_wconf 90' lang='lat' dir='ltr'><strong>re·</strong></span> 
     </span>
     <span class='ocr_line' id='line_1_21' title="bbox 71 2431 1138 2508; baseline 0.007 -28"><span class='ocrx_word' id='word_1_174' title='bbox 71 2443 132 2483; x_wconf 91' lang='lat' dir='ltr'><strong>rum</strong></span> <span class='ocrx_word' id='word_1_175' title='bbox 154 2431 246 2505; x_wconf 79' lang='lat' dir='ltr'><strong>oepit,</strong></span> <span class='ocrx_word' id='word_1_176' title='bbox 275 2433 357 2488; x_wconf 89' lang='lat' dir='ltr'><strong>velut</strong></span> <span class='ocrx_word' id='word_1_177' title='bbox 381 2433 406 2488; x_wconf 92' lang='lat' dir='ltr'><strong>si</strong></span> <span class='ocrx_word' id='word_1_178' title='bbox 432 2433 491 2489; x_wconf 88' lang='lat' dir='ltr'><strong>iam</strong></span> <span class='ocrx_word' id='word_1_179' title='bbox 522 2433 560 2489; x_wconf 87' lang='lat' dir='ltr'><strong>ad</strong></span> <span class='ocrx_word' id='word_1_180' title='bbox 584 2441 685 2508; x_wconf 88' lang='lat' dir='ltr'><strong>portas</strong></span> <span class='ocrx_word' id='word_1_181' title='bbox 713 2435 805 2491; x_wconf 88' lang='lat' dir='ltr'><strong>hostis</strong></span> <span class='ocrx_word' id='word_1_182' title='bbox 833 2442 922 2503; x_wconf 84' lang='lat' dir='ltr'><strong>esset,</strong></span> <span class='ocrx_word' id='word_1_183' title='bbox 958 2441 990 2489; x_wconf 90' lang='lat' dir='ltr'><strong>ut</strong></span> <span class='ocrx_word' id='word_1_184' title='bbox 1011 2441 1055 2488; x_wconf 89' lang='lat' dir='ltr'><strong>tot</strong></span> <span class='ocrx_word' id='word_1_185' title='bbox 1080 2451 1138 2487; x_wconf 90' lang='lat' dir='ltr'><strong>uno</strong></span> 
     </span>
     <span class='ocr_line' id='line_1_22' title="bbox 72 2509 1138 2612; baseline 0.004 -24"><span class='ocrx_word' id='word_1_186' title='bbox 72 2538 201 2607; x_wconf 82' lang='lat' dir='ltr'><strong>tempora</strong></span> <span class='ocrx_word' id='word_1_187' title='bbox 223 2509 350 2592; x_wconf 82' lang='lat' dir='ltr'><strong>motibus</strong></span> <span class='ocrx_word' id='word_1_188' title='bbox 379 2537 468 2593; x_wconf 83' lang='lat' dir='ltr'><strong>animi</strong></span> <span class='ocrx_word' id='word_1_189' title='bbox 493 2535 602 2593; x_wconf 73' lang='lat' dir='ltr'><strong>turbati</strong></span> <span class='ocrx_word' id='word_1_190' title='bbox 629 2535 808 2612; x_wconf 83' lang='lat' dir='ltr'><strong>trepidarent</strong></span> <span class='ocrx_word' id='word_1_191' title='bbox 836 2538 930 2612; x_wconf 89' lang='lat' dir='ltr'><strong>magis</strong></span> <span class='ocrx_word' id='word_1_192' title='bbox 959 2555 1048 2612; x_wconf 88' lang='lat' dir='ltr'><strong>quam</strong></span> <span class='ocrx_word' id='word_1_193' title='bbox 1070 2555 1138 2593; x_wconf 89' lang='lat' dir='ltr'><strong>oon·</strong></span> 
     </span>
     <span class='ocr_line' id='line_1_23' title="bbox 74 2636 1168 2716; baseline 0.008 -26"><span class='ocrx_word' id='word_1_194' title='bbox 74 2636 211 2696; x_wconf 86' lang='lat' dir='ltr'><strong>solerent:</strong></span> <span class='ocrx_word' id='word_1_195' title='bbox 241 2659 310 2697; x_wconf 88' lang='lat' dir='ltr'><strong>nam</strong></span> <span class='ocrx_word' id='word_1_196' title='bbox 332 2659 426 2714; x_wconf 88' lang='lat' dir='ltr'><strong>neque</strong></span> <span class='ocrx_word' id='word_1_197' title='bbox 447 2642 561 2698; x_wconf 89' lang='lat' dir='ltr'><strong>hostem</strong></span> <span class='ocrx_word' id='word_1_198' title='bbox 584 2643 725 2699; x_wconf 82' lang='lat' dir='ltr'><strong>acriorem</strong></span> <span class='ocrx_word' id='word_1_199' title='bbox 747 2643 1016 2716; x_wconf 80' lang='lat' dir='ltr'><strong>bellicosioremque</strong></span> <span class='ocrx_word' id='word_1_200' title='bbox 1039 2644 1168 2699; x_wconf 78' lang='lat' dir='ltr'><strong>seeumb</strong></span> 
     </span>
     <span class='ocr_line' id='line_1_24' title="bbox 74 2746 1137 2821; baseline 0.006 -25"><span class='ocrx_word' id='word_1_201' title='bbox 74 2755 273 2816; x_wconf 75' lang='lat' dir='ltr'><strong>congressum,</strong></span> <span class='ocrx_word' id='word_1_202' title='bbox 303 2763 358 2802; x_wconf 88' lang='lat' dir='ltr'><strong>nee</strong></span> <span class='ocrx_word' id='word_1_203' title='bbox 387 2764 449 2802; x_wconf 88' lang='lat' dir='ltr'><strong>rem</strong></span> <span class='ocrx_word' id='word_1_204' title='bbox 471 2747 636 2804; x_wconf 87' lang='lat' dir='ltr'><strong>Romanam</strong></span> <span class='ocrx_word' id='word_1_205' title='bbox 658 2755 718 2803; x_wconf 84' lang='lat' dir='ltr'><strong>tem</strong></span> <span class='ocrx_word' id='word_1_206' title='bbox 740 2748 868 2804; x_wconf 86' lang='lat' dir='ltr'><strong>desidem</strong></span> <span class='ocrx_word' id='word_1_207' title='bbox 891 2765 1019 2821; x_wconf 82' lang='lat' dir='ltr'><strong>unquam</strong></span> <span class='ocrx_word' id='word_1_208' title='bbox 1048 2746 1137 2803; x_wconf 84' lang='lat' dir='ltr'><strong>fuisse</strong></span> 
     </span>
     <span class='ocr_line' id='line_1_25' title="bbox 76 2850 1169 2925; baseline 0.009 -26"><span class='ocrx_word' id='word_1_209' title='bbox 76 2853 159 2919; x_wconf 84' lang='lat' dir='ltr'><strong>atque</strong></span> <span class='ocrx_word' id='word_1_210' title='bbox 188 2850 342 2908; x_wconf 88' lang='lat' dir='ltr'><strong>imbellem.</strong></span> <span class='ocrx_word' id='word_1_211' title='bbox 391 2850 502 2910; x_wconf 83' lang='lat' dir='ltr'><strong>Sardos</strong></span> <span class='ocrx_word' id='word_1_212' title='bbox 524 2850 692 2924; x_wconf 83' lang='lat' dir='ltr'><strong>Corsosque</strong></span> <span class='ocrx_word' id='word_1_213' title='bbox 714 2860 742 2906; x_wconf 89' lang='lat' dir='ltr'><strong>et</strong></span> <span class='ocrx_word' id='word_1_214' title='bbox 764 2851 882 2906; x_wconf 86' lang='lat' dir='ltr'><strong>Histros</strong></span> <span class='ocrx_word' id='word_1_215' title='bbox 912 2859 1001 2924; x_wconf 86' lang='lat' dir='ltr'><strong>atqua</strong></span> <span class='ocrx_word' id='word_1_216' title='bbox 1021 2851 1169 2925; x_wconf 79' lang='lat' dir='ltr'><strong>lllyrioal</strong></span> 
     </span>
     <span class='ocr_line' id='line_1_26' title="bbox 77 2946 1136 3030; baseline 0.003 -23"><span class='ocrx_word' id='word_1_217' title='bbox 77 2946 221 3012; x_wconf 73' lang='lat' dir='ltr'><strong>lacessisse</strong></span> <span class='ocrx_word' id='word_1_218' title='bbox 252 2956 348 3030; x_wconf 87' lang='lat' dir='ltr'><strong>magis</strong></span> <span class='ocrx_word' id='word_1_219' title='bbox 381 2972 468 3030; x_wconf 83' lang='lat' dir='ltr'><strong>quum</strong></span> <span class='ocrx_word' id='word_1_220' title='bbox 511 2957 675 3013; x_wconf 86' lang='lat' dir='ltr'><strong>exercuisse</strong></span> <span class='ocrx_word' id='word_1_221' title='bbox 707 2957 843 3013; x_wconf 84' lang='lat' dir='ltr'><strong>Romana</strong></span> <span class='ocrx_word' id='word_1_222' title='bbox 880 2973 978 3025; x_wconf 79' lang='lat' dir='ltr'><strong>arma,</strong></span> <span class='ocrx_word' id='word_1_223' title='bbox 1008 2963 1037 3010; x_wconf 92' lang='lat' dir='ltr'><strong>et</strong></span> <span class='ocrx_word' id='word_1_224' title='bbox 1072 2973 1136 3011; x_wconf 90' lang='lat' dir='ltr'><strong>oum</strong></span> 
     </span>
    </p>
   </div>
   <div class='ocr_carea' id='block_1_4' title="bbox 79 3051 1229 4078">
    <p class='ocr_par' dir='ltr' id='par_1_5' title="bbox 79 3051 1229 3869">
     <span class='ocr_line' id='line_1_27' title="bbox 79 3051 1168 3136; baseline 0.01 -28"><span class='ocrx_word' id='word_1_225' title='bbox 79 3051 168 3114; x_wconf 87' lang='lat' dir='ltr'><strong>Gallis</strong></span> <span class='ocrx_word' id='word_1_226' title='bbox 188 3062 394 3118; x_wconf 86' lang='lat' dir='ltr'><strong>tumultuatum</strong></span> <span class='ocrx_word' id='word_1_227' title='bbox 416 3062 513 3118; x_wconf 87' lang='lat' dir='ltr'><strong>verius</strong></span> <span class='ocrx_word' id='word_1_228' title='bbox 534 3079 623 3135; x_wconf 87' lang='lat' dir='ltr'><strong>quarn</strong></span> <span class='ocrx_word' id='word_1_229' title='bbox 642 3061 856 3136; x_wconf 68' lang='lat' dir='ltr'><strong>belligeratum</strong></span> <span class='ocrx_word' id='word_1_230' title='bbox 878 3062 1002 3118; x_wconf 89' lang='lat' dir='ltr'><strong>Poenum</strong></span> <span class='ocrx_word' id='word_1_231' title='bbox 1025 3060 1168 3119; x_wconf 83' lang='lat' dir='ltr'><strong>hostem5</strong></span> 
     </span>
     <span class='ocr_line' id='line_1_28' title="bbox 80 3163 1139 3239; baseline 0.008 -28"><span class='ocrx_word' id='word_1_232' title='bbox 80 3167 255 3235; x_wconf 81' lang='lat' dir='ltr'><strong>veteranum,</strong></span> <span class='ocrx_word' id='word_1_233' title='bbox 286 3167 374 3224; x_wconf 85' lang='lat' dir='ltr'><strong>trium</strong></span> <span class='ocrx_word' id='word_1_234' title='bbox 407 3176 436 3224; x_wconf 87' lang='lat' dir='ltr'><strong>et</strong></span> <span class='ocrx_word' id='word_1_235' title='bbox 467 3165 571 3239; x_wconf 86' lang='lat' dir='ltr'><strong>viginti</strong></span> <span class='ocrx_word' id='word_1_236' title='bbox 592 3183 734 3222; x_wconf 85' lang='lat' dir='ltr'><strong>annorum</strong></span> <span class='ocrx_word' id='word_1_237' title='bbox 764 3165 867 3222; x_wconf 86' lang='lat' dir='ltr'><strong>militia</strong></span> <span class='ocrx_word' id='word_1_238' title='bbox 888 3164 1042 3222; x_wconf 87' lang='lat' dir='ltr'><strong>durissima</strong></span> <span class='ocrx_word' id='word_1_239' title='bbox 1064 3163 1139 3222; x_wconf 86' lang='lat' dir='ltr'><strong>inter</strong></span> 
     </span>
     <span class='ocr_line' id='line_1_29' title="bbox 80 3261 1138 3345; baseline 0.009 -28"><span class='ocrx_word' id='word_1_240' title='bbox 80 3261 220 3341; x_wconf 89' lang='lat' dir='ltr'><strong>Hispanas</strong></span> <span class='ocrx_word' id='word_1_241' title='bbox 247 3279 348 3345; x_wconf 88' lang='lat' dir='ltr'><strong>gentes</strong></span> <span class='ocrx_word' id='word_1_242' title='bbox 382 3289 497 3345; x_wconf 88' lang='lat' dir='ltr'><strong>semper</strong></span> <span class='ocrx_word' id='word_1_243' title='bbox 527 3270 677 3340; x_wconf 81' lang='lat' dir='ltr'><strong>victorem,</strong></span> <span class='ocrx_word' id='word_1_244' title='bbox 710 3271 777 3326; x_wconf 83' lang='lat' dir='ltr'><strong>duci</strong></span> <span class='ocrx_word' id='word_1_245' title='bbox 806 3271 947 3329; x_wconf 78' lang='lat' dir='ltr'><strong>acerrimo</strong></span> <span class='ocrx_word' id='word_1_246' title='bbox 980 3279 1138 3338; x_wconf 71' lang='lat' dir='ltr'><strong>assuetum,</strong></span> 
     </span>
     <span class='ocr_line' id='line_1_30' title="bbox 82 3374 1135 3450; baseline 0.002 -23"><span class='ocrx_word' id='word_1_247' title='bbox 82 3383 213 3431; x_wconf 78' lang='lat' dir='ltr'><strong>recentem</strong></span> <span class='ocrx_word' id='word_1_248' title='bbox 245 3377 283 3432; x_wconf 88' lang='lat' dir='ltr'><strong>ab</strong></span> <span class='ocrx_word' id='word_1_249' title='bbox 307 3376 421 3433; x_wconf 83' lang='lat' dir='ltr'><strong>exoidio</strong></span> <span class='ocrx_word' id='word_1_250' title='bbox 442 3375 668 3450; x_wconf 86' lang='lat' dir='ltr'><strong>opulentissimae</strong></span> <span class='ocrx_word' id='word_1_251' title='bbox 696 3374 790 3443; x_wconf 82' lang='lat' dir='ltr'><strong>urbis,</strong></span> <span class='ocrx_word' id='word_1_252' title='bbox 828 3375 971 3431; x_wconf 89' lang='lat' dir='ltr'><strong>Hiberum</strong></span> <span class='ocrx_word' id='word_1_253' title='bbox 999 3375 1135 3442; x_wconf 88' lang='lat' dir='ltr'><strong>transire;</strong></span> 
     </span>
     <span class='ocr_line' id='line_1_31' title="bbox 81 3475 1167 3554; baseline 0.005 -23"><span class='ocrx_word' id='word_1_254' title='bbox 81 3475 186 3535; x_wconf 78' lang='lat' dir='ltr'><strong>trahere</strong></span> <span class='ocrx_word' id='word_1_255' title='bbox 211 3497 309 3538; x_wconf 85' lang='lat' dir='ltr'><strong>seeum</strong></span> <span class='ocrx_word' id='word_1_256' title='bbox 342 3487 388 3537; x_wconf 85' lang='lat' dir='ltr'><strong>tot</strong></span> <span class='ocrx_word' id='word_1_257' title='bbox 409 3479 523 3538; x_wconf 76' lang='lat' dir='ltr'><strong>excitos</strong></span> <span class='ocrx_word' id='word_1_258' title='bbox 550 3481 751 3554; x_wconf 89' lang='lat' dir='ltr'><strong>Hispanorum</strong></span> <span class='ocrx_word' id='word_1_259' title='bbox 781 3479 923 3554; x_wconf 84' lang='lat' dir='ltr'><strong>populos3</strong></span> <span class='ocrx_word' id='word_1_260' title='bbox 956 3479 1167 3537; x_wconf 80' lang='lat' dir='ltr'><strong>conciturumd</strong></span> 
     </span>
     <span class='ocr_line' id='line_1_32' title="bbox 84 3580 1137 3662; baseline 0.003 -25"><span class='ocrx_word' id='word_1_261' title='bbox 84 3580 175 3640; x_wconf 79' lang='lat' dir='ltr'><strong>avidas</strong></span> <span class='ocrx_word' id='word_1_262' title='bbox 196 3603 312 3662; x_wconf 82' lang='lat' dir='ltr'><strong>semper</strong></span> <span class='ocrx_word' id='word_1_263' title='bbox 332 3605 480 3643; x_wconf 88' lang='lat' dir='ltr'><strong>armorum</strong></span> <span class='ocrx_word' id='word_1_264' title='bbox 503 3585 636 3643; x_wconf 79' lang='lat' dir='ltr'><strong>Gallicas</strong></span> <span class='ocrx_word' id='word_1_265' title='bbox 663 3593 779 3658; x_wconf 81' lang='lat' dir='ltr'><strong>gentes3</strong></span> <span class='ocrx_word' id='word_1_266' title='bbox 808 3603 873 3641; x_wconf 87' lang='lat' dir='ltr'><strong>oum</strong></span> <span class='ocrx_word' id='word_1_267' title='bbox 896 3586 967 3642; x_wconf 89' lang='lat' dir='ltr'><strong>orbe</strong></span> <span class='ocrx_word' id='word_1_268' title='bbox 993 3593 1137 3641; x_wconf 80' lang='lat' dir='ltr'><strong>terrarum</strong></span> 
     </span>
     <span class='ocr_line' id='line_1_33' title="bbox 83 3681 1078 3764; baseline 0.01 -27"><span class='ocrx_word' id='word_1_269' title='bbox 83 3681 175 3754; x_wconf 86' lang='lat' dir='ltr'><strong>bellum</strong></span> <span class='ocrx_word' id='word_1_270' title='bbox 198 3691 355 3764; x_wconf 87' lang='lat' dir='ltr'><strong>gerendum</strong></span> <span class='ocrx_word' id='word_1_271' title='bbox 377 3692 407 3748; x_wconf 92' lang='lat' dir='ltr'><strong>in</strong></span> <span class='ocrx_word' id='word_1_272' title='bbox 429 3689 517 3747; x_wconf 85' lang='lat' dir='ltr'><strong>Italia</strong></span> <span class='ocrx_word' id='word_1_273' title='bbox 539 3708 574 3746; x_wconf 90' lang='lat' dir='ltr'><strong>ao</strong></span> <span class='ocrx_word' id='word_1_274' title='bbox 594 3709 648 3764; x_wconf 91' lang='lat' dir='ltr'><strong>pro</strong></span> <span class='ocrx_word' id='word_1_275' title='bbox 670 3689 812 3746; x_wconf 89' lang='lat' dir='ltr'><strong>moenibus</strong></span> <span class='ocrx_word' id='word_1_276' title='bbox 837 3691 979 3746; x_wconf 88' lang='lat' dir='ltr'><strong>Romanis</strong></span> <span class='ocrx_word' id='word_1_277' title='bbox 1004 3709 1078 3748; x_wconf 89' lang='lat' dir='ltr'><strong>esse.</strong></span> 
     </span>
     <span class='ocr_line' id='line_1_34' title="bbox 155 3781 1229 3869; baseline -0.007 -15"><span class='ocrx_word' id='word_1_278' title='bbox 155 3797 322 3854; x_wconf 78' lang='lat' dir='ltr'><strong>Nominatus</strong></span> <span class='ocrx_word' id='word_1_279' title='bbox 351 3796 410 3852; x_wconf 88' lang='lat' dir='ltr'><strong>iam</strong></span> <span class='ocrx_word' id='word_1_280' title='bbox 445 3805 532 3852; x_wconf 86' lang='lat' dir='ltr'><strong>antea</strong></span> <span class='ocrx_word' id='word_1_281' title='bbox 563 3781 729 3851; x_wconf 87' lang='lat' dir='ltr'><strong>oonsulibus</strong></span> <span class='ocrx_word' id='word_1_282' title='bbox 760 3795 918 3869; x_wconf 81' lang='lat' dir='ltr'><strong>provinoiae</strong></span> <span class='ocrx_word' id='word_1_283' title='bbox 945 3804 1043 3862; x_wconf 81' lang='lat' dir='ltr'><strong>erant3</strong></span> <span class='ocrx_word' id='word_1_284' title='bbox 1075 3802 1136 3849; x_wconf 91' lang='lat' dir='ltr'><strong>tum</strong></span> <span class='ocrx_word' id='word_1_285' title='bbox 1191 3787 1229 3855; x_wconf 77' lang='grc' dir='ltr'><strong>Π</strong></span> 
     </span>
    </p>

    <p class='ocr_par' dir='ltr' id='par_1_6' title="bbox 86 3897 1167 4078">
     <span class='ocr_line' id='line_1_35' title="bbox 86 3897 1137 3975; baseline -0.006 -17"><span class='ocrx_word' id='word_1_286' title='bbox 86 3899 167 3958; x_wconf 70' lang='lat' dir='ltr'><strong>lortiri</strong></span> <span class='ocrx_word' id='word_1_287' title='bbox 179 3901 259 3958; x_wconf 88' lang='lat' dir='ltr'><strong>iussi.</strong></span> <span class='ocrx_word' id='word_1_288' title='bbox 308 3899 445 3958; x_wconf 85' lang='lat' dir='ltr'><strong>Cornelio</strong></span> <span class='ocrx_word' id='word_1_289' title='bbox 458 3900 613 3975; x_wconf 81' lang='lat' dir='ltr'><strong>Hispania,</strong></span> <span class='ocrx_word' id='word_1_290' title='bbox 635 3899 808 3975; x_wconf 86' lang='lat' dir='ltr'><strong>Sempronio</strong></span> <span class='ocrx_word' id='word_1_291' title='bbox 824 3899 928 3957; x_wconf 81' lang='lat' dir='ltr'><strong>Africa</strong></span> <span class='ocrx_word' id='word_1_292' title='bbox 944 3911 1014 3956; x_wconf 88' lang='lat' dir='ltr'><strong>&#39;oum</strong></span> <span class='ocrx_word' id='word_1_293' title='bbox 1037 3897 1137 3956; x_wconf 87' lang='lat' dir='ltr'><strong>Sieilia</strong></span> 
     </span>
     <span class='ocr_line' id='line_1_36' title="bbox 86 4003 1167 4078; baseline 0 -20"><span class='ocrx_word' id='word_1_294' title='bbox 86 4006 174 4062; x_wconf 80' lang='lat' dir='ltr'><strong>evenit.</strong></span> <span class='ocrx_word' id='word_1_295' title='bbox 223 4006 283 4064; x_wconf 85' lang='lat' dir='ltr'><strong>Sex</strong></span> <span class='ocrx_word' id='word_1_296' title='bbox 303 4005 335 4062; x_wconf 90' lang='lat' dir='ltr'><strong>in</strong></span> <span class='ocrx_word' id='word_1_297' title='bbox 349 4025 416 4062; x_wconf 89' lang='lat' dir='ltr'><strong>eum</strong></span> <span class='ocrx_word' id='word_1_298' title='bbox 438 4024 546 4062; x_wconf 87' lang='lat' dir='ltr'><strong>annum</strong></span> <span class='ocrx_word' id='word_1_299' title='bbox 568 4006 690 4062; x_wconf 83' lang='lat' dir='ltr'><strong>decretae</strong></span> <span class='ocrx_word' id='word_1_300' title='bbox 708 4005 836 4078; x_wconf 86' lang='lat' dir='ltr'><strong>legiones</strong></span> <span class='ocrx_word' id='word_1_301' title='bbox 859 4012 888 4060; x_wconf 87' lang='lat' dir='ltr'><strong>et</strong></span> <span class='ocrx_word' id='word_1_302' title='bbox 902 4003 1024 4072; x_wconf 68' lang='lat' dir='ltr'><strong>socium·</strong></span> <span class='ocrx_word' id='word_1_303' title='bbox 1044 4003 1167 4077; x_wconf 83' lang='lat' dir='ltr'><strong>quan-2</strong></span> 
     </span>
    </p>
   </div>
   <div class='ocr_carea' id='block_1_5' title="bbox 0 0 1452 4556">
    <p class='ocr_par' dir='ltr' id='par_1_7' title="bbox 0 0 1452 4556">
     <span class='ocr_line' id='line_1_37' title="bbox 0 0 1452 4556; baseline 0 0"><span class='ocrx_word' id='word_1_304' title='bbox 0 0 1452 4556; x_wconf 95' lang='lat' dir='ltr'><strong> </strong></span> 
     </span>
    </p>
   </div>
  </div>
 </body>
</html>
