2700 4426
406 121 484 171 Liber
500 120 628 174 xxvnl.
664 120 707 182 (A.
722 118 768 170 ch.
782 120 854 184 206.)
1062 127 1115 180 141

106 306 311 382 Carthaginem
337 319 365 364 et
386 308 416 364 in
437 326 519 364 suum
542 307 629 364 decus
650 323 811 381 nomenque
832 305 911 363 velut
931 311 1159 362 consummatam

106 415 166 471 eius
188 413 255 469 belli
276 413 398 488 gloriam
421 414 579 489 spectabat.
627 411 730 485 Itaque
751 411 983 486 praemoliendam
1006 410 1060 467 sibi
1080 415 1190 472 ratast

105 519 162 575 iarn
185 537 247 575 rem
268 518 519 593 conciliandosque
535 536 634 593 regum
653 518 838 593 gentiumque
855 518 976 587 animos,
998 515 1160 592 Syphacem

105 624 228 699 primum
263 642 361 698 regem
397 624 497 680 statuit
527 633 646 680 tentare.
692 624 920 681 Masaesuliorum
946 624 971 680 is
1004 640 1056 678 rex
1090 627 1191 681 erat.5

105 729 272 801 Masaesulii,
296 748 366 804 gens
389 729 483 786 affinis
494 728 614 799 Mauris,
637 729 666 784 iu
687 730 833 804 regionem
855 728 1005 804 Hispaniae
1026 727 1161 796 maxime,

107 856 165 911 qua
187 837 244 893 sita
265 836 353 893 Nova
377 833 524 909 Carthago
546 843 606 904 est,
627 843 767 909 spectant.
803 835 912 891 Foedus
936 852 972 891 ea
992 839 1192 907 tempestate6

106 942 169 1016 regi
190 959 255 997 cum
278 938 562 1014 Carthaginiensibus
584 949 660 1011 erat,
694 941 771 1016 qnod
792 941 869 997 haud
891 939 1008 1014 gravius
1030 939 1057 995 ei
1079 955 1162 994 sanc·

106 1049 220 1122 tiusque
249 1065 335 1121 quam
364 1046 451 1121 vulgo
480 1047 622 1118 barbaris,
644 1048 747 1122 quibus
769 1065 805 1103 ex
826 1045 943 1103 fortuna
961 1045 1067 1120 pendet
1082 1044 1162 1114 fides,

106 1163 186 1210 ratus
214 1151 295 1220 fore,
332 1159 477 1208 oratorem
503 1152 542 1208 ad
568 1172 633 1209 eum
662 1151 696 1214 C.
720 1153 840 1211 Laelium
870 1170 934 1209 cum
962 1151 1044 1208 donis
1068 1150 1192 1210 mutiat

107 1259 382 1333 Quibusvbarbarus
404 1258 495 1329 laetus,
517 1267 546 1314 et
567 1258 636 1332 qnia
656 1277 702 1316 res
726 1270 786 1316 tum
808 1276 956 1333 prosperae
976 1258 1083 1332 ubique
1103 1259 1193 1318 Iao-a

107 1366 209 1437 manis,
230 1362 329 1422 Poenis
351 1373 446 1420 autem
465 1362 495 1419 in
516 1364 602 1421 Italia
624 1365 761 1435 adversae,
782 1363 811 1419 in
833 1364 978 1438 Hispania
1001 1363 1084 1419 nullae
1105 1363 1163 1418 iam

108 1480 198 1540 erant,
220 1469 375 1527 amicitiam
395 1488 427 1526 se
441 1471 639 1527 Romanorum
661 1470 791 1546 accipere
806 1469 919 1527 annuit:
941 1469 1089 1526 firmandae
1104 1467 1164 1524 eius

107 1576 194 1632 fidem
228 1594 281 1632 nec
318 1575 388 1633 dare
425 1594 478 1632 nec
514 1576 644 1652 accipere
681 1578 736 1635 nisi
777 1595 842 1634 cnm
873 1577 937 1652 ipso
972 1594 1070 1633 coram
1092 1575 1164 1631 duce

107 1685 251 1742 Romano.
298 1682 346 1738 Ita
362 1680 476 1752 Laelius,
498 1680 527 1736 in
548 1681 577 1739 id
599 1683 685 1739 modo
707 1683 764 1740 fide
786 1683 823 1739 ab
841 1700 909 1757 rege
921 1691 1049 1756 accepta,
1073 1685 1195 1741 tutnm9

108 1789 263 1847 adveutum
284 1787 366 1858 fore,
389 1788 426 1844 ad
449 1787 613 1862 Scipionem
632 1787 716 1843 redit.
772 1790 911 1864 Magnum
933 1788 963 1845 in
985 1788 1082 1844 omnia
1103 1805 1165 1843 mo·
1183 1792 1217 1847 10

108 1903 235 1952 mentum
258 1893 380 1970 Syphax
403 1885 548 1948 affectanti
569 1911 616 1949 res
639 1903 700 1950 erat
717 1894 836 1964 Africae,
858 1893 1091 1970 opulentissimus
1106 1891 1166 1947 eius

109 2010 192 2058 terra
219 2019 283 2069 rea,
316 1998 392 2056 bello
422 1999 480 2054 iam
507 2009 641 2073 expertus
661 2000 740 2074 ipsos
764 1999 1016 2076 Carthaginienses
1024 1999 1040 2068 ,'
1064 1997 1167 2054 finibus

113 2107 199 2164 etiam
220 2105 302 2182 regni
323 2116 391 2181 apte
412 2104 451 2162 ad
471 2104 653 2180 Hispaniam,
677 2106 755 2181 quod
776 2104 851 2162 freto
866 2105 970 2180 exiguo
988 2104 1167 2174 dirimuntur,

111 2212 222 2289 positis.
270 2212 397 2287 Dignam
418 2211 517 2286 itaqua
537 2231 598 2268 rem
621 2211 719 2288 Scipio
740 2221 829 2282 ratus,
854 2229 927 2285 quae,
950 2210 1086 2285 quoniam
1110 2226 1167 2265 non
1184 2215 1216 2270 11

112 2319 196 2376 aliter
216 2326 323 2394 posset,
349 2336 454 2392 magno
477 2316 604 2392 periculo
626 2327 780 2392 peteretur,
800 2318 834 2374 L.
857 2315 969 2373 Marcio
991 2317 1168 2385 Tarracone,

111 2427 154 2485 M.
177 2425 277 2483 Silano
299 2423 474 2499 Carthagine
495 2423 597 2493 Nova,
616 2441 674 2496 quo
695 2424 816 2498 pedibus
838 2424 875 2479 ab
897 2423 1066 2479 Tarracone
1086 2422 1168 2478 itine-

113 2531 193 2587 ribus
215 2530 327 2604 magnis
349 2528 437 2598 ierat,
459 2528 497 2584 ad
518 2527 681 2604 praesidium
703 2529 853 2604 Hispaniae
873 2529 998 2599 relictis,
1019 2530 1082 2604 ipsc
1103 2547 1167 2585 cum
1183 2530 1218 2587 12

115 2634 150 2693 C.
179 2633 268 2689 Laelio
308 2633 420 2688 duabus
455 2632 707 2707 quinqueremibus
739 2635 776 2691 ab
809 2634 987 2710 Carthagine
1021 2635 1168 2710 profectus

114 2738 269 2812 tranquillo
299 2736 373 2794 mari
400 2735 555 2811 plurimum
581 2740 683 2810 remis,
715 2739 858 2796 interdum
880 2749 909 2796 et
932 2741 990 2798 leni
1014 2741 1168 2797 adiuvante

114 2855 218 2915 vento,
247 2843 277 2899 in
306 2840 438 2898 Africam
468 2842 588 2902 traiecit.
646 2846 736 2903 Forte
765 2846 807 2902 ita
833 2846 949 2916 incidit,
981 2855 1012 2902 ut
1040 2865 1074 2902 eo
1105 2846 1168 2919 ipso
1184 2847 1220 2902 13

114 2961 243 3025 tempore
257 2947 434 3017 Hasdrubal,
453 2947 552 3023 pulsus
566 2950 719 3027 Hispania,
742 2960 852 3026 septem
875 2951 1036 3009 triremibus
1055 2959 1169 3026 portum

114 3056 253 3125 invectus,
275 3055 388 3112 ancoris
408 3054 510 3129 positis
522 3061 605 3113 terrae
618 3057 777 3133 applicaret
787 3077 886 3139 naves,
908 3077 995 3133 quum
1012 3064 1171 3133 conspecta
1186 3053 1223 3115 14

114 3162 178 3218 dua
200 3162 435 3242 quinqueremeS,
459 3162 537 3217 haud
558 3163 693 3237 cuiquam
714 3163 817 3232 dubi0,
841 3163 909 3238 quin
930 3165 1054 3224 hostium
1077 3169 1172 3220 essent

116 3267 297 3342 opprimique
318 3285 337 3322 a
359 3266 505 3342 pluribus,
532 3270 701 3344 priusquam
727 3277 842 3344 portum
865 3271 1018 3342 intrarent,
1045 3276 1171 3345 possent,

116 3372 187 3429 nihil
208 3374 287 3429 aliud
309 3392 396 3447 quam
420 3373 572 3430 tumultum
594 3393 629 3432 ac
651 3373 869 3450 trepidationem
892 3376 978 3433 simul
994 3375 1115 3431 militum
1137 3390 1172 3429 ac

116 3488 287 3548 nautarum,
313 3480 503 3555 nequicquam
526 3500 667 3556 armaque
689 3493 717 3538 et
738 3501 826 3540 naves
849 3481 1074 3557 expedientium,
1096 3477 1170 3535 fece·

118 3595 192 3640 runt.
240 3585 384 3642 Percussa
414 3586 488 3643 enim
516 3606 552 3644 ex
580 3587 638 3644 alto
660 3587 727 3644 vela
747 3588 835 3663 paulo
859 3587 964 3644 acriori
984 3594 1070 3642 vento
1091 3582 1171 3658 prius
1187 3585 1221 3640 15

118 3689 146 3745 in
188 3699 300 3764 portum
343 3691 497 3748 intulerunt
533 3693 769 3767 quinqueremes,
807 3713 894 3768 quam
931 3692 1015 3750 Poeni
1050 3705 1172 3747 ancoras

120 3795 302 3865 molirentur3
326 3815 379 3854 nec
401 3797 476 3853 ultra
497 3799 647 3856 tumultum
664 3800 739 3857 ciere
761 3800 911 3874 quisquam
934 3800 964 3856 in
984 3797 1064 3873 regio
1086 3803 1172 3872 portu
1188 3797 1223 3852 16

119 3903 255 3961 audebat.
304 3903 353 3960 lta
372 3903 402 3959 in
423 3914 529 3960 terram
551 3905 631 3979 prior
651 3904 828 3975 Hasdrubal,
851 3923 920 3960 mox
942 3905 1039 3980 Scipio
1062 3912 1090 3958 et
1108 3901 1172 3958 Lae·
