2700 4426
419 150 496 200 Liber
513 151 613 202 XXVI.
650 151 697 215 (A.
711 151 759 205 ch.
775 153 849 217 211.)
1017 118 1020 123 ἱ
1095 161 1128 214 17

105 331 287 388 elementiam
327 334 406 390 haud
446 332 610 392 diffidentes
651 336 706 393 sibi
740 354 858 411 quoque
893 337 1065 412 placabilem
1099 339 1172 409 fore,

108 437 221 511 legatos
245 439 283 494 ad
305 438 466 496 dedendam
488 442 629 498 Romanis
654 440 786 517 Capuam
810 442 999 500 decreverunt
1020 443 1171 500 miserunt·

109 559 175 616 que.
218 543 338 600 Vibium
361 544 489 602 Virrium
513 554 623 620 septem
653 556 682 602 et
705 547 808 622 viginti
829 546 920 603 ferme
942 555 1091 603 senatores
1117 548 1202 607 do-3

108 663 188 701 mum
227 647 318 703 secuti
353 659 420 705 sunt
457 650 623 725 epulatique
656 669 719 708 cunr
753 671 788 708 ao
826 663 871 722 et,
907 661 1045 727 quantum
1076 652 1174 710 iacere

109 758 280 824 potuerant,
303 753 435 810 alienatis
465 757 608 813 mentibus
638 757 707 813 vino
732 759 769 814 ab
791 758 965 815 imminentis
987 775 1072 814 sensu
1095 757 1173 828 mali,

109 873 252 912 venenum
287 875 387 916 omnes
422 869 620 935 sumpserunt;
656 862 731 931 inde,
767 863 855 920 misso
881 863 1029 931 convivio,
1063 864 1201 919 dextris4

108 960 184 1017 inter
208 979 240 1018 se
261 962 337 1019 datis
352 964 512 1040 ultimoque
527 966 689 1041 complexu,
715 967 944 1024 collacrimantes
958 986 1041 1024 suum
1057 968 1172 1042 patriae·

108 1083 166 1140 que
187 1084 285 1123 casum
309 1068 375 1140 alii,
402 1079 434 1126 ut
461 1070 563 1127 eodem
586 1089 659 1145 rogo
682 1081 887 1140 cremarentur,
909 1082 1090 1143 manserunt,
1123 1071 1173 1128 alii

108 1172 212 1229 domos
240 1173 362 1248 digressi
393 1185 468 1232 sunt.
532 1176 663 1249 Impletee
702 1177 773 1233 cibis
807 1177 933 1251 vinoque
965 1195 1046 1233 vense
1078 1176 1201 1238 minues

108 1274 257 1334 efficacem
280 1279 310 1334 in
342 1280 514 1336 maturanda
546 1287 639 1335 morte
672 1280 730 1336 vim
763 1283 865 1338 veneni
896 1281 1040 1350 feceruut3
1074 1281 1172 1354 itaque

109 1391 222 1439 noctem
245 1391 337 1439 totam
361 1383 491 1459 plerique
514 1403 613 1441 eorum
637 1394 665 1441 et
686 1385 744 1442 diei
763 1386 939 1460 insequentis
955 1395 1067 1460 partem
1084 1404 1171 1459 quum

107 1488 234 1546 animam
250 1489 384 1562 egissent,
406 1507 506 1545 omnes
521 1499 617 1546 tamen
632 1490 721 1565 prius,
744 1509 831 1564 quam
847 1493 1027 1566 aperirentur
1039 1491 1170 1548 hostibus

106 1604 208 1669 portae,
231 1573 424 1669 exspirarunt.

190 1701 315 1757 Postero
345 1699 391 1754 die
418 1708 504 1772 porta
525 1700 620 1769 Iovis,
657 1719 721 1774 quae
748 1701 890 1756 adversus
917 1709 1014 1756 eastra
1036 1698 1201 1757 Romanad

107 1814 180 1875 erat,
202 1805 282 1861 iussu
305 1803 509 1877 proconsulum
529 1815 631 1876 aperta
654 1815 707 1863 est.
748 1805 795 1861 Ea
815 1804 982 1860 intromissa
1007 1805 1083 1878 legio
1112 1822 1171 1859 una

106 1917 135 1966 et
156 1910 220 1966 duae
243 1909 297 1966 alea
319 1927 382 1965 oum
406 1906 696 1983 0.Fu1vi01egato.
744 1910 775 1965 Is
798 1927 886 1982 quum
902 1909 1029 1965 omnium
1044 1908 1199 1983 primumi

105 2033 189 2072 arma
211 2014 340 2087 telaque,
373 2030 436 2085 quse
459 2009 568 2086 Capuae
591 2021 688 2083 erant,
722 2015 760 2069 ad
781 2031 812 2069 se
836 2013 1012 2070 conferenda
1032 2023 1170 2083 curasset,

107 2118 245 2177 custodiis
268 2118 304 2173 ad
328 2135 427 2172 omnes
449 2125 550 2191 portas
572 2116 735 2191 dispositis,
763 2119 885 2192 nequis
908 2120 987 2175 exire
1009 2128 1059 2175 aut
1081 2118 1171 2174 emitti

106 2232 216 2299 posset,
238 2221 403 2298 praesidium
425 2221 567 2278 Punicum
591 2221 817 2296 comprehendit,
840 2233 970 2279 senatum
987 2221 1170 2297 Campanum

106 2327 149 2384 ire
178 2326 207 2382 in
238 2335 335 2384 castra
367 2328 405 2383 ad
432 2328 624 2402 imperatores
650 2328 799 2383 Romanos
833 2326 924 2382 iussit.
982 2328 1048 2401 Quo
1082 2331 1200 2401 quum8

106 2429 268 2500 venissent,
302 2432 447 2506 extemplo
469 2431 504 2487 iis
527 2429 791 2486 omnibus·catenea
819 2430 946 2502 iniectae,
976 2432 1104 2506 iussique
1134 2431 1172 2487 ad

107 2545 266 2607 quaestores
278 2535 400 2605 deferre,
419 2536 498 2610 quod
510 2535 573 2592 auri
584 2543 672 2608 atque
683 2535 795 2609 argenti
806 2536 957 2596 haberent.
985 2536 1061 2592 Auri
1072 2536 1170 2610 pondo

50 2640 53 2644 ’
107 2638 166 2694 duo
198 2638 289 2695 miliia
320 2639 504 2714 septuaginta
535 2639 604 2708 fuit,
639 2639 751 2712 argenti
773 2639 892 2713 triginta
913 2639 1004 2696 millia
1023 2640 1121 2714 pondo
1143 2649 1172 2695 et

108 2742 186 2798 mille
215 2743 347 2799 ducenta.
402 2743 558 2801 Senatores
586 2743 714 2816 quinque
742 2753 771 2800 et
792 2743 894 2818 viginti
916 2742 1001 2800 Cales
1022 2743 1052 2798 in
1074 2744 1200 2800 custo-9

107 2846 196 2917 diam,
218 2847 432 2922 duodetriginta
444 2847 577 2905 Teanum
593 2848 682 2918 missi,
706 2866 828 2922 quorum
842 2848 878 2904 de
892 2847 1035 2904 sententia
1045 2847 1171 2903 maxime

108 2950 248 3008 descitum
271 2953 308 3008 ab
323 2951 465 3010 Romanis
488 2953 649 3010 constabat.
677 2991 678 2994 =
697 2953 745 3010 De
767 2953 908 3028 supplicio
925 2951 1069 3027 Campani
1086 2971 1171 3008 sena·
1223 2958 1262 3025 15

107 3063 154 3112 tus
187 3057 414 3131 haudquaquam
446 3056 521 3112 inter
557 3057 692 3114 Fulvium
726 3056 938 3131 Claudiumque
972 3057 1171 3118 conveniebat.

106 3160 217 3217 Facilis
247 3162 436 3236 impetrandae
464 3161 556 3217 veniae
581 3161 735 3232 Claudius,
769 3162 866 3219 Fulvii
901 3162 1000 3219 durior
1030 3163 1172 3220 sententia

108 3276 179 3324 erat.
227 3266 333 3340 Itaque
356 3265 472 3339 Appius
493 3266 618 3323 Romam
647 3267 685 3322 ad
714 3277 845 3323 senatum
875 3268 1024 3324 arbitrium
1047 3267 1108 3323 eius
1130 3267 1201 3325 rei2

107 3377 200 3426 totum
223 3371 385 3428 reiioiebat:
420 3371 611 3444 percontandi
644 3371 730 3426 etiam
763 3390 877 3445 aequum
908 3388 971 3428 esse
997 3378 1201 3445 potestatem3

107 3473 171 3556 fieri
201 3476 349 3550 patribus,
381 3494 453 3535 num,
481 3475 741 3533 communicassent
769 3477 890 3534 consilia
911 3494 976 3533 cum
998 3474 1102 3547 aliquis
1124 3490 1172 3529 so·

107 3579 218 3636 ciorum
234 3582 332 3638 Latini
352 3581 477 3638 nominis
499 3590 528 3636 et
551 3600 619 3638 num
642 3600 697 3657 ope
712 3599 811 3638 eorum
827 3581 857 3636 in
872 3580 948 3637 bello
961 3578 1058 3635 forent
1072 3579 1172 3637 adiuti.

107 3687 144 3744 Id
169 3705 239 3744 vero
262 3689 379 3745 minime
404 3684 639 3745 committendum
662 3703 725 3744 esse
747 3682 868 3740 Fulvius
890 3684 1001 3754 dicere,
1034 3695 1065 3740 ut
1092 3683 1202 3744 solli-4

108 3793 266 3852 citarentur
288 3794 455 3852 criminibus
477 3793 571 3849 dubiis
593 3793 739 3849 sociorum
760 3789 887 3846 fidelium
909 3788 1007 3860 animi,
1031 3798 1060 3845 et
1083 3788 1170 3845 subii-

110 3910 243 3956 cereutur
274 3899 432 3970 indicibus,
472 3898 536 3972 quis
569 3917 668 3973 neque,
706 3896 774 3972 quid
795 3895 927 3965 dicerent,
961 3913 1069 3968 neque,
1104 3894 1173 3968 quid

137 4012 201 4049 Livius
218 4023 240 4049 er
255 4024 295 4050 reo.
311 4013 408 4060 Madvigii.
439 4011 469 4049 lv.
956 4005 971 4047 2
