2680 4546
305 255 343 310 20
574 253 653 303 Liber
668 253 772 307 XXVI.
814 253 861 318 (Δ.
872 269 898 306 ιι.
910 269 933 308 c.
947 254 1022 317 54³.)

213 443 246 499 11
262 435 359 494 Roma
392 436 548 508 quotannis
579 436 727 494 missuros.
785 437 833 496 Ita
864 437 901 494 ad
923 435 1059 513 Capuam
1092 455 1144 494 res
1176 437 1335 512 compositu¹

262 539 383 597 oonsilio
407 539 444 596 ab
464 538 543 622 omui
557 547 641 614 parto
655 540 803 598 laudabili.
847 541 955 600 Serere
970 551 998 598 et
1014 542 1156 599 celeriter
1172 542 1202 598 in
1217 543 1335 622 maxine,

261 644 366 702 noxios
397 643 647 713 animadversum
680 645 833 704 multitudo
862 647 967 704 civium
994 647 1147 722 dissipata
1175 646 1208 703 in
1235 645 1323 704 nullan

213 757 248 813 12
261 767 343 828 spem
365 749 490 818 reditus,
514 767 573 806 non
592 749 721 806 saevitum
744 749 883 808 incendiis
904 751 1055 826 ruinisque
1076 753 1108 809 in
1125 761 1212 809 tecta
1225 751 1335 808 innexu*

262 873 435 930 murosque,
470 864 499 912 et
529 873 595 912 cum
625 854 820 913 emolumento
852 856 974 930 quaesita
1001 856 1090 913 etiam
1130 857 1218 932 apud
1248 855 1335 912 socios¹

261 961 387 1018 lenitatis
409 960 521 1036 species
542 959 740 1017 incolumitate
768 960 848 1017 urbis
874 960 1062 1018 nobilissime
1094 961 1325 1036 opulentissime·

260 1083 327 1139 que,
349 1064 429 1122 cuius
443 1065 533 1122 ruinis
550 1064 644 1121 omnis
659 1063 830 1138 Campania,
846 1084 955 1137 omnes,
979 1067 1029 1140 qui
1045 1065 1251 1141 Campaniam
1264 1049 1335 1121 circa

212 1171 248 1226 ta
262 1170 406 1239 accolunt,
427 1169 528 1246 populi
548 1151 768 1243 ingemuissent;
790 1170 934 1228 confessio
955 1189 1097 1245 expresse
1113 1172 1211 1240 hosti,
1234 1183 1326 1244 quanta

262 1274 306 1333 vis
328 1275 358 1330 in
379 1274 521 1333 Romanis
542 1272 580 1330 ad
603 1275 780 1348 expetendas
801 1293 903 1351 poenas
929 1276 966 1331 ab
991 1275 1165 1332 infidelibus
1202 1277 1282 1333 sociis
1303 1286 1335 1330 et¹

262 1398 349 1454 quam
372 1379 445 1436 nihil
467 1379 496 1436 in
518 1378 685 1436 Hannibale
708 1379 809 1437 auxilii
830 1382 869 1438 ad
889 1390 1022 1454 receptos
1045 1380 1076 1436 in
1100 1381 1196 1438 fidem
1220 1381 1324 1438 tuendos

262 1494 347 1545 m.
1333 1475 1335 1490 ⁴

346 1588 473 1645 Romani
494 1597 592 1663 patres
607 1587 759 1663 perfuncti,
782 1591 860 1664 quod
875 1592 913 1648 ad
925 1590 1059 1668 Capuam
1080 1593 1241 1660 attinebat,
1261 1589 1335 1648 ourai

262 1691 296 1752 C.
309 1691 422 1749 Neroni
437 1710 474 1749 ex
488 1692 523 1750 iis
538 1694 651 1751 duabus
671 1692 843 1768 legionibus,
866 1714 938 1770 quas
961 1698 1000 1754 ad
1023 1695 1162 1772 Capuam
1186 1657 1335 1760 habuerati

263 1818 315 1857 sex
338 1799 428 1856 millia
448 1799 576 1874 peditum
606 1808 635 1856 et
656 1808 800 1856 trecentos
821 1801 946 1874 equites,
969 1819 1044 1875 quos
1066 1800 1131 1876 ipse
1155 1803 1281 1878 legisset,
1302 1801 1335 1862 ai

263 1906 373 1964 socium
396 1904 494 1962 Latini
515 1904 639 1961 nominis
660 1903 788 1978 peditum
812 1923 962 1963 numerum
985 1924 1088 1980 parem
1106 1915 1135 1962 et
1154 1907 1323 1979 octingentae

232 2009 1320 2085 mmmmmwmmmmssmmmm

262 2125 322 2173 tum
350 2116 432 2174 Nero
464 2115 494 2171 in
525 2113 699 2188 Hispaniam
731 2115 950 2190 transportavit.
1010 2116 1109 2189 Quum
1134 2117 1318 2172 Tarraconen

262 2220 386 2278 navibus
409 2221 549 2289 venisset,
580 2219 778 2294 expositisque
798 2221 839 2278 ibi
861 2221 952 2297 copiis
975 2229 1003 2276 et
1025 2221 1152 2278 navibus
1176 2219 1334 2284 subductis„

263 2325 359 2382 socios
381 2342 498 2399 quoque
523 2323 643 2382 navales
674 2324 864 2382 multitudinis
891 2326 1031 2400 augendae
1058 2343 1151 2383 eausa
1183 2337 1317 2382 armasset

233 2428 411 2505 dprofectus
444 2428 481 2486 ad
514 2429 656 2487 Hiberum
686 2430 794 2487 flumen
823 2429 980 2488 exercitum
1010 2430 1047 2485 ab
1075 2431 1124 2490 Ti.
1148 2431 1270 2488 Fonteio
1296 2436 1317 2481 et

232 2534 299 2592 eL.
322 2534 436 2591 Marcio
466 2534 587 2611 accepit.
642 2535 715 2591 Inde
742 2535 838 2610 pergit
867 2536 905 2592 ad
932 2536 1030 2592 hostes
1059 2534 1112 2594 ire.
1163 2531 1316 2592 Hasdrubal

263 2639 440 2696 Hamilcaris
463 2641 501 2697 ad
524 2639 650 2715 Lapides
673 2648 752 2697 atros
774 2648 872 2697 castra
893 2641 1034 2708 habebat;
1068 2640 1099 2697 in
1125 2640 1278 2698 Ausetanis
1297 2637 1333 2692 is¹

261 2743 1311 2819 mmmmmmfflmmmmmfflmm

233 2851 361 2914 5fauoss
383 2851 465 2908 Nero
487 2850 594 2909 insedit.
629 2849 805 2919 Hasdrubal,
829 2867 912 2923 quum
926 2848 956 2904 iu
971 2859 1035 2905 arto
1060 2867 1107 2906 res
1133 2859 1219 2920 esset,
1240 2849 1313 2904 cadu-

263 2965 409 3014 ceatorem
431 2954 518 3024 misit,
541 2953 590 3027 qui
615 2953 804 3029 promitteret,
826 2955 852 3011 si
873 2953 940 3010 inde
962 2954 1085 3010 emissus
1106 2954 1193 3023 foret,
1214 2971 1244 3010 se
1264 2969 1313 3008 on·

232 3055 1332 3135 tmmmmfflmfflmmemmwn

263 3169 329 3225 laeto
360 3167 465 3224 animo·
484 3166 635 3222 Romanus
665 3163 838 3238 accepisset,
873 3164 947 3221 diem
980 3175 1130 3239 posterum
1160 3161 1311 3221 Hasdrubal

263 3271 408 3345 colloquio
428 3269 546 3346 petivit,
577 3279 608 3325 ut
632 3287 730 3325 coram
752 3268 831 3343 leges
852 3269 1104 3326 conscriberentur
1125 3268 1309 3326 detrudendis

264 3375 379 3434 arcibus
402 3375 515 3432 urbium
540 3374 645 3447 dieque
666 3374 836 3442 statuenda,
868 3373 906 3430 ad
936 3392 1025 3447 quam
1048 3375 1183 3449 praesidia
1205 3374 1309 3430 deduce-

233 3474 1307 3554 mmmwmmmmssmfflmwtffl

265 3586 314 3644 ubi
335 3584 511 3661 impetravit,
534 3583 680 3658 extemplo
702 3583 803 3658 primis
827 3583 952 3641 tenebris
975 3593 1064 3659 atque
1078 3586 1145 3643 inde
1160 3593 1306 3642 totauoote.

265 3691 343 3765 quod
364 3689 569 3764 gravissimum
584 3687 726 3744 exercitus
740 3697 812 3757 erat,
835 3689 1013 3759 Hasdrubal,
1036 3709 1206 3765 quacunque
1219 3695 1306 3763 posset,

233 3779 1305 3870 ὃωωωωΜΜῶ-Μωωὼῳωωμωωὼω

264 3907 349 3955 nocte
372 3897 493 3967 exirent,
516 3906 548 3954 ut
571 3899 635 3972 ipsa
657 3897 790 3971 paucitas
813 3916 900 3971 quum
921 3899 958 3954 ad
974 3899 1087 3955 hostem
1102 3897 1303 3957 silentiofallcn-

265 4003 333 4058 dum
354 4000 460 4075 aptior,
481 4008 540 4056 tum
565 4002 601 4058 ad
625 4002 805 4058 evadendum
827 4021 879 4077 per
902 4012 980 4060 artas
1002 4005 1121 4062 semitas
1143 4024 1177 4062 ac
1196 4001 1303 4061 difficiles
