2748 4556
378 243 456 306 nath
470 258 556 309 xxx.
593 259 641 322 (a,
656 255 787 321 chaos.)
1016 247 1073 318 241

9 454 165 492 mecum
195 437 321 495 indutias
348 439 450 512 facite,
479 444 604 500 Romam
635 444 673 500 ud
694 451 824 499 senatum
848 443 951 499 mittite
974 443 1115 518 legatos.“

9 540 83 596 Ita
131 541 247 598 dimissi
289 545 552 622 Carthaginienses,
596 546 689 604 nullas
721 548 898 605 recusandas
934 549 1117 606 condiciones
1135 550 1168 604 ll

7 645 128 718 pacis
157 665 245 720 quum
268 650 454 721 censuissent,
478 653 586 728 quippe
607 653 783 727 quimorem
797 654 936 728 temporis
949 663 1118 729 quaererent,

13 747 113 804 dum
140 751 293 810 Hannibal
314 755 344 812 iu
366 755 499 815 Africam
522 759 681 830 traiiceret,
714 758 827 832 legatos
848 757 922 815 alios
944 760 982 815 ad
1004 759 1168 834 Scipio-15

12 873 136 925 nem,
170 867 202 912 ut
224 857 350 916 indutias
375 860 519 929 facerent,
543 864 616 920 alios
635 866 760 922 Romam
783 865 822 921 ad
842 883 943 939 pacem
963 865 1115 940 petendam

14 961 180 1034 mittunt,
215 966 350 1022 ducentes
378 985 489 1041 paucos
518 969 694 1044 inspeciem
717 970 849 1043 captivos
871 969 1068 1045 perfugasque
1089 979 1117 1024 et

16 1066 201 1142 fugitivos,
224 1090 282 1146 quo
304 1071 516 1147 impetrabilior
534 1093 594 1149 pax
619 1084 702 1131 esset.

132 1174 235 1232 Multis
265 1185 332 1234 ante
364 1179 465 1236 diebus
496 1180 602 1236 Laelius
634 1199 698 1238 cunt
722 1180 857 1255 Syphace
884 1179 1116 1255 primoribusque
1172 1174 1210 1242 l‘l

22 1279 245 1339 Numidarum
276 1283 398 1358 captivis
429 1285 553 1341 Romam
585 1286 680 1353 venit,
713 1305 836 1360 quaeque
857 1285 885 1340 in
908 1285 1013 1343 Africa
1033 1296 1116 1360 geste

26 1396 155 1451 essent,
178 1389 275 1452 omnia
298 1389 399 1445 ordine
422 1392 556 1464 exposuit
570 1391 711 1465 patribus,
732 1391 842 1466 ingenti
866 1391 1013 1448 hominum
1037 1391 1114 1447 etin

28 1507 178 1564 praeseus
214 1492 314 1550 laetitia
349 1503 377 1550 et
413 1494 442 1550 in
480 1496 608 1553 futurum
646 1515 705 1572 spa.
763 1495 895 1553 Consulti
922 1496 988 1552 indo
1016 1497 1144 1570 patres2

30 1613 148 1669 regem
181 1597 210 1653 in
241 1599 401 1656 custodiam
431 1600 540 1657 Albam
572 1602 741 1659 mittendum
770 1611 956 1668 censuerunt,
994 1601 1113 1658 Laelium

31 1701 245 1772 retinendum,
278 1705 371 1760 donec
405 1704 493 1778 legati
525 1705 779 1782 Carthaginienses
812 1708 951 1764 venirent.
995 1705 1143 1781 Suppli-3

34 1807 126 1862 catio
158 1807 187 1862 in
220 1810 403 1884 quatriduum
433 1813 549 1867 decreta
577 1821 629 1867 est.
681 1814 716 1869 P.
736 1812 834 1869 AElius
866 1821 982 1886 praetor,
1011 1820 1112 1868 senatu

34 1912 139 1968 misso
179 1926 207 1970 et
239 1915 388 1972 contione·
406 1917 472 1972 inde
502 1916 655 1985 advocata,
682 1935 746 1974 cum
777 1915 810 1972 C.
833 1916 922 1974 Laelio
955 1915 984 1971 in
1005 1916 1113 1972 Rostra

38 2018 186 2076 escendit.
236 2021 282 2077 Ibi
309 2039 380 2077 vero
411 2020 578 2086 audientes,
614 2020 695 2078 fusos
726 2021 1007 2097 Carthaginiensium
1031 2028 1143 2080 exer-4

40 2126 140 2193 citus,
163 2125 306 2183 devictum
330 2137 359 2183 et
380 2135 495 2201 captum
518 2127 642 2201 ingentis
664 2125 787 2182 nominis
809 2144 922 2200 regem,
945 2125 1112 2182 Numidiam

37 2247 163 2290 omnem
194 2232 311 2307 egregia
339 2232 462 2290 victoria
490 2243 693 2308 peragratam,
726 2230 843 2287 tacitum
874 2231 1020 2288 continere
1042 2238 1143 2304 gau-5

47 2338 131 2394 dium
154 2355 212 2392 uon
235 2347 379 2411 poterant,
403 2338 471 2412 quin
495 2338 680 2410 clamoribus,
703 2337 866 2411 quibusque
881 2336 944 2392 aliis
960 2335 1112 2392 multitudo

43 2443 141 2511 solet,
184 2442 312 2499 laetitiam
357 2443 542 2500 immodicam
589 2443 793 2518 significarent.
861 2443 965 2516 ltaque
1004 2447 1142 2516 pretorii

44 2547 194 2622 extemplo
226 2548 332 2618 edixit,
369 2548 412 2605 uti
444 2549 541 2605 aeditui
563 2551 640 2606 sedes
662 2567 761 2606 sacras
786 2557 847 2604 tota
865 2549 937 2605 urbe
958 2546 1111 2622 aperirent,

45 2654 243 2710 circumeundi
279 2654 481 2728 salutandique
515 2655 584 2711 deos
619 2655 782 2730 agendique
816 2662 912 2726 grates
941 2673 994 2728 per
1020 2661 1112 2708 totum

45 2761 126 2816 diem
153 2759 262 2834 populo
292 2769 422 2833 potestas
449 2761 540 2816 fieret.
586 2761 710 2816 Postero
740 2759 785 2814 die
814 2759 926 2832 legatos
951 2757 1142 2814 Masinissael

50 2867 81 2921 in
104 2873 233 2921 senatum
254 2863 423 2920 introduxit.
471 2864 620 2923 Gratulati
641 2845 764 2938 primum
790 2865 902 2921 senatui
924 2868 1004 2930 su'nt,
1034 2861 1113 2933 quod

46 2972 84 3028 P.
117 2969 212 3044 Scipio
243 2988 382 3045 prospere
410 2989 456 3026 res
483 2969 513 3025 in
547 2968 651 3026 Africa
682 2969 834 3042 gessissem
867 2968 969 3025 deinde
1001 2965 1141 3040 gratias8

49 3083 181 3150 egerunt,
217 3076 295 3149 quod
316 3074 502 3131 Masinissam
525 3093 583 3131 non
606 3073 781 3149 appellasset
806 3074 893 3132 modo
915 3089 1038 3146 regem,
1061 3069 1113 3125 sed

50 3180 163 3236 fecisset
182 3181 361 3238 restituendo
382 3180 412 3236 in
434 3189 586 3256 paternum
609 3199 746 3255 regnum,
776 3179 805 3234 in
827 3197 886 3252 quo
908 3186 975 3252 post
997 3177 1112 3252 Sypha-

50 3303 113 3340 cem
135 3285 288 3355 sublatum,
312 3286 337 3342 si
353 3285 395 3342 ita
409 3286 540 3360 patribus
559 3287 651 3343 visum
674 3294 757 3351 esset,
780 3285 841 3340 siue
865 3291 943 3340 metu
967 3290 996 3338 et
1019 3289 1112 3338 certa·

53 3390 127 3447 mine
170 3400 246 3447 esset
289 3399 481 3466 regnaturus,
525 3391 591 3448 dein
636 3391 830 3448 collaudatum
879 3407 933 3463 pro
976 3385 1141 3445 contionati

56 3495 234 3570 amplissimis
257 3497 424 3554 decorasset
451 3499 614 3565 hanoniae,
652 3499 749 3571 quibas
771 3515 803 3552 nc
823 3495 951 3566 indignas
969 3501 1054 3560 essct,
1085 3499 1111 3546 et

54 3602 155 3658 dedisse
185 3621 304 3678 operam
333 3602 518 3659 Masinissam
549 3613 578 3659 et
605 3621 694 3678 porro
725 3602 859 3658 daturum
889 3618 959 3658 esse.
997 3599 1111 3666 Petere,
1128 3603 1162 3655 10

58 3718 89 3763 ut
101 3707 205 3782 regium
216 3727 322 3766 nomen
338 3718 492 3783 ceteraque
509 3707 654 3782 Scipionis
671 3705 809 3763 beneficia
825 3715 853 3760 ct
864 3723 984 3761 munera
995 3711 1112 3760 senatus

57 3814 164 3870 decreto
194 3815 387 3872 confirmaret.
437 3815 476 3870 Et
497 3814 535 3870 ad
558 3815 630 3880 hoeo,
663 3812 719 3868 nisi
740 3811 891 3867 molestum
916 3819 1005 3877 esset,
1042 3807 1112 3863 illud
1127 3813 1160 3866 ll

59 3936 166 3992 quoque
186 3928 286 3994 petere
306 3919 507 3987 Masinissam,
537 3929 570 3976 ut
590 3917 735 3978 Numidas
758 3916 906 3991 captivos,
939 3913 988 3986 qui
1011 3913 1113 3968 Roma

57 4025 84 4079 in
112 4024 239 4082 custodia
269 4034 378 4093 essent,
413 4025 607 4091 remitterent3
639 4023 669 4078 id
691 4023 746 4079 sibi
767 4021 894 4096 amplum
918 4020 997 4094 apud
1018 4035 1110 4092 popu·

82 4137 221 4173 intimasses.
239 4136 330 4183 Madvigii
370 4137 404 4173 tv.
880 4131 910 4174 lli
