2812 4556
710 245 788 293 Liber
812 244 884 294 XXI,

265 430 320 486 sub
340 435 483 486 recentem
503 429 668 485 Romanam
690 447 802 504 pacem,
824 446 877 504 per
898 428 1026 503 quinque
1041 444 1144 496 annos,
1166 427 1210 482 ita
1231 424 1364 482 deinde
1401 439 1404 476 l

236 535 371 592 2novem
394 532 477 590 annis
498 533 528 588 in
550 532 695 606 Hispania
718 535 851 609 augendo
873 533 987 590 Punico
1014 532 1136 607 imperio
1167 531 1289 608 gessit,
1328 539 1365 585 ut

266 649 430 716 appareret,
459 638 553 694 maius
575 657 651 708 eum,
675 658 762 714 quam
791 641 869 714 quod
891 648 1013 716 gereret,
1043 638 1156 712 agitare
1177 638 1209 694 in
1236 635 1363 692 animo

266 745 391 813 bellum,
420 753 458 811 et,
487 744 512 800 si
536 743 643 800 diutius
665 745 799 814 vixisset,
830 745 999 803 Hamilcare
1020 745 1093 801 duce
1115 745 1226 800 Poenos
1256 759 1365 798 arma

266 851 360 908 Italiae
382 851 514 908 illaturos
536 849 634 920 fuisse,
660 869 724 924 quae
745 850 920 909 Hannibalis
942 825 1028 909 ductu
1048 849 1217 906 intulerunt.

236 961 253 1014 3
349 957 432 1013 Mors
470 956 648 1013 Hamilcaris
682 967 901 1033 peropportuna
933 967 961 1014 et
996 955 1121 1032 pueritia
1156 953 1362 1010 Hannibalis

231 1041 236 1048 ⁶
267 1065 439 1131 distulerunt
460 1062 577 1122 bellum.
621 1063 736 1120 Medius
753 1063 924 1121 Hasdrubal
946 1064 1021 1121 inter
1042 1069 1154 1136 patrem
1180 1077 1217 1116 ac
1243 1058 1358 1114 filiurn

268 1179 334 1226 octo
356 1168 447 1225 ferme
476 1185 569 1224 annos
590 1167 741 1242 imperium
767 1170 905 1235 obtinuit,
934 1170 1006 1225 flore
1027 1166 1135 1234 atatis,
1164 1164 1208 1222 uti
1229 1162 1359 1231 ferunt,

237 1275 362 1351 4primo
391 1273 555 1331 Hamilcari
587 1273 771 1343 conciliatus,
804 1293 893 1350 gener
923 1275 991 1331 inde
1020 1273 1058 1329 ob
1086 1271 1174 1327 eliam
1206 1268 1356 1325 indolem

169 1393 171 1409 ¹
267 1380 399 1456 profecto
422 1379 511 1436 animi
540 1379 684 1449 adscitus,
719 1390 756 1452 et,
780 1382 849 1455 quia
870 1399 960 1457 gener
987 1389 1064 1448 erat,
1096 1375 1233 1435 factionis
1257 1377 1356 1432 Bar-

267 1486 338 1542 cinae
360 1486 480 1560 opibus,
503 1503 568 1558 quae
591 1484 668 1559 apud
689 1485 794 1542 milites
819 1485 991 1561 plebemque
1013 1484 1078 1560 plus
1100 1501 1189 1556 quam
1212 1481 1354 1538 modicae

268 1600 365 1660 erant,
392 1590 471 1646 haud
505 1607 576 1646 sane
608 1589 759 1646 voluntate
794 1590 973 1666 principum,
1005 1590 1035 1645 in
1066 1588 1189 1663 imperio
1211 1587 1352 1661 positus.

237 1694 298 1754 5Is
320 1696 404 1771 plura
426 1694 546 1756 consilio
576 1711 663 1767 quam
689 1695 718 1750 vi
740 1713 858 1769 gerens,
887 1695 1021 1770 hospitiis
1048 1694 1141 1768 magis
1165 1692 1350 1766 regulorum

267 1801 514 1875 conciliandisque
535 1819 587 1875 per
615 1799 771 1856 amicitiam
793 1799 954 1875 principum
977 1798 1062 1856 novis
1082 1795 1218 1873 gentibus
1246 1815 1351 1870 quam

237 1905 343 1964 libello
366 1915 416 1963 aut
439 1907 527 1962 armis
556 1925 617 1962 rem
641 1903 910 1978 Carthaginiensem
936 1905 1027 1962 auxit.
1077 1901 1214 1960 Ceterum
1244 1903 1348 1958 nihilo

268 2013 294 2070 ei
316 2031 376 2087 pax
391 2012 481 2068 tutior
495 2010 563 2078 suia
584 2009 728 2066 barbarus
748 2027 813 2065 eum
834 2009 951 2083 quidam
974 2009 1072 2084 palam
1093 2008 1131 2064 ob
1145 2007 1221 2064 iram
1244 2008 1349 2064 inter-

267 2116 336 2174 fecti
371 2118 408 2174 ab
438 2135 473 2173 eo
504 2115 614 2172 domini
647 2115 813 2180 obtruncat;
851 2132 1097 2190 comprensusque
1133 2114 1171 2169 ab
1212 2114 1347 2171 circum-

267 2223 410 2279 stantibus
425 2221 505 2278 haud
526 2219 594 2287 alio,
617 2237 704 2292 quam
720 2221 745 2276 si
760 2219 909 2288 evasisset,
932 2219 1022 2287 vultu,
1044 2219 1195 2274 tormentis
1218 2237 1347 2294 quoque

202 2339 214 2360 ·
268 2346 356 2400 quum
390 2326 583 2390 laceraretur,
612 2341 647 2379 eo
679 2322 734 2380 fuit
758 2324 859 2382 habitu
892 2325 968 2392 oris,
998 2333 1031 2380 ut
1057 2332 1214 2398 superante
1235 2324 1347 2381 laetitia

238 2432 383 2489 7dolores
404 2405 523 2488 ridentis
546 2430 632 2486 etiam
659 2429 783 2504 speciem
805 2429 969 2503 praebuerit.
1014 2427 1088 2486 Cum
1120 2429 1176 2484 hoc
1201 2429 1345 2485 Hasdru-

267 2537 348 2607 bale,
373 2535 443 2610 quia
464 2534 544 2590 mirae
566 2534 637 2590 artis
659 2535 689 2591 in
710 2531 899 2591 sollicitandis
921 2532 1055 2608 gentibus
1076 2533 1259 2607 imperioque
1282 2551 1344 2590 suo

267 2640 419 2715 iungendis
452 2638 563 2706 luerat,
595 2636 691 2695 foedus
718 2647 913 2696 renovaverat
944 2638 1070 2713 populus
1100 2638 1270 2708 Romanus,
1308 2647 1344 2696 ut

267 2745 332 2802 finis
353 2744 504 2816 utriusque
522 2741 637 2817 imperii
660 2752 736 2800 esset
757 2743 850 2798 amnis
865 2743 1003 2811 Hiberus,
1025 2741 1253 2816 Saguntinisque
1276 2763 1344 2800 me-

268 2850 322 2906 diis
344 2849 419 2906 inter
440 2847 563 2922 imperis
585 2849 708 2905 duorum
730 2847 904 2922 populorum
927 2847 1045 2904 libertas
1067 2855 1243 2906 servaretur.

351 2953 387 3010 In
402 2952 598 3010 Hasdrubalis
612 2953 708 3011 locum
723 2953 802 3009 haud
817 2951 905 3007 dubia
915 2970 962 3008 res
977 2950 1041 3020 fuit,
1056 2950 1125 3024 quin
1139 2953 1344 3026 praerogativa

267 3059 408 3124 militaris,
441 3076 500 3131 qua
530 3058 677 3140 extemplo
698 3056 811 3114 iuvenis
842 3055 991 3112 Hannibal
1012 3055 1041 3111 in
1063 3054 1230 3130 praetorium
1254 3057 1343 3113 dela-

266 3170 312 3219 tus
334 3163 550 3238 imperatorque
569 3164 679 3237 ingenti
702 3163 829 3218 omnium
845 3161 972 3218 clamore
994 3169 1082 3234 atque
1097 3177 1218 3218 assensu
1234 3162 1341 3235 appel-

236 3264 342 3324 2latus
374 3267 502 3336 erat,**-
519 3265 606 3325 favor
638 3267 731 3342 plebis
755 3266 940 3340 sequebatur.
983 3266 1071 3324 Hunc
1098 3265 1218 3322 vixdum
1242 3267 1340 3339 pube-

254 3391 327 3452 rem
350 3372 522 3438 Hasdrubal
541 3373 644 3430 litteris
667 3373 705 3428 ad
727 3389 758 3426 se
773 3370 955 3440 accersierat,
982 3378 1106 3443 actaque
1127 3388 1174 3426 res
1195 3371 1285 3426 etiam
1308 3372 1341 3428 in

268 3485 369 3534 senatu
391 3477 496 3538 iuerat.
539 3476 673 3535 Barcinis
692 3469 861 3545 nitentibus,
879 3484 912 3530 ut
930 3483 1108 3532 assuesceret
1129 3474 1237 3532 militiae
1252 3477 1339 3534 Han·

237 3578 348 3638 3nibal
369 3591 456 3657 atque
476 3583 506 3638 in
527 3592 666 3656 paternas
688 3578 862 3636 succederet.
876 3597 962 3652 opes,
985 3581 1109 3647 Hanno,
1132 3579 1252 3636 alterius
1274 3565 1338 3638 fac-

268 3687 355 3756 tionis
375 3687 525 3762 priuceps,
562 3685 620 3753 „Et
642 3702 754 3758 aequum
777 3683 926 3757 postulare
955 3685 1087 3742 videtur“
1121 3684 1215 3757 inquit
1239 3685 1337 3751 ,Has-

269 3792 387 3861 drubal,
416 3799 445 3847 et
466 3809 521 3864 ego
542 3800 640 3848 tamen
668 3807 726 3845 non
748 3805 862 3856 canace,
898 3790 977 3861 quod
1005 3789 1093 3863 petit,
1120 3789 1333 3848 tribuendum.“

238 3895 366 3968 lQuum
389 3894 579 3953 admiratione
606 3900 665 3948 tam
697 3892 829 3967 ancipitis
852 3895 1000 3952 sententia
1032 3894 1062 3950 in
1084 3912 1116 3950 se
1139 3911 1239 3950 omnes
1266 3903 1335 3952 'con-

268 3999 411 4068 vertisset,
435 3997 571 4066 „Florem
593 3997 704 4053 aetati&
727 3997 822 4072 inquit
845 3997 1042 4066 „Hasdrubal
1067 4015 1152 4070 quem
1175 3997 1238 4072 ipsa
1260 4001 1335 4074 patri
