2748 4556
302 257 362 314 232
577 253 655 304 Liber
673 253 759 304 XXX.
795 255 841 320 (A.
854 270 879 304 u.
893 271 916 307 c.
931 255 1007 318 5⁵1.)

260 437 456 498 Hannibalem
489 437 644 496 mittendus
676 447 808 508 censent3
841 438 949 513 quippe
981 439 1069 496 classi
1104 451 1138 498 ut
1170 441 1320 500 felicissime

231 542 248 598 8
260 553 399 620 gerantur
419 559 483 614 res,
518 551 602 617 parte
623 541 722 617 aliqua
743 543 835 600 levari
857 543 952 602 Uticae
974 545 1180 616 obsidionem
1211 546 1321 605 carna

260 648 356 725 ginem
385 648 479 724 ipsam
509 648 558 724 qui
584 656 714 716 tueatur,
758 667 851 722 neque
886 648 1095 724 imperatorem
1125 652 1220 709 alium
1246 670 1322 726 quam

262 753 456 812 Hannibalem
488 773 582 830 neque
611 752 769 812 exercitum
797 752 884 810 alium
913 774 1002 829 quam
1024 757 1209 814 Hannibalis
1235 775 1323 832 super·

230 859 333 918 9esse.
380 859 522 916 Deductae
550 877 620 936 ergo
653 868 771 934 postero
801 858 848 915 die
874 877 980 930 naves,
1015 860 1104 918 simul
1136 873 1166 918 et
1194 861 1324 938 legatiir

185 1011 192 1032 ,
260 964 377 1022 ltaliam
406 963 547 1039 profecti3
582 963 746 1039 raptimque
774 963 872 1020 omnia
906 965 1075 1023 stimulante
1107 966 1233 1025 fortuna
1266 987 1324 1042 age

260 1071 384 1142 bantur,
420 1079 450 1127 et
477 1070 507 1127 in
538 1087 596 1144 quo
623 1069 745 1143 quisque
774 1080 931 1138 cessasset,
968 1071 1054 1145 prodi
1084 1074 1124 1130 ab
1154 1091 1189 1130 se
1210 1074 1324 1130 salutem

260 1175 387 1232 omnium
410 1177 538 1234 rebatur.

212 1281 246 1334 10
344 1279 444 1357 Scipio
469 1299 589 1356 gravem
616 1279 675 1336 iam
706 1277 806 1352 spoliis
836 1278 990 1336 multarum
1023 1282 1139 1338 urbium
1170 1283 1323 1340 exereitum

260 1389 394 1458 trahens,
429 1387 552 1462 captivis
582 1384 698 1458 aliaque
727 1384 827 1458 prada
853 1385 882 1440 in
904 1395 1005 1442 vetera
1026 1396 1124 1442 castra
1151 1388 1190 1444 ad
1215 1389 1323 1446 Uticam

261 1492 371 1562 missis,
408 1493 466 1548 iam
500 1493 530 1548 in
559 1489 766 1563 Carthaginem
798 1489 925 1546 intentus
953 1501 1079 1565 occupat
1099 1491 1235 1548 relietum
1263 1491 1324 1565 fuga

211 1606 243 1659 11
260 1597 411 1654 custodum
435 1597 562 1672 Tyneta.
610 1595 706 1652 Abest
720 1614 739 1650 a
759 1592 938 1669 Carthagine
952 1596 1116 1669 quindecim
1136 1597 1323 1655 millisferme

212 1715 398 1778 12passuum
428 1702 509 1758 locus
538 1719 626 1775 quum
649 1699 795 1774 operibus,
823 1707 884 1756 tum
912 1709 1017 1774 suapte
1043 1711 1152 1758 natura
1172 1712 1271 1770 tutus,
1302 1715 1324 1758 et

261 1808 311 1883 qui
344 1818 373 1865 et
405 1808 444 1864 ab
469 1804 648 1880 Carthagine
683 1804 810 1879 conspici
846 1815 874 1861 et
906 1807 1037 1878 prebere
1068 1807 1132 1881 ipse
1162 1809 1323 1884 conspectui

165 1913 207 1982 10
261 1912 465 1971 circumfusum
498 1930 579 1969 mare
608 1911 671 1968 urbi
698 1919 807 1984 posset.
839 1909 921 1980 Inde,
950 1928 1038 1983 quum
1068 1913 1199 1970 maxime
1222 1915 1321 1972 vallum

260 2019 386 2077 Romani
406 2019 543 2087 iacerent,
567 2026 724 2090 conspecta
746 2014 846 2072 classis
869 2015 996 2071 hostium
1019 2027 1063 2073 est
1084 2017 1205 2076 Uticam
1223 2039 1243 2076 a
1257 2018 1321 2076 Car·

230 2123 377 2200 2thagine
401 2132 511 2199 petens.
560 2121 655 2195 Igitur
678 2119 787 2176 omisso
809 2138 897 2194 opere
912 2122 1129 2195 pronuntiatum
1147 2124 1212 2190 iter,
1234 2126 1322 2200 sigua·

261 2250 317 2305 que
337 2229 443 2304 raptim
466 2227 536 2284 ferri
557 2235 624 2282 sunt
646 2232 762 2299 coepta,
794 2243 830 2280 ne
850 2242 941 2281 naves
969 2225 998 2280 in
1021 2235 1129 2284 terram
1152 2239 1184 2285 et
1204 2231 1324 2287 obsidio·

260 2355 325 2392 nem
352 2351 444 2390 versae
482 2353 516 2391 ae
550 2331 668 2388 minime
706 2329 805 2385 navali
843 2330 946 2404 proelio
979 2340 1055 2406 eptae
1091 2335 1323 2408 opprimerentur.

230 2439 319 2513 3Qui
352 2438 427 2495 enim
461 2436 633 2495 restitissent
666 2433 734 2508 agili
771 2443 800 2490 et
831 2434 948 2491 nautico
981 2435 1175 2496 instrumento
1206 2451 1322 2516 aptast

261 2553 381 2603 armatae
411 2543 498 2602 classi
522 2559 612 2599 naves
634 2547 779 2596 tormenta
802 2539 1009 2614 machinaeque
1040 2553 1193 2616 portantes
1223 2558 1253 2603 et
1282 2561 1322 2603 aut

260 2651 288 2707 in
321 2651 519 2708 onerariarum
548 2664 632 2703 usum
663 2661 755 2700 versae
777 2653 828 2700 aut
858 2644 900 2700 ita
928 2647 1057 2720 appulsae
1080 2651 1188 2721 muris,
1225 2663 1257 2710 ut
1277 2671 1322 2726 pro

230 2766 246 2818 4
261 2773 367 2830 aggere
382 2773 417 2810 ac
439 2754 575 2830 pontibus
590 2751 721 2826 praebere
740 2749 896 2806 adscensus
911 2751 1051 2824 possent?
1100 2755 1208 2830 Itaque
1223 2757 1321 2832 Scipio.

260 2870 362 2918 contra
382 2879 470 2934 qnam
489 2860 519 2915 in
541 2855 639 2914 navali
660 2854 821 2912 certamine
843 2853 925 2925 solet,
947 2857 1089 2928 rostratis,
1113 2878 1180 2933 qnae
1197 2862 1320 2937 praesidio

261 2965 325 3022 aliis
347 2983 410 3022 esse
431 2972 575 3038 poterant,
597 2961 627 3017 in
650 2969 828 3034 postremam
852 2959 942 3016 aciem
959 2963 1083 3037 receptis
1102 2982 1199 3040 prope
1214 2978 1319 3024 terram

230 3069 457 3133 5onerariarum
482 3066 699 3143 quadruplicem
728 3064 857 3122 ordinem
881 3083 935 3138 pro
956 3085 1037 3123 muro
1056 3069 1201 3127 adversus
1218 3073 1315 3128 hostem

259 3174 416 3249 opposuit,
439 3193 548 3248 easque
570 3173 668 3246 ipsas,
692 3188 728 3226 ne
751 3170 780 3226 in
805 3170 928 3227 tumultu
951 3190 1057 3246 pugnae
1078 3177 1194 3233 turbari
1216 3179 1315 3235 ordines

259 3290 395 3354 possent,
435 3278 518 3335 malis
552 3275 745 3348 antennisque
780 3275 816 3330 de
845 3293 921 3332 nave
948 3276 977 3332 in
1009 3296 1115 3335 navem
1145 3283 1272 3340 traiectis
1291 3299 1316 3336 ac

260 3384 364 3441 validis
393 3382 510 3441 funibus
539 3382 618 3438 velut
646 3398 703 3436 uno
733 3380 809 3436 inter
835 3399 867 3436 se
887 3381 1003 3438 vinculo
1030 3382 1150 3458 illigatis
1179 3405 1315 3463 compren-

231 3489 318 3559 odit,
340 3489 515 3562 tabulasque
536 3486 767 3562 superinstravit,
790 3495 822 3542 ut
842 3486 935 3560 pervii
957 3487 1072 3544 ordines
1094 3503 1203 3562 essent,
1226 3505 1254 3550 et
1275 3493 1315 3549 sub

260 3593 331 3668 ipsis
358 3595 494 3668 pontibus
523 3591 677 3650 intervalla
712 3589 800 3660 fecit,
833 3609 891 3664 qua
923 3610 1094 3665 procurrere
1127 3597 1316 3670 speculatoria

231 3704 351 3757 laeves
381 3699 412 3754 in
443 3700 555 3755 hostem
589 3715 624 3753 ac
653 3704 715 3752 tuto
753 3695 843 3770 recipi
875 3707 1002 3770 possent.
1051 3698 1108 3756 llis
1133 3703 1243 3776 raptim
1275 3719 1316 3778 pro

260 3812 391 3878 tempore
412 3803 576 3872 instructis,
598 3802 676 3858 mille
694 3800 786 3858 ferme
807 3801 911 3859 delecti
931 3813 1168 3878 propugnatores
1191 3807 1317 3864 onerariis

260 3907 460 3982 imponuntur3
498 3908 621 3964 telorum
652 3905 820 3974 missilium,
855 3916 887 3963 ut
909 3908 1042 3980 quamvis
1065 3909 1157 3986 longo
1180 3911 1317 3970 certamini

230 4009 439 4078 Ssufficerent,
471 4010 515 4066 vis
549 4011 650 4084 ingens
685 4011 861 4084 congeritur.
907 4013 954 4068 Ita
986 4013 1084 4087 parati
1112 4025 1205 4090 atque
1230 4017 1317 4074 intenti
