2680 4546
349 241 427 290 arser
443 240 543 290 xxm.
580 240 627 304 (a.
646 239 694 291 cu.
709 244 781 302 210.)
1012 249 1048 302 37

26 417 63 476 Ea
93 439 148 477 vos
181 433 254 481 rata
282 421 438 494 habeatis,
457 432 555 499 patres
586 427 758 500 conscripti,
786 445 891 496 necne,
927 427 1019 502 magis
1051 430 1093 485 rei
1111 431 1145 483 10

25 525 137 598 publicae
160 528 288 585 interest
310 548 398 603 quam
421 547 495 586 mea.
555 529 670 605 Quippe
693 550 759 587 mea
787 531 859 588 fides
881 532 1014 600 exsoluta
1036 543 1093 602 est;

24 631 52 687 ad
73 650 133 688 rem
158 635 312 708 publicam
334 635 471 709 pertinet,
502 653 538 691 ne
568 645 635 692 acta
663 655 729 692 mea
748 637 937 694 rescindendo
960 637 1033 694 alios
1064 638 1093 693 in

23 747 164 810 posterum
191 741 343 814 segniores
373 741 460 798 duces
481 739 605 798 faciatis.
649 742 690 798 Et
709 742 845 816 quoniam
868 761 967 800 coram
995 751 1024 799 et
1046 742 1093 800 Si·
1110 745 1142 797 ll

23 841 144 898 culorum
172 853 206 900 et
228 864 295 902 mea
316 847 407 902 verbs
428 846 557 910 audistis,
579 855 678 921 patres
693 847 856 922 conscripti,
879 848 964 904 simul
984 848 1093 922 templo

22 947 205 1018 excedemus,
229 957 260 1005 ut
282 967 328 1005 me
344 951 462 1008 absente
483 951 600 1009 liberius
616 951 726 1008 consuli
748 961 865 1008 senatus
887 953 1008 1028 possit.“
1045 953 1093 1009 Ita

22 1049 123 1108 dimissi
155 1053 252 1112 Siculi
290 1064 319 1111 et
354 1056 416 1130 ipse
449 1057 479 1113 in
509 1055 683 1131 Capitolium
719 1058 756 1113 ad
786 1057 920 1114 dilectum
951 1057 1091 1119 discessit.

20 1152 122 1212 Consul
152 1158 234 1215 alter
264 1159 300 1215 de
328 1160 481 1235 postulatis
511 1162 673 1220 Siculorum
706 1163 744 1219 ad
771 1172 869 1236 patres
897 1164 1002 1224 retulit.
1046 1165 1091 1222 Ibi
1144 1161 1188 1230 32

21 1279 101 1332 quum
128 1263 184 1320 diu
216 1263 365 1320 sententiis
385 1274 526 1324 certatum
554 1277 643 1338 esset,
674 1276 703 1324 et
731 1285 836 1343 magna
866 1286 935 1342 pars
965 1277 1092 1340 senatus,

20 1366 144 1442 principe
181 1370 245 1425 eius
275 1371 422 1427 sententiae
450 1373 487 1428 Τ.
513 1372 623 1430 Manlio
652 1373 822 1447 Torquato,
863 1391 927 1430 cum
962 1369 1122 1449 tyrannisl

21 1472 119 1528 bellum
146 1476 311 1548 gerendum
334 1474 424 1532 fuisse
445 1487 610 1547 censerent,
636 1476 767 1535 hostibus
792 1487 820 1535 et
842 1478 1091 1554 Syracusanorum

21 1585 44 1631 et
68 1580 176 1653 populi
206 1581 350 1649 Romani,
380 1590 409 1638 et
437 1582 537 1638 urbem
567 1583 666 1658 recipi,
694 1601 752 1639 nou
780 1583 863 1658 capi,
896 1593 924 1640 et
946 1595 1090 1659 receptam

21 1679 126 1754 legibus
161 1686 293 1760 antiquis
323 1695 352 1742 et
380 1685 514 1743 libertate
541 1688 677 1748 stabiliri,
705 1705 763 1744 non
790 1688 897 1746 fessam
927 1691 1092 1746 miseranda

22 1788 156 1847 servitute
191 1791 269 1847 bello
302 1790 410 1867 affligi3
451 1793 526 1848 inter
562 1801 751 1868 tyrannorum
787 1803 816 1849 et
850 1794 930 1850 ducis
965 1794 1121 1852 Romani3

22 1895 180 1952 certamina
202 1895 352 1970 praemium
380 1897 498 1954 victoris
513 1897 542 1953 iu
557 1899 652 1954 medio
667 1897 793 1973 positam
810 1899 909 1954 urbem
932 1898 1091 1972 pulcherri-

24 1997 146 2058 mam'ao
161 2000 374 2057 nobilissimam
391 2002 509 2077 perisse,
531 2005 666 2061 borreum
694 2011 782 2076 atque
795 2002 927 2059 aerarium
944 2004 1091 2077 quondam

24 2104 116 2176 populi
131 2105 273 2175 Romani,
295 2107 375 2163 cuius
390 2107 583 2165 munificentia
604 2125 638 2164 ac
654 2108 737 2164 donis
752 2108 848 2164 multis
864 2109 1092 2182 tempestatibus,

25 2205 73 2263 hoe
94 2210 224 2285 denique
250 2209 315 2284 ipso
344 2211 456 2269 Punico
487 2213 563 2271 bello
591 2213 691 2270 adiuta
713 2223 875 2288 ornataque
904 2231 951 2271 res
974 2213 1092 2289 publica

25 2323 105 2384 esset3
147 2317 173 2372 si
210 2316 248 2372 ab
284 2301 393 2373 inferis
416 2318 539 2375 exsistat
567 2339 620 2376 rex
648 2319 756 2388 Hiero,
794 2319 949 2376 fidissimus
977 2319 1121 2393 imperiii

27 2415 146 2478 Romani
168 2421 272 2490 cultor,
297 2439 355 2494 quo
379 2441 430 2479 ore
454 2433 505 2479 aut
527 2423 689 2498 Syracusas
710 2431 761 2480 aut
782 2425 907 2480 Romam
929 2425 955 2480 ei
979 2423 1091 2481 ostendi

26 2537 113 2594 posse,
136 2545 246 2600 quum,
276 2525 326 2583 ubi
348 2527 515 2584 semirutam
540 2547 575 2584 ac
598 2530 752 2603 spoliatam
775 2530 899 2604 patriam
921 2529 1091 2602 respexerit,

28 2622 185 2699 ingrediens
208 2633 333 2689 Romam
355 2633 384 2690 in
406 2634 550 2691 vestibulo
572 2635 671 2702 urbis,
700 2652 793 2709 prope
814 2634 843 2689 in
867 2646 967 2707 porta,
997 2634 1091 2708 spolia

28 2734 120 2801 patriae
153 2753 215 2792 suae
247 2731 362 2794 uisurus
384 2738 441 2794 sit?
541 2740 603 2796 haec
624 2739 752 2813 taliaque
774 2758 861 2813 quum
886 2741 923 2796 ad
951 2740 1121 2796 invidiam5

30 2840 146 2897 consulis
176 2841 449 2917 miserationemque
477 2843 639 2902 Siculorum
666 2845 843 2912 dicerentur,
871 2843 967 2899 mitius
993 2852 1090 2899 tamen

30 2938 212 3002 decreverunt
233 2956 346 3021 patres:
386 2958 452 3005 acta
473 2949 515 3005 M.
540 2950 686 3018 Marcelli,
716 2967 780 3023 quae
809 2949 833 3004 is
860 2965 962 3023 gerens
984 2948 1121 3006 bellum6

30 3044 172 3124 victorque
188 3051 303 3125 egisset,
324 3061 390 3108 rats
403 3054 539 3111 habenda
560 3073 637 3123 esse3
661 3055 690 3110 in
716 3054 857 3128 reliquum
882 3073 957 3111 curae
978 3054 1091 3110 senatui

30 3145 84 3207 lore
112 3173 176 3211 rem
206 3156 438 3230 Syracusanam,
478 3160 724 3234 mandaturosque
746 3159 857 3216 consuli
887 3159 1022 3229 Laevino,
1050 3168 1090 3226 ut,
1229 3239 1232 3243 ι

32 3259 98 3325 quod
121 3261 185 3316 sine
211 3261 324 3318 iactura
345 3261 523 3336 reipublicae
547 3265 607 3322 fieri
624 3275 730 3339 posset,
751 3263 875 3322 fortunis
891 3266 951 3321 eius
966 3263 1090 3322 civitatis
1170 3259 1172 3264 ’

33 3364 193 3423 consuleret.
238 3366 336 3422 Missis
361 3366 474 3423 duobus
496 3371 678 3427 senatoribus
706 3373 736 3426 in
759 3369 934 3444 Capitolium
962 3369 999 3424 ad
1021 3375 1119 3427 con-7

33 3467 128 3538 sulem,
157 3470 200 3527 uti
228 3471 335 3528 rediret
363 3473 392 3528 in
419 3474 543 3544 curiam,
575 3487 603 3532 et
629 3476 799 3532 introductis
824 3472 943 3539 Siculis,
973 3483 1089 3529 senatus

35 3576 185 3632 consultum
206 3575 356 3633 recitatum
380 3587 437 3646 est3
458 3578 605 3654 legatique
626 3583 749 3656 benigne
771 3579 908 3655 appellati
923 3597 958 3634 ac
980 3578 1121 3638 dimissi8

35 3677 65 3731 td
92 3699 188 3755 genua
221 3699 252 3738 se
288 3681 419 3740 Marcelli
453 3683 578 3740 consulis
606 3685 789 3759 proiecerunt
817 3687 1016 3754 obsecrantes,
1050 3695 1090 3755 ut,

37 3797 88 3852 qua
126 3787 312 3862 deplorandae
352 3806 387 3845 ac
427 3788 558 3845 levandae
596 3790 769 3846 calamitatis
816 3808 905 3848 causa
940 3790 1090 3852 dixissent,

36 3892 136 3949 veniam
169 3893 212 3948 eis
246 3893 343 3963 daret,
375 3902 404 3950 et
431 3893 461 3949 iu
494 3894 579 3952 fidem
614 3894 835 3968 clientelamque
866 3913 897 3950 se
931 3896 1090 3967 urbemque
