2700 4426
440 197 521 248 aaa
537 199 624 250 xxv.
660 195 859 262 (asana)
1074 193 1133 251 231

111 379 240 438 venandi
271 381 343 438 urbe
374 382 483 456 egressi
505 382 543 439 ad
571 400 637 440 eum
669 381 906 457 proficiscuntur3
932 388 962 436 et
988 393 1076 449 quum
1098 375 1207 432 haud5

112 485 217 561 procul
238 468 340 543 destris
362 487 512 558 abessent,
544 488 631 545 ceteri
651 487 725 544 silva
746 504 839 561 prope
859 485 937 542 viam
960 500 1023 540 sese
1045 481 1177 540 occulue-

77 594 82 604 '
110 599 190 661 runt,
211 591 288 648 Nico
311 600 339 649 et
360 593 556 663 Philemenus,
577 591 723 668 progressi
745 591 783 648 ad
803 589 942 648 stationes
964 588 1176 663 comprehensi·
1259 665 1262 673 Ι

111 713 185 770 que,
217 696 294 752 ultro
325 697 354 753 id
383 705 528 771 petentes,
560 698 598 755 ad
628 696 823 755 Hannibalem
852 693 967 752 deducti
998 701 1074 751 sunt.
1119 692 1207 766 Quid

111 817 203 874 quum
233 809 262 857 et
283 819 388 858 causas
416 802 528 859 consilii
549 802 594 859 sui
623 812 660 872 et,
693 803 762 876 quid
791 810 937 878 pararent,
966 798 1176 873 exposuissent,

110 904 272 962 collaudati
294 906 464 982 oneratique
485 906 635 981 promissis
656 906 801 977 iubentur,
830 915 862 962 ut
880 905 964 962 fidem
987 903 1176 979 popularibus

113 1008 258 1081 iacerent,
291 1013 440 1086 praedandi
468 996 559 1069 caiisa
587 1029 619 1068 se
652 1013 724 1068 urbe
752 1027 894 1086 egressos,
923 1027 1030 1084 pecora
1052 1007 1175 1066 Cartha·

111 1114 300 1188 gislandum,
333 1136 397 1190 quae
429 1127 544 1192 pastum
572 1116 712 1190 propulsa
734 1123 846 1185 essent,
878 1114 916 1171 ad
949 1115 1048 1170 urbem
1073 1131 1176 1188 agere3

89 1299 92 1304 ι
110 1228 176 1275 tuto
199 1238 234 1276 ao
254 1221 317 1277 sine
338 1222 494 1279 certamine
516 1222 546 1285 H
567 1219 696 1278 facturos
715 1220 888 1296 promissum
911 1227 963 1278 est.
1012 1217 1206 1293 Conspecta7

109 1342 149 1381 ea
178 1325 278 1400 prada
304 1327 438 1385 iuvenum
462 1335 520 1396 est,
551 1325 703 1399 minusque
731 1325 835 1382 iterum
866 1343 901 1382 ao
935 1323 1039 1398 saepius
1068 1323 1097 1379 id
1126 1322 1176 1380 ¹eos

110 1431 221 1488 audere
248 1432 387 1488 miraculo
415 1431 479 1491 fuit.
522 1429 677 1504 Congressi
705 1448 770 1486 cum
798 1429 965 1486 Hannibale
991 1447 1090 1485 rursus
1119 1427 1207 1485 fides

109 1522 285 1606 senserunt,
314 1535 421 1593 liberos
450 1534 627 1593 Tarentinos
654 1534 733 1609 leges
760 1553 871 1608 suaque
901 1534 1000 1591 omnia
1025 1533 1176 1590 habituros

110 1657 207 1713 neque
231 1641 318 1697 ullum
340 1635 465 1715 vectigal
488 1643 580 1697 Poeno
609 1658 750 1715 pensuros
772 1639 976 1714 praesidiumve
1002 1638 1108 1694 invitos
1130 1656 1176 1694 re-

108 1753 261 1819 cepturos3
290 1745 412 1821 praebita
440 1744 574 1819 praesidio
596 1742 877 1818 Carthaginiensium
905 1742 979 1800 fore.
1027 1743 1099 1799 Haeo
1126 1742 1206 1800 ubis

108 1858 316 1920 convenerunt,
337 1859 405 1906 tunc
428 1868 496 1906 vero
519 1848 705 1906 Philemenus
727 1848 962 1905 consuetudinem
985 1854 1071 1903 nocte
1092 1864 1176 1920 egre-

64 2003 68 2013 .
108 1951 210 2009 diondi
239 1954 435 2028 redeundique
461 1955 489 2011 in
520 1955 619 2010 urbem
647 1952 872 2031 frequentiorem
895 1951 1000 2009 facere
1053 1950 1093 2006 Et
1114 1958 1177 2005 erat

108 2059 237 2115 venandi
268 2059 364 2114 studio
392 2032 528 2132 insignis,
560 2076 704 2132 canesque
733 2067 762 2114 et
783 2058 857 2114 alius
884 2063 1043 2132 apparatus
1073 2072 1176 2127 seque·

108 2161 206 2231 batur,
229 2171 403 2237 captamque
430 2161 521 2219 ferme
548 2146 658 2237 aliquid
687 2171 738 2219 aut
766 2165 803 2221 ab
831 2165 914 2220 hoste
944 2181 980 2218 ex
1010 2162 1175 2234 praeparato
1192 2158 1230 2213 to

108 2265 230 2323 allatum
263 2277 416 2341 reportans
447 2269 577 2325 donabat·
604 2277 655 2324 aut
675 2268 812 2343 praefecto
840 2278 891 2325 aut
919 2265 1086 2325 custodibus
1108 2283 1175 2339 por-

107 2379 221 2440 tarum3
250 2382 335 2427 nocta
358 2373 485 2429 maxime
512 2391 675 2429 commeare
697 2383 817 2447 propter
838 2382 944 2429 metum
966 2370 1091 2427 hostium
1114 2388 1175 2426 ore-

107 2474 228 2534 debant.
272 2475 332 2533 Ubi
353 2476 410 2531 iam
434 2496 469 2533 eo
491 2477 704 2534 consuetudinis
733 2477 860 2534 adducta
881 2494 927 2533 res
951 2485 1010 2545 est,
1032 2482 1073 2543 ut,
1103 2493 1174 2548 quo·
1191 2469 1225 2524 ll

107 2597 225 2653 cunque
246 2582 339 2637 noctis
360 2592 491 2656 tempore
512 2581 596 2639 sibilo
618 2572 744 2656 dedisset
765 2584 888 2658 signum,
906 2590 992 2657 porta
1007 2579 1176 2655 aperiretur,

109 2692 226 2759 tempus
249 2686 369 2758 agendae
390 2686 431 2741 rei
446 2685 606 2742 Hannibali
626 2687 720 2744 visum
744 2697 796 2744 est.
840 2687 944 2743 Tridui
960 2686 1038 2740 viam
1061 2678 1227 2753 eberat312

109 2789 171 2857 ubi,
193 2808 251 2864 quo
273 2791 366 2846 minus
394 2791 497 2846 mirum
521 2800 596 2848 esset
625 2811 683 2848 uno
709 2792 869 2864 eodemque
890 2791 955 2847 loco
976 2789 1084 2845 stativa
1111 2807 1176 2844 eum

108 2903 172 2951 tam
196 2895 244 2950 diu
267 2896 384 2964 habere,
408 2913 515 2968 aegrum
539 2897 704 2953 simulabat.
747 2896 888 2955 Romanis
912 2913 1042 2970 quoque,
1076 2895 1125 2967 qui
1145 2895 1176 2950 in
1192 2889 1227 2944 13

108 2999 246 3074 praesidio
268 2999 389 3056 Tarenti
415 3010 512 3069 erant,
544 3013 679 3077 suspecta
708 3021 771 3060 esse
802 3010 861 3058 tam
890 2999 986 3074 segnis
1009 3018 1093 3056 mora
1114 2999 1175 3055 eius

108 3101 246 3159 desierat.
293 3101 438 3174 Ceterum,
459 3114 615 3179 postquam
641 3110 800 3166 Tarentum
822 3107 865 3163 ire
893 3102 1055 3173 constituit,
1076 3103 1174 3159 decem
1249 3095 1271 3164 il

109 3205 239 3264 millibus
264 3209 392 3282 peditum
424 3218 512 3284 atque
542 3211 685 3284 equitum,
721 3229 795 3286 quos
817 3209 994 3285 expeditioni
1022 3208 1177 3266 velocitate

109 3327 267 3385 corporum
290 3331 325 3370 ao
348 3313 466 3370 levitate
490 3334 637 3409 qrmorum
660 3315 826 3392 aptissimos
841 3333 905 3372 esse
926 3323 1007 3371 ratus
1029 3322 1081 3383 est,
1103 3312 1177 3368 elee-

110 3414 159 3484 tis,
180 3424 286 3488 quarta
307 3417 407 3492 vigilia
428 3419 520 3476 noctis
546 3420 631 3494 signa
652 3421 760 3491 movit,
790 3419 1003 3495 praemissisque
1028 3416 1206 3493 octoginta2

108 3516 174 3576 fere
202 3515 338 3578 Numidis
371 3523 515 3597 equitibus
539 3525 695 3599 praecepit,
725 3534 758 3582 ut
788 3525 981 3580 discurrerent
1007 3523 1085 3580 cirea
1112 3523 1176 3580 vias

110 3623 378 3701 perlustrarentque
402 3628 501 3685 omnia
522 3628 628 3700 oeulis,
651 3649 688 3686 ne
710 3631 774 3704 quis
795 3628 951 3703 agrestium
973 3628 1074 3702 procul
1094 3647 1176 3703 speo-

109 3736 192 3785 tat-or
213 3731 336 3804 agminis
357 3731 486 3801 falleret3
513 3750 689 3808 praegressos
710 3734 899 3802 retraherent,
931 3731 1034 3788 obvios
1064 3733 1206 3792 occide-3

108 3841 193 3905 rent,
228 3843 262 3892 ut
283 3816 460 3911 praedonum
497 3838 590 3912 magis
623 3857 711 3912 quam
744 3838 887 3896 exercitus
924 3835 1031 3894 accolis
1066 3838 1177 3912 speeies

108 3947 197 3995 osset
249 3940 319 4016 Ipse
339 3940 445 4015 raptim
478 3941 595 4015 agmine
626 3952 703 4014 aeto,
738 3941 900 4018 quindecim
933 3939 1024 3999 ferme
1056 3941 1176 4000 millium
