2700 4426
372 198 377 252 ἰ
462 215 642 267 urnsrxxv.
678 215 727 280 (A.
740 214 872 282 enni.)
1097 222 1157 279 scs

75 467 87 479 Ι
134 397 277 453 hesternus
298 398 456 472 eruptionis
477 398 559 457 fame
581 400 727 457 contemni
747 402 933 475 desierimus,
961 403 1126 477 ¹periculum
1148 413 1200 473 est,

135 520 172 557 ne
207 519 308 560 omnes
344 503 445 572 duces,
482 522 582 562 ornnes
619 505 711 579 copies
746 508 928 563 convenient.
986 509 1061 564 Tres
1097 507 1222 581 deinde

135 608 238 677 duces,
270 617 328 666 tres
357 608 500 665 exercitus
521 610 726 667 sustinebimus
744 612 888 681 hostium,
917 629 991 686 qnos
1023 610 1076 671 Cn.
1100 612 1199 688 Scipio

133 713 272 771 incolumi
293 712 421 771 exercitu
442 702 504 770 non
527 714 681 772 sustinuit?
710 717 752 775 Ut
780 716 935 773 dividendo
966 717 1070 791 copias
1088 719 1200 792 periere
1213 723 1247 778 21
1334 724 1345 793 ,

134 821 223 877 duces
245 818 353 887 nostri,
381 819 423 876 ite
444 819 601 894 seperatim
631 839 666 877 oc
694 821 779 878 divisi
801 821 925 896 opprimi
949 833 1073 896 possunt
1092 824 1199 885 hostes.
1284 872 1285 899 3

89 987 92 996 ,
136 925 206 982 Alia
229 925 298 983 beili
319 923 438 1000 gerendi
459 925 508 980 via
528 925 609 982 nullu
630 936 680 986 est.
730 927 858 983 Proinde
878 927 950 983 nihil
975 936 1080 1001 preter
1107 928 1199 986 noctis
1283 908 1284 915 ἵ

135 1032 277 1106 proximus
302 1030 546 1106 opportunitatem
576 1041 787 1107 exspectemus.
835 1032 880 1088 Ite
901 1032 963 1089 deis
983 1034 1057 1090 bene
1074 1033 1198 1090 iuventi-
1212 1038 1249 1092 22

135 1137 198 1205 bns,
221 1154 346 1210 corpore
368 1145 481 1205 curate,
512 1146 544 1192 ut
569 1137 674 1212 integri
703 1138 891 1212 vigentesque
919 1138 1021 1194 eodem
1049 1138 1146 1195 animo
1169 1141 1198 1196 in

128 1250 235 1297 uanus
257 1240 383 1297 hostium
408 1241 586 1315 inrumpatis,
611 1259 669 1315 quo
689 1240 788 1298 vestro
802 1242 894 1298 'tutati
915 1243 1013 1302 estis.“

219 1345 293 1402 Laeti
315 1354 343 1402 et
364 1346 481 1403 audiere
503 1348 541 1403 ub
562 1365 640 1404 novo
662 1347 864 1405 ducenorum
897 1348 1062 1417 consilium,
1090 1356 1119 1405 et
1140 1367 1198 1423 qno
1212 1353 1250 1407 23

134 1448 285 1524 audacius
303 1456 381 1520 erut,
414 1451 508 1526 magis
537 1453 681 1526 placebat.
737 1452 892 1526 Reliquum
922 1451 980 1509 diei
1012 1453 1199 1527 expediendis

135 1555 225 1611 armis
257 1565 285 1612 et
317 1556 465 1612 curatione
498 1575 653 1632 corporum
686 1566 904 1633 consumptum,
939 1568 968 1616 et
1001 1559 1095 1615 maior
1130 1577 1198 1635 pers
1251 1556 1255 1561 ’

135 1661 229 1718 noetis
251 1661 341 1735 quieti
362 1661 433 1718 datu
453 1671 506 1718 est.
554 1642 675 1736 Quurte¹
693 1663 794 1738 vigilia
826 1667 953 1724 movere.
1002 1664 1097 1720 Erant
1122 1663 1199 1744 ultre
1248 1661 1293 1730 39

69 1784 72 1788 ·
134 1766 270 1842 proxima
303 1776 400 1824 costra
431 1786 483 1824 sex
509 1767 629 1824 millium
662 1769 816 1826 intervallo
845 1769 986 1826 distantes
1015 1769 1079 1825 nliae
1107 1769 1199 1844 copiae

135 1873 303 1930 Poenorum.
347 1872 441 1929 Vallis
457 1890 530 1928 ouva
544 1873 691 1942 intererat,
713 1874 860 1932 condense
881 1875 1047 1944 arboribum
1069 1876 1099 1930 in
1114 1875 1199 1931 huius
1221 1912 1227 1986 p

134 1978 216 2035 silvae
237 1978 334 2035 medio
355 1978 447 2036 ferme
469 1966 564 2052 spatio
585 1980 692 2035 cohors
714 1980 850 2036 Romanu
872 1989 934 2037 arte
948 1980 1061 2036 Punica
1083 1980 1200 2037 abditur
1224 1990 1227 2043 ξ
1298 1965 1311 1997 r

134 2066 165 2139 et
184 2083 303 2158 equites.
352 2084 400 2140 Itu
420 2082 517 2139 medio
543 2083 645 2140 itinero
670 2083 842 2159 intercepto,
864 2095 966 2142 osterse
994 2083 1085 2158 copiae
1106 2084 1230 2144 silenti2

135 2189 251 2264 agmine
275 2188 312 2245 ud
334 2188 484 2263 proximos
504 2189 603 2244 hostes
625 2189 732 2258 ductae,
756 2197 793 2259 et,
820 2207 908 2264 quum
936 2189 1023 2246 statio
1045 2190 1125 2246 nullu
1145 2209 1199 2265 pro

134 2294 227 2369 portis
259 2312 354 2368 neque
376 2293 404 2350 in
435 2293 514 2350 vallo
537 2295 675 2351 custodias
705 2304 816 2363 essent,
848 2295 927 2351 velut
954 2295 983 2352 in
1012 2314 1067 2352 suu
1093 2304 1199 2366 cestre,

135 2398 215 2457 nullo
236 2418 360 2474 usquam
387 2398 560 2468 obsistente,
588 2406 788 2472 penetravere.
843 2400 916 2456 Inde
937 2402 1029 2481 signu¹
1043 2410 1150 2458 canunt
1171 2404 1230 2459 et3

72 2576 79 2585 .
134 2505 246 2562 tollitur
267 2505 385 2564 clamor.
429 2506 504 2561 Pars
533 2503 724 2559 semisomnos
751 2504 849 2561 hostes
870 2507 991 2576 caedunt,
1018 2524 1087 2580 purs
1118 2507 1199 2581 ignes

135 2612 211 2669 cusis
231 2619 389 2669 stramento
418 2610 500 2666 arido
527 2609 609 2666 tectis
638 2608 782 2678 iniieiunt,
813 2627 883 2683 pars
913 2619 1013 2685 portus
1045 2622 1199 2686 occupant,

134 2726 167 2772 ut
195 2715 295 2791 fugem
324 2715 526 2773 intercludunt.
573 2715 684 2770 Hostes
713 2715 798 2771 simul
827 2714 916 2788 ignis,
938 2716 1065 2786 elamor,
1097 2717 1229 2787 creduut

134 2820 215 2878 velut
234 2821 375 2879 alienatus
400 2822 545 2893 sensibus,
576 2839 631 2876 nec
658 2820 759 2876 audire
782 2839 836 2876 nec
865 2821 1019 2896 providere
1042 2822 1197 2896 quicquam

134 2925 240 2983 sinunt.
293 2927 427 2984 Incidunt
459 2926 585 2983 inermes
619 2927 695 2982 inter
729 2935 861 2982 catervas
897 2937 1084 2986 armatorum.
1137 2928 1229 2989 Alii5

135 3025 223 3087 ruunt
237 3031 277 3088 ed
297 3042 409 3107 portas,
431 3032 491 3103 elii,
513 3031 649 3106 obsaeptis
672 3031 832 3102 itineribus,
853 3051 941 3107 super
961 3032 1069 3089 vellum
1092 3033 1200 3091 saliunt

134 3145 172 3205 ot,
194 3147 226 3193 nt
248 3139 371 3214 quisque
392 3145 535 3208 evaserat,
556 3138 688 3213 protinus
709 3138 747 3193 ad
768 3147 864 3194 costra
889 3137 981 3194 altere
1003 3138 1127 3214 fugiunt,
1149 3138 1229 3197 ubis

135 3242 173 3296 ab
194 3243 316 3300 cohorte
338 3253 367 3300 et
388 3244 532 3318 equitibus
554 3262 592 3300 ex
613 3243 727 3300 occulto
755 3244 990 3319 procurrentibus
1012 3244 1199 3301 circumventi

81 3364 110 3407 .·
133 3348 258 3422 caesique
280 3349 318 3405 ed
335 3368 424 3406 unum
446 3368 546 3406 omnes
572 3357 651 3420 sunt3
681 3368 857 3424 quanquam,
884 3350 997 3407 etiarnsi
1019 3350 1083 3423 quis
1104 3369 1143 3407 ex
1163 3355 1228 3407 eu?

133 3454 213 3510 caede
236 3453 398 3530 effugisset,
427 3455 499 3513 odeo
530 3456 636 3531 ruptim
668 3474 687 3512 u
718 3457 810 3531 captis
831 3456 1016 3531 propioribus
1046 3455 1147 3512 castris
1168 3456 1198 3511 in

134 3559 228 3617 alteru
248 3569 446 3619 transcursum
469 3571 567 3618 eastre
588 3562 625 3618 ub
647 3563 790 3619 Romanis
811 3571 869 3632 est,
890 3569 922 3617 ut
943 3560 1102 3635 praevenire
1123 3578 1198 3616 nun-

133 3658 193 3721 tius
213 3666 303 3723 cludis
323 3685 381 3724 non
406 3676 514 3742 posset.
563 3669 610 3725 Ibi
632 3687 712 3740 vero,
734 3686 791 3742 quo
814 3666 930 3741 longius
957 3666 995 3722 ab
1016 3666 1101 3722 hoste
1130 3667 1230 3723 ebe-8

132 3781 209 3842 runt,
231 3779 260 3828 et
283 3772 353 3846 quie
373 3773 427 3829 sub
448 3772 541 3830 lucem
562 3774 733 3850 pabulatum
760 3773 960 3847 lignatumque
989 3755 1019 3828 et
1037 3771 1197 3846 praedatum

135 3874 253 3948 quidam
285 3876 391 3952 dilapsi
416 3877 550 3948 fuerent,
581 3879 714 3954 neglecta
743 3877 837 3952 magis
859 3877 958 3933 omnis
980 3895 1015 3933 ec
1037 3877 1135 3932 solutu
1154 3876 1198 3931 in·

133 3996 249 4052 venere,
261 3998 355 4049 ¹crtus
374 3992 486 4045 tantum
506 3983 536 4042 in
558 3985 731 4042 stationibus
745 3983 852 4058 posits,
874 3982 979 4040 milites
1001 3982 1126 4039 inermes
1148 3990 1199 4037 unt
