2812 4556
626 307 646 349 V

161 488 334 563 Exempli
354 487 698 546 Weissenborniani
720 488 913 565 scripturas
934 509 953 548 a
974 495 1101 548 nostro

503 593 776 672 discrepantes:

183 737 244 804 blb.
277 737 342 799 IIl·
395 735 467 811 cap.
488 737 536 806 11,
567 739 584 794 2
619 738 668 811 qui
689 736 865 796 Hannibalis
887 737 943 811 (ed.
964 737 1050 797 Irini.
1074 739 1167 814 1535)

89 820 160 890 III,
189 823 200 876 1
224 819 294 894 quin
326 820 549 895 praerogativam
583 819 745 890 militarem,
758 865 766 880 .
780 863 808 882 ..
843 829 922 892 erat,
956 819 1043 880 favor
1074 822 1167 897 plebis

86 915 272 976 sequeretur
309 907 367 959 eine
406 912 471 958 nota
508 900 583 975 (Mo
601 905 656 958 arisi
676 903 751 977 quod
772 921 860 976 qnam
893 904 1053 980 extemplo;
1086 908 1167 962 etiam

90 1003 168 1045 rece.
199 986 281 1042 codd.
308 989 371 1058 fere
401 982 598 1060 sequebatur.)
646 985 691 1055 V,
723 989 740 1044 6
774 985 952 1058 (Arbocala,¹
968 1005 1069 1044 eorum
1100 988 1165 1048 urb.

89 1068 148 1125 fit.
173 1067 324 1133 Sanetus,-
345 1068 406 1127 cod.
433 1067 462 1127 O.
484 1067 634 1125 Arbocala
658 1076 739 1125 carta
761 1087 861 1125 eorum
883 1069 984 1138 urbes,
1006 1070 1047 1125 M
1063 1079 1166 1128 cartoe·

87 1170 160 1207 rum
173 1153 288 1208 urbem.
307 1149 449 1206 Drabenb.
461 1149 611 1207 Arbocala
622 1152 720 1224 urbes)
740 1154 774 1208 10
789 1150 968 1225 (impeditum
979 1152 1167 1225 Heerwayen3

87 1235 192 1292 codd·
215 1233 355 1308 peditum.
414 1231 506 1288 Drab.
537 1233 727 1289 adorirentur.
786 1233 921 1291 Peditum
954 1253 1059 1308 agmen
1092 1235 1110 1292 i.
1133 1255 1167 1305 rt,

88 1316 272 1390 elephantos
305 1324 372 1372 ante
394 1314 589 1389 quadraginta
620 1314 774 1390 disposuit)
811 1318 847 1372 16
880 1317 910 1388 (a
933 1326 1013 1372 tanto
1045 1317 1166 1388 Heerw,

88 1400 181 1455 codd.
214 1407 306 1455 tanto.
354 1397 447 1454 Drale.
472 1417 508 1454 ex
530 1398 623 1471 tanto)
660 1398 722 1467 VI,
757 1402 767 1455 1
797 1397 864 1455 belli
892 1416 981 1456 causa
1008 1399 1167 1457 certamina

86 1479 283 1555 (intepescit
305 1481 366 1552 My.
388 1480 453 1535 Eos.
476 1481 547 1552 210)
574 1480 797 1556 bintenderant
819 1480 893 1552 (edd.
917 1481 992 1554 vett.)
1021 1481 1119 1552 VIII,
1148 1487 1166 1540 4

89 1564 187 1638 coepti
210 1563 303 1635 [sunt]
325 1581 383 1618 non
397 1560 589 1620 sufficiebant.
627 1563 726 1637 itaque
740 1562 798 1620 iam
822 1563 924 1636 (codd,
940 1564 1001 1636 My.
1016 1563 1080 1620 Ean.
1095 1562 1166 1640 ihd.)

92 1651 110 1702 7
149 1646 263 1703 conciri
296 1644 390 1701 solent
418 1643 423 1716 1
453 1644 546 1718 (codd.
577 1646 653 1720 quid.
683 1664 767 1714 rece,
800 1646 862 1704 edd.
896 1655 958 1702 vett.
983 1645 1071 1705 codd.
1093 1648 1164 1706 mell.

83 1729 237 1800 consciri)
271 1729 289 1784 9
312 1725 463 1784 confertim
486 1725 601 1803 (Gran.)
622 1729 681 1798 IX,
712 1733 729 1785 t
754 1728 921 1804 (gratificari
943 1747 1010 1803 pop.
1032 1729 1166 1787 Romano

87 1812 132 1867 A.
160 1812 253 1867 Periz.
280 1809 366 1870 Codd.
390 1819 416 1866 et
436 1809 528 1865 Drak.
551 1810 709 1884 gratificari
731 1829 785 1886 pro
808 1812 960 1883 Romanis)
983 1811 1031 1883 X,
1062 1813 1078 1868 2
1103 1811 1166 1884 (ad-

86 1911 203 1950 versus
232 1901 362 1954 senatum
387 1892 483 1949 Alsel.
509 1891 575 1951 Ood.
600 1894 638 1948 M
662 1894 935 1963 adversusenatum,
968 1892 1166 1950 Oadversum

88 1985 247 2046 senatnm3
272 1975 365 2031 urae.
387 1994 447 2031 eum
469 1975 534 2031 dett.
557 1976 681 2032 adverso
705 1976 820 2048 senatu)
840 1975 843 2050 )
862 1975 933 2048 (non
957 1993 1022 2032 cum
1046 1993 1167 2032 assensu

91 2059 176 2129 Otto,
199 2058 262 2131 My.
281 2057 368 2114 Oodd.
392 2077 444 2114 om.
466 2076 534 2117 non.
549 2058 641 2116 Deae.
665 2077 724 2114 non
746 2075 896 2114 assensum
919 2077 933 2113 e
954 2060 1021 2114 cotti.
1036 2057 1165 2132 lichenis)

88 2146 112 2198 6
137 2150 320 2216 repetuntur.
351 2140 469 2215 publica
497 2139 578 2198 fraus
611 2140 702 2197 absit!
735 2148 882 2197 auctorem
910 2138 960 2213 (A.
982 2141 1071 2199 Periz.
1097 2139 1165 2198 Con·

90 2227 235 2281 inactivus
264 2225 310 2279 ille
343 2223 419 2278 absit
441 2242 496 2297 per
525 2242 554 2280 se
581 2225 755 2297 interpositus
784 2223 827 2279 bia
853 2231 1049 2285 venerunt...
1083 2241 1165 2298 repe·

91 2317 223 2368 tunt...
252 2306 411 2380 deposcunt
427 2308 506 2378 ferri
524 2307 634 2380 nequit,·
664 2315 755 2363 rectus
776 2314 858 2376 esset,
887 2308 913 2362 si
932 2305 1033 2362 Hatrno
1055 2325 1087 2364 ee
1114 2324 1166 2362 aua

84 2409 219 2464 persona
251 2387 389 2445 dedamus
417 2407 474 2462 pro
506 2387 667 2463 deposcunt
699 2387 824 2461 diceret.)
867 2390 883 2444 9
906 2388 948 2444 dii
977 2388 1166 2461 hominesque

91 2472 177 2546 (My.
192 2471 293 2546 Opusc.
310 2471 351 2539 II,
366 2469 449 2545 360.)
483 2472 517 2527 12
534 2470 665 2545 deposcit
680 2471 756 2544 (edd.
777 2471 854 2544 vett.)
873 2468 879 2546 Ι
898 2470 1036 2528 accedere
1053 2468 1166 2547 (Groa.)

90 2556 164 2624 XI,
198 2554 282 2611 3his
315 2555 331 2608 9
356 2554 456 2626 (quam
487 2571 546 2626 qna
574 2553 671 2610 Weiss.
699 2553 724 2610 0
749 2572 808 2627 qua
833 2572 907 2627 qua,
939 2553 979 2609 M
996 2571 1082 2627 qnam
1106 2553 1166 2627 qui.

46 2667 58 2694 ι
81 2637 192 2692 ’ΒναΙα
217 2637 317 2711 quam)
338 2631 429 2704 XIII,
457 2639 467 2692 1
486 2635 639 2696 venissem.
663 2656 728 2693 cum
750 2636 799 2692 ille
821 2637 894 2709 (My.
909 2635 974 2691 Em.
996 2637 1063 2694 211.
1092 2633 1165 2704 Quo-

91 2719 182 2776 modo
198 2721 320 2776 codicum
335 2721 502 2793 scripturam
523 2718 621 2775 Weiss.
637 2729 759 2787 enarrat,
781 2719 896 2791 intelliyi
913 2719 996 2774 verba
1009 2716 1166 2795 aequarat.)

94 2807 112 2857 5
141 2802 282 2869 audiatis;
312 2811 340 2857 et
368 2819 426 2856 non
453 2800 556 2872 (Codri.
579 2801 703 2858 audiatis
726 2802 778 2858 sed
801 2820 876 2870 non3
904 2801 996 2856 Drob.
1026 2801 1166 2870 audiatis;

92 2885 120 2940 si
153 2903 222 2940 non.
269 2884 387 2939 Modum
416 2884 493 2939 verbi
513 2902 585 2953 corr.
612 2881 710 2952 Gron,
740 2892 769 2940 et
797 2883 894 2942 Weiss.
937 2883 1034 2956 Neque
1057 2902 1112 2958 per
1138 2901 1167 2938 se

81 2969 170 3040 ferri
189 2969 373 3024 coniunctivae
395 2975 487 3040 potest
509 2967 601 3021 ullave
628 2967 653 3026 b.
673 2967 690 3022 l.
721 2968 809 3040 optati
835 2967 996 3037 siyaificotio
1024 2967 1051 3020 in
1072 2964 1166 3021 condi-

91 3051 232 3106 cionalem
266 3051 413 3104 orationem
444 3049 560 3118 includi,
591 3067 676 3122 neque
702 3039 779 3105 cum*
792 3047 919 3104 habituri
945 3047 1013 3104 estis
1042 3049 1169 3120 coniunyi

93 3132 241 3201 audiatis;
265 3135 279 3200 ξ
298 3132 313 3186 7
335 3131 361 3188 ai
374 3130 469 3187 velitis
484 3133 604 3202 refertur
616 3131 656 3187 ad
676 3139 783 3201 servat,
806 3131 855 3186 loe
870 3139 924 3208 est,
946 3129 1087 3188 inviolata
1103 3147 1166 3186 esse

91 3212 204 3291 iubet.)
237 3215 330 3284 XIV,
368 3218 384 3270 4
410 3213 455 3270 his
484 3214 613 3282 XVIII,
652 3217 689 3270 10
712 3223 738 3269 et
768 3216 798 3271 11
829 3211 960 3269 disiecit
981 3209 1083 3287 (codd.
1105 3214 1168 3270 boni

92 3297 176 3355 iecit.
206 3297 266 3354 Vid.
293 3297 355 3369 My.
377 3296 442 3356 Em.
464 3285 525 3351 213
545 3315 572 3355 n.
599 3295 700 3370 Opuse.
724 3295 765 3365 II,
785 3295 826 3351 35
849 3293 888 3369 n.)
916 3294 1012 3365 XIX,
1042 3295 1166 3369 1(Fort.

92 3378 209 3436 exciso.
275 3378 337 3436 Vid.
360 3379 566 3450 Berneelounyea
587 3379 654 3435 siber
681 3380 729 3439 lut.
751 3377 881 3452 Spreebl.
903 3397 935 3452 p.
959 3379 1000 3432 21
1020 3397 1048 3433 n.
1099 3376 1167 3444 Quo

92 3471 195 3519 contro
218 3462 360 3532 dicuntur,
388 3463 477 3517 omnia
499 3462 537 3517 ibi
557 3462 776 3536 occupaverant.)
814 3463 830 3518 3
855 3459 931 3533 (Non
952 3460 1166 3534 improbabiliter

101 3545 204 3601 Weiss.
219 3543 350 3601 scivisset
366 3563 422 3618 pro
437 3542 606 3619 censuisset)
631 3548 648 3602 6
665 3545 805 3613 civitates,
828 3552 860 3600 ut
879 3542 910 3600 in
933 3542 1015 3614 (Lov.
1026 3541 1058 3618 3)
1082 3545 1099 3598 9
1117 3543 1166 3616 qui

93 3627 125 3682 id
159 3625 290 3684 fecerunt
319 3626 472 3701 Saguntini
502 3627 646 3683 crudelius
678 3625 753 3702 (My.
775 3626 840 3685 Em.
865 3626 934 3680 212.
960 3624 1048 3681 Dralc.
1070 3633 1166 3681 contra

95 3709 179 3768 codd.
192 3708 349 3779 iecerunt,
364 3709 554 3783 Saguntinos)
576 3710 650 3779 XX,
677 3713 687 3765 1
707 3709 743 3765 In
765 3708 800 3764 iis
821 3711 878 3765 aine
898 3717 963 3764 noto
986 3706 1059 3781 (Aut
1072 3727 1166 3764 nomen

92 3793 197 3866 populi
224 3793 291 3848 latet
316 3793 365 3848 sub
387 3792 432 3849 his
454 3802 504 3848 aut
536 3792 694 3848 ecciderunt
720 3791 862 3865 quiedam,
891 3791 919 3846 ia
941 3790 1039 3864 quibus
1055 3791 1165 3863 populi,

97 3875 139 3930 ad
162 3892 242 3948 quem
259 3876 382 3948 primum
396 3883 503 3930 ventum
518 3884 566 3944 est,
588 3877 775 3948 mentiosacta
798 3870 880 3948 erat.)
904 3874 921 3928 9
938 3872 1166 3946 (exspectatione

97 3955 210 4014 Heerw.
227 3955 314 4015 Oodd.
329 3958 586 4031 inexspectatione.
611 3956 704 4018 Drob.
720 3957 749 4013 in
766 3955 1024 4030 exspectationem)
1039 3953 1130 4026 XXI,
1146 3959 1164 4012 4

97 4039 160 4095 baec
174 4047 275 4114 gentes
291 4037 371 4115 (Vid.
382 4042 466 4114 proes.
481 4041 534 4096 vol.
552 4043 570 4095 1
580 4059 613 4114 p.
630 4042 656 4098 1.
665 4059 697 4114 p.
716 4037 795 4114 VII.)
811 4038 918 4106 XXII,
936 4041 947 4094 1
964 4035 1006 4112 (id
1021 4047 1059 4094 ed
1071 4037 1166 4094 minus

98 4119 188 4177 Grec.
200 4121 298 4193 codd,
309 4122 402 4179 Drab.
414 4122 480 4180 ideo
491 4122 570 4181 haud
581 4121 688 4198 minus)
702 4125 718 4178 3
729 4120 944 4195 (quadringenti
956 4119 1166 4194 qninquaginta
