2700 4426
434 112 512 162 Inter
531 111 632 164 XXVI.
669 113 716 175 (A.
733 112 781 166 ch.
795 113 869 176 211.)
1099 119 1137 174 23

114 303 227 354 secreto
248 295 289 354 ibi
311 305 424 370 tempus
446 304 559 357 tereret.
606 296 662 353 His
687 315 760 368 mos,
783 315 861 371 quem
880 316 932 371 per
954 316 1067 355 omnem
1090 300 1211 360 vitamss

114 401 261 471 servabat,
283 419 334 458 seu
346 401 476 458 consulto
499 419 549 458 seu
572 410 679 461 temere
700 401 826 476 vulgatae
851 402 980 477 opinioni
1000 403 1085 459 fidem
1102 406 1181 480 apud

115 506 258 580 quosdam
281 505 358 574 fecit,
379 506 477 580 stirpis
493 525 557 562 eum
574 506 677 563 divinae
692 507 784 563 virum
800 525 878 578 esse,
900 508 1055 581 retulitque
1069 507 1178 564 famam
1194 517 1209 568 7

113 611 144 666 in
166 611 337 668 Alexandro
361 629 468 686 magno
495 611 575 685 prius
602 611 766 685 vulgatam,
800 623 828 669 et
857 614 987 670 vanitate
1020 623 1048 668 et
1079 611 1179 669 fabula

114 734 229 790 parem,
264 716 366 790 anguis
389 716 523 772 immanis
545 716 698 773 concubitu
720 728 905 794 conceptum,
940 729 967 775 et
995 717 1024 774 in
1047 719 1179 775 cubiculo

113 823 215 879 matris
238 821 299 879 eius
321 822 414 878 visam
436 839 565 896 persaepe
586 821 710 896 prodigii
725 823 785 879 eius
811 825 936 898 speciem
958 825 1179 897 interventuque

113 928 263 984 hominum
295 927 440 989 evolutam
474 936 592 1002 repente
619 936 706 1001 atque
727 947 764 983 ex
786 929 876 984 oculis
897 929 1035 1004 elapsam.
1083 928 1209 985 Huius8

114 1033 245 1090 miraculi
267 1051 414 1107 nunquam
437 1034 474 1089 ab
497 1033 561 1107 ipso
584 1033 665 1090 elusa
686 1033 757 1088 fides
782 1042 840 1102 est,
870 1034 939 1107 quin
966 1034 1062 1108 potius
1092 1043 1179 1090 aucta

113 1147 176 1196 arte
198 1139 326 1214 quadam
348 1157 401 1195 nec
422 1139 567 1195 abnuendi
581 1138 639 1195 tale
655 1139 810 1212 quicquam
825 1156 878 1194 nec
892 1139 989 1213 palam
1002 1138 1176 1196 affirmandi.

112 1244 209 1301 Multa
230 1244 288 1301 alia
310 1244 436 1300 eiusdem
453 1243 576 1318 generis,
594 1243 652 1299 alia
673 1262 752 1312 vera,
775 1242 833 1300 alia
847 1245 1026 1315 assimulata,
1049 1245 1206 1304 admira-9

112 1348 198 1404 tionis
220 1350 355 1406 humanoe
377 1349 406 1405 in
429 1367 463 1405 eo
484 1350 588 1405 iuvene
610 1359 794 1405 excesserant
816 1350 948 1418 modum;
976 1349 1079 1423 quibus
1101 1349 1177 1406 freta

111 1462 180 1510 tunc
202 1453 305 1510 civitas
327 1454 405 1510 aet-ati
425 1454 652 1526 haudquaquam
674 1461 795 1510 maturae
819 1462 932 1510 tantam
954 1473 1049 1511 rerum
1070 1454 1175 1511 molem

112 1568 283 1634 tantumque
301 1559 454 1634 imperinm
476 1558 615 1635 permisit.

195 1665 246 1721 Ad
269 1681 318 1720 eas
343 1663 450 1737 copias,
473 1681 546 1736 quas
568 1681 606 1718 ex
627 1671 724 1718 vetere
739 1662 866 1720 exercitu
878 1664 1023 1739 Hispania
1038 1666 1174 1735 habebat,
1190 1666 1226 1720 10

112 1788 234 1844 quaeque
266 1787 284 1826 a
314 1769 444 1826 Puteolis
477 1785 542 1825 cum
571 1766 604 1828 Ο.
634 1769 753 1824 Nerone
787 1769 914 1826 traiectae
946 1780 1043 1839 erant,
1076 1771 1188 1857 decemx

111 1874 201 1931 millia
223 1874 345 1931 militum
368 1884 395 1930 et
416 1874 489 1929 mille
511 1872 621 1945 equites
644 1873 796 1943 adduntur,
821 1883 850 1930 et
871 1875 913 1933 M.
935 1875 1035 1931 Iunius
1058 1874 1174 1932 Silanus

110 1987 274 2053 propraetor
296 1978 411 2035 adiutor
433 1979 471 2044 ad
492 1996 539 2034 res
560 1978 702 2052 gerendas
718 1978 802 2034 datus
819 1987 871 2038 est.
914 1980 962 2036 Ita
978 1998 1041 2036 cum
1057 1979 1175 2053 triginta
1191 1981 1223 2034 tt

110 2084 229 2140 navium
245 2083 338 2139 classe
353 2082 465 2158 (onmes
483 2090 577 2139 autem
595 2082 815 2156 quinqueremes
827 2085 924 2160 erant)
936 2085 1017 2141 ostiis
1029 2084 1175 2142 Tiberinis

110 2188 258 2265 profectus
289 2197 393 2264 praeter
424 2206 504 2243 oram
532 2188 623 2244 Tusci
655 2188 757 2258 maris,
790 2188 883 2263 Alpes
916 2198 1005 2263 atque
1028 2189 1174 2246 Gallicum

109 2294 203 2350 einum
238 2302 266 2350 et
294 2293 397 2350 deinde
418 2292 552 2368 Pyrenaei
580 2292 788 2350 circumvectus
823 2294 1069 2368 promuntorium,
1101 2294 1175 2350 Em-

110 2399 209 2473 poriis,
232 2400 303 2455 urbe
332 2399 438 2457 Graeca
466 2395 595 2474 (oriundi
623 2406 651 2453 et
679 2397 735 2472 ipsi
764 2416 782 2453 a
810 2398 936 2454 Phocaea
958 2401 1047 2470 sunt),
1075 2397 1174 2472 copias

110 2504 253 2578 exposuit.
311 2504 398 2572 Inde,
428 2500 511 2575 sequi
539 2501 663 2557 navibus
691 2501 792 2571 iussis,
824 2503 1022 2559 Tarraconem
1053 2503 1175 2577 pedibus
1191 2503 1225 2558 12

109 2608 257 2682 profectus
298 2618 470 2665 conventum
504 2607 632 2662 omniurn
676 2607 821 2663 sociorum
862 2608 978 2678 (etenim
1015 2607 1175 2682 legationes

109 2715 147 2770 ad
182 2713 291 2770 famam
328 2713 388 2768 eius
425 2731 462 2767 ex
496 2712 574 2767 omni
610 2729 641 2767 se
676 2712 826 2786 provincia
858 2709 1032 2784 effuderant)
1062 2710 1173 2768 habuit.

107 2819 209 2875 Naves
228 2818 268 2874 ibi
290 2818 412 2874 subduci
433 2816 531 2884 iussit,
559 2815 686 2872 remissis
716 2824 854 2889 quattuor
882 2815 1046 2871 triremibus
1068 2814 1172 2870 Massi·
1189 2807 1223 2860 13

107 2905 250 2992 liensinm,
276 2941 339 2996 quae
363 2921 452 2979 oflicii
474 2902 563 2977 causa
588 2922 625 2978 ab
647 2922 734 2978 domo
757 2931 917 2995 prosecutae
939 2921 1063 2979 fuerant.
1115 2921 1172 2976 Re·
1190 2913 1224 2966 14

107 3046 216 3103 sponsa
249 3028 315 3084 inde
349 3026 541 3102 legationibus
565 3027 711 3102 suspensis
733 3026 875 3083 varietate
896 3035 940 3084 tot
961 3045 1080 3084 casuum
1103 3025 1173 3082 dare

74 3157 75 3160 ¹
107 3135 204 3208 coepit,
230 3135 273 3190 ita
294 3134 370 3190 elato
390 3134 427 3189 ab
448 3131 558 3207 ingenti
580 3130 716 3187 virtutum
739 3151 857 3190 suarum
880 3133 987 3190 fiducia
1010 3131 1117 3199 animo,
1142 3139 1173 3184 ut

106 3241 216 3297 nullum
241 3239 326 3295 ferox
348 3240 469 3295 verbum
491 3236 646 3305 excideret,
667 3236 826 3312 ingensque
850 3238 1078 3310 omnibusfflquae
1093 3235 1172 3290 dice·

105 3354 159 3416 ret,
182 3364 270 3419 quum
292 3345 429 3401 maiestas
442 3344 557 3410 inesset,
580 3350 639 3397 tum
657 3342 737 3400 fides.
782 3341 935 3399 Profectus
949 3342 986 3398 ab
1003 3341 1172 3396 Tarracone
1221 3327 1266 3395 20

107 3459 136 3505 et
158 3450 288 3507 civitates
311 3451 455 3507 sociorum
480 3458 509 3505 et
530 3447 651 3504 hiberna
671 3447 813 3504 exercitus
836 3447 915 3516 adiit,
938 3443 1172 3516 collaudavitque

108 3554 229 3624 milites,
264 3556 341 3628 quod
364 3555 476 3611 duabus
498 3554 585 3609 tantis
608 3553 742 3627 deinceps
764 3551 894 3616 cladibus
915 3548 966 3605 icti
991 3547 1170 3622 provinciam

107 3659 311 3728 obtinuissent,
344 3679 397 3715 nec
429 3658 555 3716 fructum
589 3660 780 3715 secundarum
810 3674 906 3711 rerum
938 3654 1043 3710 sentire
1072 3654 1200 3713 hostes2
1236 3707 1239 3711 .

107 3764 187 3838 passi
212 3765 290 3820 omni
312 3764 352 3819 cis
375 3764 516 3820 Hiberum
539 3783 611 3840 agro
634 3784 684 3822 eos
714 3761 887 3831 arcuissent,
920 3760 1073 3833 sociosque
1105 3776 1170 3814 cum

107 3868 166 3924 fide
205 3868 291 3924 tutati
330 3877 435 3928 essent.
499 3870 642 3927 Marcium
681 3887 778 3926 secum
816 3869 943 3925 habebat
982 3885 1046 3923 cum
1088 3867 1201 3921 tant03
