2674 4542
299 245 356 303 190
564 243 641 292 biber
658 239 759 294 xm.
797 241 844 304 (Α.
858 257 884 294 ιι.
898 257 921 291 c.
936 243 1011 305 tto.)

255 445 354 485 eorum
386 426 511 484 Fabium
541 424 651 483 fefellit.
706 427 813 499 Itaque
839 404 948 484 Noiam
976 425 1021 482 ad
1052 425 1201 500 collegam
1231 421 1291 480 m‘'

255 531 346 588 altero
369 531 512 600 exercitu,
545 531 613 587 dum
636 527 796 587 Casilinum
824 537 1024 605 oppugnatur,
1059 549 1139 605 opus
1172 547 1250 596 esse,
1280 558 1303 600 η
1332 553 1333 586 1

225 633 413 712 tcampanis
435 643 614 712 opponatur3
646 633 693 692 vel
714 633 777 708 ipse
802 633 904 690 relicto
925 635 1011 692 Nolae
1042 636 1187 709 praesidio
1216 633 1316 690 mu'„

254 741 374 811 veniret,
395 741 451 809 vel,
474 741 499 796 si
521 757 585 797 eum
608 739 688 796 Nola
709 747 820 795 teneret
841 740 965 796 necdum
986 759 1100 797 securae
1122 758 1173 808 res
1195 740 1233 796 ab
1246 738 1295 794 Hs

191 844 195 852 '
255 847 350 904 nibale
372 855 477 915 essent,
498 863 529 902 se
544 844 590 905 Ti.
606 844 773 903 Gracchum
796 845 998 919 proconsulem
1020 863 1040 902 a
1054 845 1234 900 Benevento

225 952 360 1010 bturum.
403 953 470 1008 Hoc
491 950 592 1006 nuntio
617 949 784 1018 Marcellus,
808 947 921 1004 duobus
944 949 1067 1006 militum
1091 948 1225 1005 millibus
1245 948 1281 1004 N·
1315 975 1316 980 κ

253 1057 283 1114 in
304 1055 439 1133 prasidio
461 1055 583 1125 relictis,
605 1073 668 1111 cum
692 1061 788 1109 cetero
811 1053 939 1111 exercitu
961 1051 1129 1138 Casilinum
1153 1053 1247 1120 venit,
1272 1049 1314 1108 ati·

225 1163 399 1236 tivsutuque
423 1161 484 1218 eius
499 1158 643 1234 Campani
660 1158 719 1214 iam
742 1133 891 1216 moventes
913 1176 977 1215 sese
999 1158 1189 1232 quieverunt.
1231 1155 1334 1214 Iteub

254 1269 368 1326 duobus
400 1264 565 1322 consulibus
598 1261 756 1320 Casilinum
790 1263 955 1340 oppugnari
984 1263 1081 1337 coepit.
1140 1264 1205 1323 Ubi
1241 1277 1312 1336 quun

255 1374 345 1429 multa
367 1371 553 1429 succedentes
574 1377 681 1424 temere
707 1369 849 1426 moenibus
871 1369 997 1426 Romani
1025 1369 1136 1426 milites
1166 1370 1265 1443 accipe
1282 1406 1289 1413 f
1309 1392 1317 1404 ν

254 1477 390 1546 vulnera,
411 1493 505 1548 neque
526 1472 597 1528 satis
623 1472 768 1546 inceptum
793 1476 974 1543 succederet,
1000 1474 1115 1531 Fabius
1137 1473 1311 1532 omittendas

255 1601 316 1639 rem
344 1599 467 1655 parvam
492 1596 527 1634 ac
547 1578 632 1634 iuxta
651 1578 765 1652 magnis
787 1577 933 1636 difficilem
958 1580 1240 1654 abscedendumque
1261 1577 1312 1634 inu

226 1673 401 1753 lcensebat,
424 1702 511 1759 quum
533 1701 580 1739 res
596 1683 721 1739 maiores
743 1682 898 1752 instarent3
921 1684 1080 1741 Marcellus
1102 1686 1202 1744 multa
1215 1681 1310 1756 magra

256 1791 376 1848 ducibus
396 1790 470 1872 sicut
490 1805 548 1844 nou
568 1787 773 1862 aggredienda,
797 1789 838 1844 ita
860 1788 949 1845 semel
971 1790 1118 1863 aggressis
1144 1809 1208 1847 nou
1230 1788 1309 1845 dimit·

255 1897 343 1954 tenda
365 1913 428 1952 esse
449 1893 585 1961 dicendo,
610 1892 678 1966 quia
701 1911 807 1967 magua
835 1892 922 1950 fama
948 1903 1098 1950 momenta
1119 1894 1154 1952 in
1174 1903 1311 1967 utramqm
1335 1927 1336 1944 ι

225 2007 368 2078 8partem
389 2002 500 2068 fierent,
522 1999 621 2067 tenuit,
642 2017 680 2054 nc
700 1997 782 2054 irrito
806 1998 922 2072 incepto
950 2000 1087 2057 abiretur.
1134 2001 1241 2058 vinee
1260 1997 1312 2055 iude

256 2106 411 2180 omniaque
445 2102 502 2159 alia
530 2121 649 2176 operum
682 2103 985 2178 machinationumque
1013 2123 1124 2180 genera
1153 2125 1244 2181 quum
1270 2104 1309 2160 ad·

256 2219 454 2278 moverentur,
484 2205 686 2280 Campanique
707 2207 833 2264 Fabium
864 2217 995 2278 orarent,
1024 2218 1055 2266 ut
1083 2210 1169 2268 abire
1193 2210 1307 2286 Capuan

225 2321 318 2374 tituto
339 2315 452 2382 liceret,
481 2312 582 2388 paucis
599 2289 737 2386 egressis,
764 2311 921 2368 Marcellus
942 2322 1073 2388 portam,
1103 2334 1166 2390 qua
1196 2315 1308 2391 egredie-

255 2421 375 2488 bantur,
404 2416 571 2492 occupavit‚
593 2417 743 2490 caedesque
764 2415 927 2490 promiscue
953 2417 1082 2474 omnium
1106 2421 1188 2478 circa
1209 2430 1306 2497 portam

254 2526 359 2600 primo,
381 2523 493 2591 deinde,
515 2521 675 2597 irruptione
702 2521 791 2591 facta,
814 2523 900 2579 etiam
922 2522 956 2579 in
973 2523 1045 2578 urbe
1067 2524 1131 2580 fieri
1153 2536 1250 2602 empta
1268 2535 1306 2580 cst.

209 2635 242 2688 10
257 2628 475 2703 Quinquaginta
496 2625 556 2682 fere
580 2625 676 2700 primo
698 2609 807 2702 egressi
829 2625 1064 2702 Campanorum,
1090 2647 1183 2701 quum
1207 2632 1242 2687 ad
1263 2631 1307 2686 Fa·

256 2733 335 2790 bium
358 2731 562 2806 confugissent,
584 2731 718 2805 praesidio
739 2731 800 2788 eius
823 2729 954 2807 Capuam
986 2745 1194 2807 pervenerunt.
1240 2733 1307 2792 Casi

257 2837 345 2894 linum
376 2838 451 2895 inter
477 2836 624 2910 colloquia
657 2836 925 2910 cunctationemque
958 2837 1117 2912 petentium
1151 2839 1238 2895 tidem
1267 2857 1307 2912 per

207 2949 239 3002 ll
258 2943 439 3000 occasionem
462 2950 578 3015 captum
600 2951 653 3011 cst,
682 2942 847 3016 captivique
869 2941 1088 3018 Campanorum
1111 2943 1223 3018 quique
1238 2943 1306 2998 Han·

255 3046 359 3110 nibaiis
382 3039 503 3103 militum
526 3055 622 3116 erant,
644 3049 768 3104 Romam
791 3046 875 3102 missi
899 3056 987 3120 atque
1008 3041 1057 3104 'ibi
1078 3047 1108 3103 in
1131 3067 1248 3106 carcere
1274 3047 1305 3102 in·

255 3151 327 3208 clusi
348 3160 430 3219 sunt3
454 3149 664 3225 oppidanorum
687 3152 772 3208 turba
792 3168 846 3225 per
866 3150 1003 3206 finitimos
1024 3152 1152 3227 populos
1173 3154 1205 3210 in
1226 3161 1305 3208 custo·

256 3255 333 3312 diam
356 3255 459 3312 divisa.

159 3354 207 3422 20
340 3359 452 3432 Quibus
475 3359 576 3416 diebus
598 3380 616 3416 a
639 3361 766 3417 Casilino
788 3380 821 3417 re
842 3362 915 3418 bene
936 3372 1019 3436 gesta
1032 3381 1180 3420 recessum
1204 3373 1253 3432 est,
1275 3360 1305 3415 cis

256 3464 408 3522 Gracchus
442 3463 471 3519 in
502 3461 627 3521 Lucanis
657 3464 769 3538 aliquot
800 3466 934 3523 cohortes
968 3467 998 3522 in
1033 3486 1069 3524 ea
1099 3468 1219 3542 regione
1249 3484 1304 3522 cou-

255 3568 378 3642 scriptas
413 3587 477 3625 cnm
510 3569 646 3643 praefecto
674 3571 783 3629 socium
814 3571 844 3627 in
880 3588 967 3646 agros
999 3571 1127 3628 hostium
1160 3572 1303 3646 praedatum

225 3671 340 3732 imisit.
381 3674 441 3730 Eos
463 3673 553 3732 effuse
567 3675 682 3749 palatos
698 3677 805 3733 Hanno
827 3677 947 3732 adortus
969 3676 1047 3733 haud
1062 3677 1154 3734 multo
1170 3677 1305 3732 minorem.

255 3798 343 3853 quam
367 3780 404 3836 ad
425 3781 622 3836 Beneventum
648 3790 809 3854 acceperat,
830 3780 955 3837 reddidit
976 3781 1053 3837 hosti
1074 3762 1201 3850 cladem,
1230 3789 1304 3852 atque

225 3884 284 3940 3iu
298 3885 429 3942 Bruttios
453 3885 568 3959 raptim,
589 3904 626 3942 ue
641 3885 793 3944 Gracchus
812 3893 1022 3958 assequeretur,
1045 3887 1195 3944 concessit.
1238 3882 1303 3941 Con·

255 3989 331 4045 eules
354 3988 510 4045 Marcellus
531 3997 619 4057 retro,
641 3989 716 4045 unde
739 3999 873 4058 venerat,
897 3989 1005 4046 Nolam
1032 3989 1132 4058 rediit,
1158 3990 1263 4048 Fabius
1281 3987 1303 4042 iu
