2704 4552
309 251 365 305 l50
573 249 650 300 Liber
666 251 767 306 XXIII.
806 255 853 316 (A.
867 269 893 305 u.
909 270 933 305 o.
946 256 1018 318 589).

84 423 119 473 Α·
127 439 152 473 1¹·
160 439 182 474 ⁰·
190 430 247 475 ⁵³9·
262 427 362 486 consul
382 427 477 488 idibus
499 433 613 491 Martiis
635 436 836 511 magistratum
857 438 918 495 init
969 441 1116 497 Praetores
1143 439 1184 512 Q.
1208 439 1310 498 Fulvia

88 491 248 545 A‘Ch'm'
263 534 395 606 Flaccus,
419 537 469 610 qui
491 547 577 596 antea
598 539 639 596 bis
660 541 761 598 consul
782 560 942 616 censorque
962 543 1072 614 fluerat,
1104 545 1263 613 urbanam,
1280 545 1310 600 tt

264 640 400 698 Valerius
424 642 560 702 Loeviuns
581 645 763 720 peregrinam
791 655 897 706 sortem
921 623 957 706 ¹iu
982 648 1183 706 iurisdictione
1214 647 1312 711 habuit:

261 748 340 821 App.
356 745 495 806 Claudius
517 749 643 806 Pulcher
664 749 802 820 Siciliam,
824 751 861 824 Q.
879 753 992 811 Mucius
1008 753 1143 812 Scaevola
1158 753 1309 811 Sardiniam

208 850 245 905 19
262 851 357 910 sortiti
378 859 453 912 sunt.
501 853 543 910 M.
565 855 706 912 Marcello
731 835 786 930 pro
811 856 930 914 consule
956 857 1109 932 imperium
1139 876 1206 916 esse
1234 876 1310 933 popa·

257 956 302 1013 lus
334 956 430 1027 iussit,
465 959 542 1032 quod
574 967 641 1034 post
673 957 854 1018 Cannensem
882 961 993 1018 cladem
1021 979 1096 1018 unns
1123 963 1310 1020 Romanorum

149 1051 202 1120 dl
259 1063 466 1138 imperatorum
490 1065 520 1121 in
545 1065 632 1122 Italia
652 1083 792 1141 prospere
812 1085 873 1124 rem
895 1067 1039 1141 gessisset.
1089 1065 1235 1136 Senatus,
1267 1083 1310 1140 quo

259 1169 305 1224 die
326 1167 452 1243 primum
476 1171 569 1228 estin
592 1167 737 1246 Capitolio
760 1171 919 1242 consultus,
942 1171 1085 1240 decrevit,
1118 1179 1152 1228 nt
1180 1189 1220 1228 eo
1249 1187 1309 1226 anuo

199 1269 364 1348 ,2duplex
386 1275 523 1332 tributum
546 1275 746 1350 imperaretur,
768 1275 891 1351 simplex
912 1275 1062 1334 confestim
1085 1274 1263 1350 exigeretur,
1283 1293 1309 1330 ex

257 1398 314 1453 qno
337 1380 509 1455 stipendium
525 1397 652 1455 praesens
674 1379 807 1437 omnibns
825 1379 962 1438 militibus
977 1381 1105 1450 daretur,
1126 1390 1310 1455 praeterquam

225 1485 306 1559 3qui
327 1485 432 1542 milites
455 1484 491 1540 ad
514 1481 631 1541 Cannas
657 1483 788 1542 fuissent.
830 1485 877 1542 De
910 1483 1084 1543 exercitibus
1111 1484 1154 1542 ita
1183 1487 1310 1543 decreve-

254 1597 330 1656 runt,
362 1598 394 1645 ut
426 1589 539 1646 duabus
571 1587 732 1663 legionibus
764 1589 883 1646 urbanis
915 1590 963 1650 Ti.
996 1589 1188 1664 Sempronius
1224 1589 1309 1648 consul

256 1673 342 1750 Cales
377 1693 413 1750 ad
444 1693 670 1749 conveniendum
699 1692 774 1750 diem
803 1694 940 1762 ediceret3
972 1694 1041 1751 inde
1069 1713 1111 1751 eae
1139 1695 1269 1770 legiones
1287 1695 1309 1750 in

223 1802 351 1856 ‘icastra
381 1796 544 1856 Claudiana
575 1815 664 1872 supra
695 1797 861 1855 Suessulam
894 1798 1113 1858 deducerentur.
1173 1798 1249 1872 Quae
1279 1798 1309 1854 ibi

252 1903 380 1979 legiones
410 1911 505 1961 essent
537 1903 632 1978 (erant
664 1911 760 1959 autem
794 1899 954 1960 Cannensis
988 1904 1116 1960 maxime
1151 1901 1308 1975 exercitus).

252 2009 301 2066 eas
323 2011 403 2084 App.
418 2006 557 2066 Claudius
582 2006 708 2064 Pulcher
728 2015 835 2082 prator
856 2007 886 2063 in
910 2006 1038 2065 Siciliam
1061 2008 1221 2078 traiiceret,
1245 2026 1309 2082 qna·

222 2114 309 2187 5que
329 2114 359 2170 in
381 2112 480 2171 Sicilia
502 2120 612 2181 essent,
641 2113 766 2168 Romam
789 2112 1021 2186 deportarentur.
1064 2113 1117 2170 Ad
1148 2113 1308 2170 exercitum.

252 2217 297 2275 cui
329 2217 367 2273 ad
396 2203 622 2274 conveniendum
656 2212 743 2272 Cales
776 2216 870 2273 edicta
903 2217 963 2272 dies
995 2225 1073 2287 erat,
1105 2218 1148 2277 Μ,
1178 2216 1309 2274 Claudius

251 2322 406 2380 Marcellus
430 2321 549 2392 missus,
577 2319 659 2395 isque
686 2321 780 2378 iussus
805 2322 835 2378 in
863 2329 961 2378 castra
982 2318 1147 2378 Claudiana
1176 2323 1308 2379 deducere

221 2427 378 2484 durbanas
405 2424 543 2502 legiones.
593 2427 642 2484 Ad
664 2433 791 2482 veterem
815 2427 974 2483 exercitum
1001 2425 1202 2501 accipiendum
1229 2427 1307 2484 dedu·

251 2533 430 2606 nondumque
461 2529 528 2586 inde
557 2530 588 2586 in
615 2529 742 2587 Siciliam
773 2532 821 2588 Ti.
845 2531 985 2588 Maecilius
1016 2529 1106 2588 Croto
1134 2531 1252 2608 legatus
1279 2530 1308 2584 ab

221 2638 329 2712 IApp.
353 2635 475 2694 Claudio
498 2644 541 2692 est
564 2635 677 2692 missus.
720 2636 816 2694 Taciti
838 2637 933 2712 primo
956 2645 1202 2711 exspectaverant
1223 2634 1309 2692 honi-

250 2759 311 2812 nes,
333 2741 373 2797 nti
397 2741 496 2798 consul
518 2739 635 2798 comitia
657 2742 774 2816 collegas
796 2740 922 2798 creando
944 2742 1078 2811 haberet;
1111 2741 1238 2810 deinde,
1272 2737 1310 2796 ubi

251 2845 415 2920 ablegatum
448 2845 528 2902 velut
556 2845 593 2901 de
622 2844 764 2902 industria
795 2847 838 2902 M.
861 2845 1031 2904 Marcellum
1052 2847 1204 2917 viderunt,
1233 2863 1307 2920 qnam

250 2950 377 3006 maxime
399 2951 545 3007 consulem
575 2950 605 3006 in
626 2968 690 3006 eum
719 2969 825 3006 annnm
854 2951 892 3006 ob
922 2951 1037 3026 egregie
1062 2951 1093 3006 in
1119 2958 1253 3024 praetura
1273 2965 1309 3006 res

219 3048 346 3128 8gestas
379 3054 472 3112 creari
492 3054 644 3124 volebant,
676 3053 807 3111 fremitus
828 3055 857 3111 in
887 3055 967 3112 curia
999 3064 1089 3116 ortus.
1149 3055 1240 3128 Quod
1270 3053 1308 3110 ubi

249 3159 338 3216 sensit
365 3159 482 3228 consul,
509 3159 709 3232 „Utrumqne“
738 3159 832 3233 inquit
852 3173 895 3228 '„e
919 3178 951 3217 re
967 3160 1090 3237 publica
1117 3157 1189 3228 tuit,
1219 3169 1309 3235 patres

250 3264 414 3339 conscripti,
437 3272 466 3319 et
486 3264 529 3322 M.
546 3261 699 3321 Claudium
721 3264 759 3319 ad
783 3264 990 3339 permutandos
1013 3265 1158 3321 exercitus
1182 3264 1213 3321 in
1228 3263 1308 3322 Cam-

249 3368 366 3444 paniam
397 3367 556 3442 proficisci,
584 3375 612 3424 et
645 3365 761 3424 comitia
789 3386 847 3424 non
869 3368 948 3441 prius
970 3369 1058 3439 edici,
1089 3388 1177 3443 qnam
1203 3369 1227 3425 is
1250 3370 1308 3427 inde

249 3471 391 3538 confecto,
416 3473 494 3545 quod
518 3472 685 3528 mandatum
708 3481 760 3542 est,
782 3473 898 3548 negotio
919 3469 1094 3544 revertisset,
1116 3483 1149 3531 ut
1170 3493 1225 3553 pos
1248 3493 1308 3533 con-

249 3575 354 3647 sulem,
390 3595 475 3650 quem
504 3584 618 3658 tempus
648 3576 691 3633 rei
720 3577 843 3650 publica
869 3577 1045 3652 postularet,
1079 3589 1166 3652 quem
1189 3581 1308 3636 maxim

218 3677 345 3750 9vultis,
366 3680 543 3743 haberetis.“
592 3683 640 3739 Ite
661 3681 698 3737 de
719 3680 851 3753 comitiis,
873 3683 964 3741 donec
985 3683 1071 3741 rediit
1085 3683 1254 3753 Marcellus,
1276 3684 1309 3740 si·

249 3784 367 3841 lentium
390 3782 452 3842 fuit.
498 3786 615 3843 Interea
641 3785 787 3843 duumviri
815 3787 906 3844 creati
933 3798 1000 3845 sunt
1023 3789 1060 3862 Q.
1082 3789 1197 3852 Fabius
1218 3788 1307 3846 Maxi-

250 3907 313 3945 mus
335 3898 364 3945 et
385 3890 421 3946 T.
449 3888 590 3947 Otacilius
613 3887 736 3947 Crassus
758 3891 866 3947 adibus
887 3891 1068 3963 dedicandis,
1099 3893 1195 3951 Menti
1216 3893 1309 3952 Otaci-

249 3992 314 4062 lius,
337 3993 448 4049 Fabius
471 3993 579 4050 Venen'
605 3993 753 4069 Erycina,
774 3985 898 4068 utraque
920 3997 950 4052 in
973 3995 1120 4072 Capitolio
1141 4008 1197 4070 est,
1222 3999 1308 4060 canali
