2700 4426
637 203 672 246 xt

124 385 496 457 huiusmodiolr'qnid:·non
517 385 571 442 iter
593 384 704 458 quietos
724 384 842 459 facere.)
868 389 903 442 16
926 385 955 441 in
977 384 1012 440 iis
1038 386 1072 440 17
1096 384 1178 455 (Mire

120 470 240 538 ponitur
248 467 343 541 prima
353 486 427 542 qna,
438 486 519 541 quum
531 471 686 525 arctissime
698 471 838 525 roderent
848 469 941 544 prima
950 466 1046 542 fugit.)
1058 467 1174 536 X111,9
1243 481 1246 485 ’
1266 517 1269 524 .

123 549 206 606 iussit
218 552 279 606 sine
289 553 367 606 aneis
376 549 474 627 (Gron.
490 554 557 624 (ture
565 552 752 623 proferuntur
761 555 898 624 coempta,
910 552 981 607 niltil
987 553 1129 623 pertinent
1138 553 1175 606 nd

124 633 197 688 idem
218 634 333 690 verbam
343 637 372 689 in
384 635 481 690 endem
501 638 641 690 sententio
662 635 738 706 opud
753 636 823 691 daos
840 637 997 706 induitione
1019 635 1176 705 e'opnlotioe

124 716 291 773 coniunctos
301 718 471 789 repetitum.)
497 721 529 773 11
547 717 745 791 cohortesque,
760 736 823 791 quse
836 716 879 792 (P.
891 721 950 778 Em.
960 717 1033 789 322)
1058 716 1174 786 XIV‚s

124 799 416 872 (Fortsrritendumr
437 801 538 870 turba;
561 811 589 857 et
606 809 638 856 ut
658 819 716 857 non
738 819 836 857 omnes
858 810 909 859 cet.
934 801 1113 857 continuatio
1135 809 1176 856 ert

123 885 196 938 enim
210 886 254 938 rei
266 885 398 940 Romanis
414 882 565 960 seeundo.)
588 883 658 954 XV,
681 885 698 940 2
721 882 843 959 (accepti
864 892 939 954 sunt,
961 893 990 940 et
1011 885 1092 943 codd.
1105 900 1176 940 rere.

124 965 267 1039 Paooepti
278 976 330 1023 set.
350 966 439 1023 Drolr.
452 967 571 1041 accepti.
587 966 636 1038 Et)
661 969 677 1023 5
689 978 815 1042 partem.
829 1011 836 1027 .
850 1011 857 1035 ,
873 977 985 1042 partem
999 963 1093 1042 (codd.
1104 983 1175 1026 rece.

124 1050 285 1123 Ppartem.
299 1093 305 1107 .
319 1091 327 1107 .
343 1049 458 1124 parum)
476 1051 482 1126 (
502 1049 648 1106 onerarias
659 1068 710 1106 eos
720 1049 811 1106 solum
825 1049 918 1125 (eodd.
929 1053 986 1123 nlq.
996 1056 1088 1110 reret
1111 1051 1175 1109 edd.

123 1129 205 1204 vett.)
237 1132 329 1188 8sub
351 1133 475 1188 adventu
506 1133 611 1208 (nescio
640 1137 702 1205 qais
729 1143 808 1190 vetus
836 1135 939 1206 editor)
971 1136 988 1190 9
1015 1132 1078 1190 leve
1099 1133 1175 1189 dictu

124 1214 160 1269 ad
182 1214 288 1289 (neseio
305 1219 367 1288 qnia
382 1224 437 1276 net.
450 1217 492 1272 ed.
524 1219 568 1273 En
580 1219 713 1288 enemptir
740 1218 792 1272 Wii
811 1218 918 1273 nullum
940 1219 1030 1273 simile
1051 1227 1092 1272 est
1113 1218 1178 1273 laio

125 1298 236 1353 dicendi
262 1301 376 1369 peneri:
406 1299 484 1355 Leve
511 1298 587 1354 dictu
614 1299 723 1355 adiuvit
743 1317 796 1372 pro
817 1317 863 1356 res
885 1299 956 1356 levis
978 1299 1063 1370 dictu.
1106 1303 1176 1356 Nom

123 1382 181 1455 IX,
204 1381 258 1454 29,
282 1383 319 1436 10
341 1399 448 1437 commu
469 1392 534 1454 post
555 1381 621 1437 inde
640 1383 799 1453 ponendam
821 1392 899 1453 erot;
930 1384 1069 1438 roderent
1097 1383 1176 1439 lton:

123 1463 247 1519 traditur
267 1463 389 1525 inde...
420 1483 533 1524 omnes.
547 1507 575 1538 .,
603 1465 775 1533 exstinctos,
803 1468 969 1536 interposito
989 1483 1041 1536 per
1063 1468 1179 1537 appori-

125 1549 227 1603 tionem
244 1548 313 1603 nto.-
336 1547 465 1604 mirabile
487 1548 564 1605 dictu
586 1557 614 1604 et
636 1549 712 1621 quod
734 1546 799 1624 oet.)
820 1548 908 1618 XVI,
930 1553 947 1604 4
971 1545 1092 1624 (vacuus
1111 1549 1175 1606 edd.

123 1639 191 1689 vett.
214 1631 236 1685 P
256 1630 345 1689 Drolt.
367 1631 472 1705 vagus)
493 1626 497 1709 (
520 1649 675 1705 numquam
699 1630 791 1703 (oodd.
814 1632 917 1704 reret)
942 1633 959 1686 7
983 1631 1059 1706 eapti
1082 1628 1175 1705 (codd.

125 1714 287 1785 qottseer.
311 1711 397 1788 Capti
408 1719 437 1769 in
449 1714 574 1789 capitum
596 1718 737 1771 mentione
758 1719 848 1771 minas
868 1716 1014 1785 (erendum
1036 1724 1064 1771 et
1087 1725 1180 1772 ortum

124 1814 161 1852 eo
190 1796 375 1870 'captargenti
409 1796 543 1874 oidetnr.)
572 1793 576 1876 (
607 1798 764 1871 (LXXXIII
798 1799 888 1854 millia
920 1808 1082 1869 corruptum
1117 1815 1177 1854 esse

123 1888 245 1935 constat.
271 1882 344 1938 Fort.
358 1882 431 1950 suit:
452 1882 501 1938 III
513 1881 601 1938 millia
612 1881 743 1938 LXXX.
767 1880 870 1953 Cupnoe
889 1878 976 1953 eapte
998 1884 1063 1936 nuri
1082 1883 1177 1952 pondo

122 1964 153 2018 II
179 1964 249 2021 mitt.
278 1962 374 2040 LXX.)
420 1967 436 2020 8
467 1964 655 2039 interroganti
683 1965 783 2020 scriba
814 1964 913 2038 (Drolr.
944 1967 966 2021 P
995 1963 1177 2037 interrogatis

122 2042 236 2119 scribae)
263 2049 296 2102 11
325 2047 512 2103 constituerat
534 2048 629 2120 (codd.
652 2049 761 2120 aliquot
777 2065 849 2104 rece.
871 2049 998 2105 Alterum
1019 2057 1106 2103 esset:
1130 2047 1178 2103 ubi

121 2129 338 2202 proposuerat.)
374 2132 410 2185 12
434 2131 644 2205 (Metapontum
673 2148 736 2187 eum
764 2132 802 2186 W.
826 2133 847 2187 Ρ
870 2129 1176 2206 metapontumiisonm.

122 2212 213 2270 Drolt.
236 2212 435 2287 Metapontum
458 2213 484 2269 ei
506 2214 582 2287 oum)
604 2213 708 2284 XVII,
730 2213 908 2284 6elassibus,
931 2213 1077 2270 subductis
1100 2212 1177 2287 (edd.

122 2292 203 2370 vett.)
239 2299 273 2351 10
305 2296 352 2369 (ao
381 2298 447 2351 odd.
474 2297 566 2356 luet.
595 2298 683 2354 urat.
712 2297 874 2355 verecunda
901 2297 1055 2372 gravitate)
1089 2302 1120 2354 11
1155 2298 1180 2354 si

121 2377 180 2433 iarn
221 2376 317 2454 (Frolr.
350 2380 437 2438 1535.
481 2383 502 2436 Ρ
538 2380 562 2437 si
600 2377 671 2455 tam)
718 2385 752 2436 17
794 2381 966 2456 demissione
1002 2382 1177 2457 (errorenet)

122 2461 250 2529 XVIII,
280 2464 296 2518 6
326 2460 437 2518 facilior
465 2463 494 2518 in
524 2482 672 2520 ascensum
705 2465 770 2538 (de.
792 2467 849 2520 Em.
871 2464 944 2538 323)
981 2464 1075 2534 XIX,
1102 2468 1118 2520 5
1149 2464 1178 2521 in

122 2562 154 2600 se
183 2561 261 2613 esse3
294 2544 319 2600 si
349 2545 378 2600 id
413 2545 539 2622 (interp.)
582 2547 661 2615 XX,
689 2547 710 2602 2
741 2545 817 2620 (Non
844 2548 1067 2619 improbabiliter
1096 2549 1178 2603 codd.

123 2628 240 2700 quidum
260 2645 334 2683 rece.
363 2637 450 2702 atque
479 2629 552 2685 alter
574 2628 762 2703 Hasdrubal.)
792 2631 808 2686 3
837 2630 1005 2704 exequenda
1032 2628 1097 2703 (Mp.
1120 2634 1178 2689 Em.

122 2709 198 2782 323)
221 2714 238 2767 4
262 2710 417 2784 provinciae
429 2712 546 2786 regione
559 2709 625 2787 (119.
641 2709 712 2787 ilrd.)
737 2715 753 2769 6
776 2724 871 2787 eaput,
892 2731 987 2768 rerum
1011 2713 1104 2784 (codd.
1122 2715 1180 2785 nlq.

122 2799 218 2852 redut
249 2795 312 2852 edd.
335 2793 415 2870 vett.)
452 2800 467 2851 7
495 2796 636 2852 exereitus
658 2795 718 2851 eius
741 2794 850 2867 (errore
876 2805 950 2868 tpp.,
982 2813 1062 2869 qoem
1092 2799 1180 2852 tenuit

123 2877 270 2949 Hertnr'ns)
299 2878 330 2933 12
354 2877 547 2946 obtinuerunt,
567 2879 667 2934 relicto
688 2876 781 2951 (codd.
797 2879 881 2949 rece.)
901 2880 906 2952 Ι
924 2878 1031 2934 inimici
1045 2878 1178 2934 decerne·
1238 2891 1240 2895 ·

123 2970 189 3015 rent
216 2956 312 3035 (codd.
335 2978 407 3016 rere.
436 2963 494 3019 Alii
515 2961 652 3031 dicerent)
685 2962 780 3030 XXI,
809 2966 825 3017 4
857 2960 1001 3018 consulem
1030 2979 1095 3017 cum
1120 2961 1177 3036 ing.

125 3039 222 3116 (codd.
244 3041 329 3118 rece.)
360 3045 376 3100 9
400 3041 433 3100 C.
458 3044 596 3103 Servilius
618 3055 645 3100 et
668 3047 700 3116 Q.
725 3045 851 3101 Caecilius
872 3046 999 3101 Metellus
1026 3045 1102 3117 (Ono
1123 3047 1179 3117 (ide

124 3127 345 3197 supplementum
372 3128 424 3182 troo
448 3145 604 3199 pancorum
631 3129 712 3185 codd.
745 3131 854 3184 nitatur
875 3159 914 3168 —
939 3147 1004 3184 nom
1028 3138 1134 3200 proter
1159 3131 1182 3186 P

125 3212 258 3266 omittunt
282 3211 318 3284 tt,
338 3211 368 3279 B,
390 3213 454 3269 Lon.
479 3213 506 3280 1,
527 3212 556 3281 2,
579 3213 716 3282 trevere,
746 3213 871 3281 sortasse
897 3213 984 3268 molto
1011 3214 1109 3283 plures
1130 3242 1179 3280 -,

98 3295 239 3363 anesum,-
262 3311 327 3348 nom
350 3295 426 3365 qnod
449 3295 480 3365 0.
505 3294 632 3351 Cutilias
655 3297 719 3353 Met.
743 3312 804 3350 cnm
829 3295 856 3349 C.
878 3296 999 3350 Servilio
1023 3325 1059 3336 -
1084 3296 1180 3351 eodem

125 3394 164 3431 on
186 3378 255 3447 otio,
277 3379 414 3432 incertum
435 3407 475 3416 —-
495 3381 626 3447 prorr'mo
652 3395 725 3434 anno
748 3378 839 3434 odilis
860 3380 967 3434 eurulis
987 3379 1061 3448 fnit,
1085 3395 1109 3433 c.
1128 3377 1179 3446 36,

125 3459 154 3526 8,
176 3460 241 3514 inde
264 3476 319 3514 non
341 3462 477 3532 sequitur,
499 3461 551 3516 lroc
573 3478 648 3516 anno
668 3460 806 3532 plebeiam
828 3458 940 3535 fuisse.)
972 3461 1079 3530 XXII,
1101 3462 1118 3515 3
1143 3459 1179 3532 Q.

125 3540 250 3600 Claudio
271 3541 395 3598 Flamini
411 3543 579 3599 Tarentum.
615 3547 631 3600 6
655 3543 758 3600 additae
780 3553 808 3599 et
829 3544 866 3599 ad
889 3542 1051 3619 praesidium
1071 3544 1135 3615 (Mp.
1158 3544 1181 3599 P

122 3625 256 3683 additum
284 3634 312 3680 et
339 3624 376 3680 ad
404 3625 576 3699 praesidium.
624 3629 663 3683 W.
687 3628 769 3683 olim:
799 3626 939 3683 Additum
970 3627 1055 3682 etiam
1083 3623 1180 3700 praes.)

129 3711 164 3764 12
190 3711 252 3765 urb.
276 3710 309 3782 (Ρ
324 3707 435 3781 urbem)
457 3708 580 3777 XXIII,
603 3713 620 3765 5
644 3718 671 3764 et
692 3714 707 3765 7
731 3710 792 3765 urb.
814 3709 934 3778 XXIV,
957 3712 972 3764 3
996 3718 1106 3782 tempus
1120 3712 1181 3764 sine

125 3799 208 3848 uncis
220 3791 316 3862 (Dal.)
340 3791 443 3862 XXV,
466 3793 483 3848 9
500 3791 622 3849 Virtutis
634 3791 702 3848 aedis
730 3794 762 3849 13
776 3789 1064 3864 consederantwrs.)
1092 3797 1125 3848 14
1139 3791 1180 3864 (in

127 3874 190 3931 aoie
212 3885 289 3931 stare
314 3876 354 3930 W.
376 3877 397 3931 t>
418 3874 613 3945 inacieheare3
634 3876 722 3932 Drolt.
742 3875 772 3931 in
794 3874 884 3932 aciem
904 3874 993 3946 exire)
1019 3873 1139 3943 XXVI,
1162 3878 1178 3931 4

127 3976 192 4032 quae
216 3957 246 4015 in
265 3956 398 4033 prasidio
420 3959 514 4030 (codd.
530 3960 607 4032 qnid.
622 3977 706 4030 recu,
727 3957 799 4031 Sip.)
830 3958 865 4015 12
888 3950 937 4015 Μ’.
950 3957 1055 4014 Aulius
1076 3957 1181 4031 (Periz.

128 4043 150 4097 P
171 4040 380 4111 ttio'maullius,
401 4058 424 4096 r.
440 4042 488 4110 27,
507 4041 525 4097 8
546 4041 657 4100 manius
672 4040 807 4114 auxilius)
832 4043 867 4097 13
890 4041 971 4097 iocur
992 4041 1085 4113 (codd.
1097 4039 1183 4113 rece.)
