2748 4556
281 237 341 293 2⁴8
550 233 629 284 Lites
646 231 735 284 xxx.
771 234 857 296 (au.
871 249 895 288 c.
908 235 983 296 sur.)

238 417 332 478 Italia
353 417 490 488 urbibus,
519 435 584 492 quas
606 417 682 476 bello
705 417 838 476 ahenatae
858 416 992 488 fumant,
1015 420 1234 494 noscendisque
1253 419 1306 477 sin-

238 523 372 598 gularum
394 523 489 582 causis
512 523 701 598 consumpsit.

208 633 224 686 5
321 629 381 686 Per
400 628 576 686 indutiarum
600 641 713 704 tempus
738 625 796 704 [et]
819 648 857 686 ex
868 628 1005 687 Sardinia
1028 630 1067 686 ab
1085 629 1215 687 Lentulo
1235 649 1308 704 pra·

238 745 301 792 tore
324 747 438 792 centum
462 734 603 792 oneraria
622 751 714 790 naves
729 751 794 790 cum
809 747 974 792 commeatu
993 736 1102 811 viginti
1117 745 1306 793 rostratarum

238 839 390 916 prasidio,
412 849 441 896 et
462 841 500 897 ab
522 841 606 898 hoste
628 851 657 896 et
678 840 715 895 ab
738 839 958 914 tempestatibus
978 841 1054 898 mari
1076 851 1153 912 tuto,
1176 841 1208 897 in
1229 840 1310 900 Afri·

208 949 303 1002 ticam
325 946 556 1004 transmiserunt.
606 944 660 1007 Cn.
683 944 809 1003 Octavio
832 944 962 1001 ducentis
991 947 1154 1017 onerariis,
1196 947 1310 1022 triginta

236 1050 332 1126 longis
360 1051 484 1108 navibus
509 1070 547 1108 ex
574 1049 675 1110 Sicilia
703 1049 857 1108 traiicienti
886 1070 944 1107 non
973 1051 1078 1108 eedem
1107 1051 1230 1108 fortuna
1249 1051 1309 1108 finit

208 1157 273 1214 7111
300 1167 486 1232 conspectum
516 1155 608 1213 ferme
639 1155 749 1214 Africae
787 1173 927 1231 prospero
956 1175 1043 1214 cursu
1070 1169 1192 1214 vectum
1220 1158 1307 1232 primo

238 1259 367 1318 destituit
388 1271 501 1332 ventus,
523 1261 627 1318 deinde
649 1279 751 1318 versus
772 1261 802 1318 iu
822 1259 956 1318 Africum
977 1262 1121 1334 turbavit,
1144 1283 1181 1320 ac
1204 1263 1306 1338 passim

208 1367 328 1423 Suevos
364 1365 484 1427 disiecit.
544 1367 613 1441 Ipse
648 1386 714 1423 cum
750 1366 899 1436 rostratis,
939 1387 992 1443 per
1028 1369 1174 1426 adversos
1209 1370 1307 1424 tinctus

237 1471 346 1546 ingenti
370 1471 510 1546 remigum
534 1472 636 1528 labore
658 1472 763 1542 enisus,
785 1470 932 1546 Apollinis
951 1474 1306 1547 promuntorium‘tennitt

207 1576 378 1634 bouerarisc
410 1595 479 1651 pars
509 1578 638 1636 maxima
667 1577 705 1635 ad
735 1577 922 1651 AEgimurum
956 1577 1064 1652 (insula
1096 1579 1252 1635 casinum
1272 1580 1306 1634 ab

237 1682 296 1738 alto
319 1681 443 1751 claudit,
476 1683 507 1738 in
536 1701 594 1758 quo
616 1683 673 1740 sita
695 1681 844 1756 Carthago
867 1694 926 1752 est,
961 1683 1083 1758 triginta
1105 1684 1200 1742 ferme
1222 1684 1307 1741 millia

237 1789 274 1844 ab
297 1785 391 1862 urbe),
413 1787 478 1844 alias
500 1789 640 1846 adversus
662 1789 763 1845 urbem
785 1788 878 1861 ipsam
896 1788 935 1844 ad
950 1787 1070 1846 Calidas
1088 1793 1195 1864 Aquas
1208 1790 1307 1847 delata

189 1893 224 1946 tu
237 1903 312 1954 sunt.
371 1892 479 1952 Omnia
510 1893 540 1949 in
573 1903 730 1968 conspectu
765 1891 951 1967 Carthaginis
985 1905 1077 1953 erant.
1128 1896 1240 1970 Itaque
1273 1915 1306 1952 cx

237 2011 299 2055 tota
319 1998 389 2055 urbe
409 1999 439 2054 in
450 1997 545 2054 forum
562 2017 733 2056 concursum
751 2007 813 2066 est;
834 1996 1022 2070 magistratus
1037 2011 1174 2057 senatum
1186 2019 1304 2063 vocare;

237 2104 361 2178 populus
382 2103 411 2159 in
434 2101 521 2159 curia
544 2103 689 2160 vestibulo
713 2102 845 2174 fremere,
870 2121 906 2160 ne
927 2113 1010 2159 tanta
1031 2123 1069 2160 ex
1091 2107 1186 2163 oculis
1211 2107 1305 2162 maui-

187 2209 219 2262 tt
237 2211 349 2282 busque
372 2209 551 2266 amitteretur
571 2209 681 2282 praede.
728 2208 824 2282 Quum
854 2208 971 2282 quidam
999 2209 1080 2284 pacis
1109 2212 1227 2286 petitae,
1260 2212 1303 2268 alii

237 2313 411 2370 indutiarum
447 2313 581 2389 (necdum
619 2314 694 2369 enim
731 2312 791 2368 dies
824 2311 947 2388 exierat)
985 2315 1072 2371 fidem
1114 2329 1303 2392 opponerent.

236 2418 382 2494 permixto
408 2437 490 2494 paene
517 2427 634 2486 senatus
663 2417 821 2492 populique
843 2418 964 2476 concilio
986 2437 1160 2478 consensum
1184 2434 1244 2491 est,
1278 2436 1305 2478 ut

237 2525 358 2582 classem
383 2523 593 2599 quinquaginta
618 2523 737 2580 uarium
753 2523 924 2580 Hasdrubal
937 2524 1127 2599 AEgimurum
1149 2528 1302 2594 traiiceret,

237 2631 303 2686 inde
326 2650 379 2705 per
401 2630 487 2686 litora
509 2641 668 2702 portusque
693 2630 839 2705 dispersas
858 2631 1006 2686 Romanae
1029 2648 1121 2686 naves
1146 2631 1301 2708 colligeret.

189 2732 223 2787 12
236 2736 368 2792 Desertae
389 2735 461 2810 fuga
483 2745 636 2791 nautarum
656 2736 781 2809 primum
794 2737 831 2791 ab
844 2735 1011 2810 AEgimuro‚
1033 2736 1138 2793 deinde
1155 2739 1195 2794 ab
1210 2739 1301 2813 Aquis

238 2842 378 2898 oneraria
400 2840 607 2915 Carthaginem
630 2840 776 2915 puppibus
798 2848 898 2897 tractae
920 2851 995 2896 sunt.

141 2943 185 3010 25
321 2947 460 3004 Nondum
492 2947 529 3002 ab
556 2945 653 3002 Boura
680 2953 859 3002 reverterant
891 2946 994 3020 legati,
1025 2965 1121 3021 neque
1150 2948 1299 3012 sciebatur,

238 3071 302 3126 quae
324 3063 441 3108 senatus
463 3050 589 3108 Romani
611 3049 647 3105 de
669 3049 744 3108 bello
761 3059 811 3106 ant
825 3069 898 3124 pace
915 3051 1058 3106 sententia
1072 3063 1159 3121 esset,
1182 3054 1298 3110 necdum

207 3157 412 3214 lindutiarum
435 3156 496 3212 dies
518 3153 646 3222 exierat3
669 3173 703 3210 eo
725 3155 917 3229 indigniorem
941 3156 1074 3216 iniuriam
1093 3168 1177 3214 ratus
1196 3159 1298 3234 Scipio,

237 3262 347 3332 abiis,
381 3261 431 3335 qui
457 3260 597 3335 petissent
629 3278 730 3334 pacem
765 3269 794 3316 et
826 3261 969 3332 indutias,
1006 3274 1034 3318 et
1061 3279 1144 3336 spem
1172 3265 1254 3339 pacis
1273 3273 1297 3318 et

237 3368 322 3424 iidem
345 3367 521 3423 indutiarum
544 3365 685 3422 violatam
708 3383 789 3434 esse,
811 3365 923 3438 legatos
946 3364 1155 3441 Carthaginem
1179 3370 1215 3427 L.
1238 3371 1296 3426 Ba·

207 3473 331 3542 3bium,
354 3474 395 3530 Μ.
422 3471 593 3539 Servilium,
622 3471 656 3527 L.
680 3470 804 3526 Fabium
827 3469 977 3543 extemplo
995 3470 1081 3527 misit.
1132 3471 1192 3545 Qui
1214 3492 1296 3547 quum

236 3577 426 3633 multitudinis
449 3594 589 3636 concursu
612 3593 706 3650 prope
728 3574 829 3631 violati
851 3587 947 3630 essent
977 3595 1030 3632 nec
1057 3578 1185 3634 reditum
1218 3581 1296 3636 tutio·

236 3701 297 3739 rem
327 3681 455 3738 futurum
487 3692 655 3747 cernerent,
687 3679 830 3753 petierunt
866 3699 884 3735 a
911 3680 1145 3754 magistratibus,
1180 3703 1294 3760 quorum

237 3785 346 3845 auxilio
369 3787 412 3842 vis
434 3787 581 3862 prohibita
602 3796 683 3853 erat,
712 3794 743 3840 ut
764 3803 854 3840 naves
876 3784 1036 3858 mitterent,
1061 3807 1127 3862 quae
1148 3809 1183 3846 se
1203 3807 1295 3866 prose·

205 3896 401 3969 lquerentur.
449 3893 536 3949 Dataa
557 3891 689 3946 triremes
711 3888 792 3959 dua,
828 3907 917 3963 quum
940 3891 977 3949 ad
1003 3893 1173 3968 Bagradam
1198 3898 1294 3954 flumen

236 3997 448 4070 pervenissent,
480 3995 556 4051 unde
588 4004 685 4050 castra
713 3978 848 4050 Romana
877 3995 1145 4070 conspiciebantur,
1180 4000 1293 4059 Cartha·
