2678 4560
312 270 366 324 tte
558 265 635 314 Liber
651 264 781 318 xxvm.
818 264 866 327 (A.
880 281 906 316 u.
922 279 946 314 a.
960 263 1033 326 aas.)

266 449 385 506 militum
413 449 443 506 in
472 451 563 508 verba
598 451 633 508 P.
662 450 805 526 Scipionis
839 449 990 518 iurarunt,
1022 447 1239 523 stipendiumque
1268 443 1300 500 ad

266 573 370 613 nomen
391 555 510 631 singulis
531 555 708 632 persolutum
731 567 782 612 est.
815 557 902 614 Hunc
923 557 1010 614 finem
1034 554 1190 628 exitumque
1213 551 1302 608 seditio

268 661 391 728 rnilitum
413 673 508 738 coepta
530 663 607 738 apud
629 661 787 722 Sucronem
808 662 918 719 habuit.

171 760 218 829 30
353 771 411 828 Per
435 769 511 826 idem
543 777 655 844 tempus
684 767 722 824 ad
749 768 851 825 Betim
890 769 1011 826 fluvium
1039 769 1143 825 Hanno
1167 764 1308 842 praefectos

270 875 422 951 Magonis,
444 876 548 932 missus
570 894 589 931 a
610 874 743 932 Gadibus
764 893 828 932 eum
850 893 944 950 parva
964 893 1053 932 mann
1075 873 1225 939 Afrorum,
1246 887 1310 924 mer-

269 980 338 1038 cede
359 981 509 1056 Hispanos
530 980 711 1037 sollicitando
726 981 763 1038 ad
783 989 920 1055 quattuor
934 980 1025 1038 millia
1042 979 1173 1036 iuvenum
1185 973 1309 1032 armarit.

237 1083 378 1142 icastris
406 1085 508 1144 deinde
537 1097 640 1144 exutus
668 1088 706 1144 ab
728 1087 762 1144 L.
787 1087 916 1158 Marcio,
949 1086 1081 1144 maxima
1101 1093 1179 1161 parte
1197 1081 1309 1138 militum

267 1192 341 1248 inter
377 1192 529 1249 tumultum
562 1203 712 1268 captorum
749 1203 927 1264 castrorum,
967 1191 1140 1266 quibusdam
1170 1189 1257 1246 etiam
1288 1185 1308 1239 iu

266 1297 337 1374 fuga
370 1298 499 1369 amissis,
531 1298 646 1374 palatos
677 1307 866 1374 persequente
893 1299 1006 1371 equite,
1044 1315 1109 1354 cum
1137 1295 1236 1371 paucis
1263 1293 1304 1366 ipe

268 1403 376 1480 effugit.

237 1516 255 1570 3
350 1511 428 1568 Dum
459 1511 520 1566 hac
548 1510 586 1566 ad
615 1510 717 1567 Baetim
746 1509 863 1566 fluvium
894 1517 1049 1582 geruntur,
1086 1508 1189 1564 Laelius
1210 1506 1305 1563 interim

267 1615 341 1673 freto
363 1617 393 1672 in
415 1614 564 1673 Oceanum
587 1625 702 1672 evectus
724 1615 761 1671 ad
784 1612 929 1671 Carteiam
955 1614 1049 1670 classe
1070 1615 1197 1674 accessit.
1245 1612 1308 1670 Urbs

268 1742 303 1779 ea
328 1723 358 1779 in
385 1741 438 1778 ora
471 1719 580 1778 Oceani
599 1721 656 1778 sita
677 1730 735 1790 est,
771 1721 821 1778 ubi
849 1721 973 1797 primum
1002 1718 1172 1777 efaucibus
1195 1715 1309 1793 angustis

236 1827 402 1903 llpanditur
431 1846 520 1885 mare.
565 1826 666 1884 Gades
693 1826 754 1883 sine
787 1826 943 1884 certamina
964 1845 1017 1901 per
1038 1827 1228 1901 proditionem
1250 1819 1309 1878 reci·

266 1935 378 2009 piendi,
409 1933 493 2004 ultro,
524 1934 573 2007 qui
604 1951 668 1989 eam
695 1952 755 1990 rem
777 1933 989 2008 pollicerentur,
1015 1933 1045 1989 in
1071 1943 1169 1989 castra
1192 1933 1310 1989 Romana

266 2041 463 2110 venientibus,
493 2057 574 2114 spes,
594 2038 674 2104 sicut
696 2049 763 2095 ante
786 2039 893 2096 dictum
917 2049 980 2109 est,
1009 2037 1115 2096 fuerat.
1174 2033 1310 2094 Patefacto

266 2147 421 2203 immatura
449 2147 575 2221 proditio
595 2155 654 2215 est,
693 2163 935 2219 comprensosque
961 2163 1062 2202 omnes
1091 2145 1182 2218 Mago
1210 2142 1308 2200 Adher·

235 2253 325 2310 bbali
366 2252 482 2327 praetori
525 2250 729 2326 Carthaginem
772 2251 954 2307 devehendos
1002 2250 1100 2308 tradit.
1168 2243 1307 2306 Adherbal

267 2357 422 2414 coniuratis
444 2357 474 2412 in
497 2357 729 2431 quinqueremem
758 2355 900 2430 impositis
934 2354 1144 2430 praemissaque
1172 2375 1221 2423 ea,
1256 2350 1306 2424 qnia

267 2463 376 2519 tardior
399 2481 486 2537 quam
508 2463 632 2520 triremis
654 2471 734 2530 erat,
766 2461 828 2536 ipse
848 2480 912 2518 cum
936 2470 1000 2518 octo
1026 2461 1191 2517 triremibus
1212 2456 1305 2516 modica

236 2569 418 2626 bintervallo
441 2569 580 2644 sequitur.
628 2568 693 2624 Iam
714 2567 819 2624 fretum
841 2569 970 2625 intrabat
991 2567 1214 2641 quinqueremis,
1236 2578 1305 2639 quun

266 2677 371 2734 Laelius
410 2686 439 2733 et
475 2677 538 2751 ipse
569 2676 598 2731 in
631 2674 828 2748 quinqueremi
870 2685 955 2749 portu
995 2671 1136 2742 Carteiae,
1183 2664 1303 2744 sequenti·

267 2783 321 2838 bus
353 2792 460 2857 septem
498 2781 675 2848 triremibus,
722 2789 837 2835 evectus
871 2779 901 2835 in
941 2780 1141 2836 Adherbalem
1173 2775 1303 2833 invehitur.

214 2894 219 2904 '
269 2889 502 2963 quinqueremem
523 2887 594 2942 satis
627 2885 745 2941 credens
778 2885 948 2958 deprensam
981 2884 1083 2959 rapido
1120 2884 1150 2940 in
1186 2881 1257 2939 freto
1285 2879 1302 2932 it

239 2994 422 3050 ladversum
444 3004 543 3049 aestum
566 2991 740 3066 reciprocari
762 3009 821 3047 nou
841 3009 935 3066 posse.
978 2992 1087 3048 Poenus
1117 2989 1147 3045 in
1173 3009 1205 3046 re
1229 2985 1302 3044 sntio

268 3119 424 3174 parumper
444 3100 568 3156 incertus
588 3096 752 3172 trepidavit,
775 3105 869 3153 utrum
894 3097 1128 3171 quinqueremem
1158 3101 1302 3169 sequeretur

236 3207 305 3262 8an
335 3208 363 3262 iu
390 3206 488 3262 hostes
519 3213 614 3261 rostra
641 3212 829 3260 converteret.
885 3205 955 3279 Ipsa
985 3201 1130 3260 cunctatio
1157 3201 1300 3258 facultatem

267 3311 458 3370 detractandae
481 3329 584 3385 pugna
607 3308 730 3378 ademit;
766 3308 824 3364 iam
847 3309 922 3366 enim
943 3311 997 3366 sub
1018 3309 1076 3366 ictu
1098 3307 1149 3364 teli
1170 3317 1260 3373 erant,
1284 3311 1299 3355 u

267 3419 391 3492 undique
412 3417 560 3473 instabant
579 3416 685 3474 hostes,
732 3415 836 3471 AEstus
853 3432 968 3488 quoque
987 3414 1137 3471 arbitrium
1154 3404 1299 3469 moderandi

266 3541 356 3580 naves
380 3523 544 3589 ademerat;
574 3538 667 3594 neque
689 3529 752 3576 erat
772 3519 870 3576 navali
890 3539 989 3596 pugna
1004 3519 1122 3589 similis,
1146 3519 1245 3593 quippe
1265 3510 1297 3570 ubi

232 3627 335 3684 anihil
356 3626 569 3695 voluntarium,
605 3625 675 3683 nihil
697 3627 767 3682 artis
788 3635 839 3681 aut
860 3625 971 3682 consilii
995 3633 1081 3681 esset.
1129 3624 1198 3682 Una
1217 3631 1296 3678 natura

264 3733 331 3790 freti
352 3741 494 3807 aestusque
515 3733 603 3789 totius
633 3731 796 3790 certaminis
827 3741 930 3806 potans
961 3730 1037 3799 suis,
1070 3728 1172 3785 alianis
1199 3726 1295 3784 navibu

265 3838 455 3912 nequicquam
488 3838 609 3914 remigio
642 3838 671 3894 in
706 3837 881 3894 contrarium
915 3837 1065 3893 tendentes
1095 3833 1255 3902 invehebat,
1279 3841 1293 3884 et

264 3943 419 4017 lugientem
451 3961 555 3999 navem
587 3943 708 4014 videres,
737 3943 844 4000 vertice
876 3950 953 3999 retro
982 3942 1131 4010 intortam,
1166 3939 1293 3998 victoribus

264 4049 383 4117 illatam,
405 4058 434 4104 et
447 4057 623 4120 sequentem,
644 4048 715 4105 siin
732 4047 906 4104 contrarium
927 4056 1050 4104 tractum
1067 4047 1212 4104 incidisset
1223 4043 1291 4103 mauis
