<?xml version="1.0" encoding="UTF-8"?>
<!DOCTYPE html PUBLIC "-//W3C//DTD XHTML 1.0 Transitional//EN"
    "http://www.w3.org/TR/xhtml1/DTD/xhtml1-transitional.dtd">
<html xmlns="http://www.w3.org/1999/xhtml" xml:lang="en" lang="en">
 <head>
  <title>
</title>
<meta http-equiv="Content-Type" content="text/html;charset=utf-8" />
  <meta name='ocr-system' content='tesseract 3.04.00' />
  <meta name='ocr-capabilities' content='ocr_page ocr_carea ocr_par ocr_line ocrx_word'/>
</head>
<body>
  <div class='ocr_page' id='page_1' title='image "./titiliviihistor01ussigoog/titiliviihistor01ussigoog_0359.png"; bbox 0 0 2680 4546; ppageno 0'>
   <div class='ocr_carea' id='block_1_1' title="bbox 307 217 1015 300">
    <p class='ocr_par' dir='ltr' id='par_1_1' title="bbox 307 217 1015 300">
     <span class='ocr_line' id='line_1_1' title="bbox 307 217 1015 300; baseline -0.016 -6"><span class='ocrx_word' id='word_1_1' title='bbox 307 243 342 300; x_wconf 79' lang='lat' dir='ltr'><strong>rs</strong></span> <span class='ocrx_word' id='word_1_2' title='bbox 411 217 414 224; x_wconf 82' lang='lat'>&#39;</span> <span class='ocrx_word' id='word_1_3' title='bbox 571 237 651 288; x_wconf 68' lang='lat' dir='ltr'><strong>nun</strong></span> <span class='ocrx_word' id='word_1_4' title='bbox 668 235 770 290; x_wconf 79' lang='lat' dir='ltr'><strong>xxvu</strong></span> <span class='ocrx_word' id='word_1_5' title='bbox 806 236 849 299; x_wconf 72' lang='lat' dir='ltr'><strong>(e.</strong></span> <span class='ocrx_word' id='word_1_6' title='bbox 865 249 925 284; x_wconf 70' lang='lat' dir='ltr'><strong>ee.</strong></span> <span class='ocrx_word' id='word_1_7' title='bbox 941 235 1015 298; x_wconf 67' lang='lat' dir='ltr'><strong>sir.)</strong></span> 
     </span>
    </p>
   </div>
   <div class='ocr_carea' id='block_1_2' title="bbox 212 419 1330 4067">
    <p class='ocr_par' dir='ltr' id='par_1_2' title="bbox 212 419 1330 4067">
     <span class='ocr_line' id='line_1_2' title="bbox 260 419 1330 497; baseline -0.01 -16"><span class='ocrx_word' id='word_1_8' title='bbox 260 424 398 493; x_wconf 82' lang='lat' dir='ltr'><strong>fecerent,</strong></span> <span class='ocrx_word' id='word_1_9' title='bbox 420 423 576 497; x_wconf 84' lang='lat' dir='ltr'><strong>quicquam</strong></span> <span class='ocrx_word' id='word_1_10' title='bbox 599 439 726 495; x_wconf 87' lang='lat' dir='ltr'><strong>unquam</strong></span> <span class='ocrx_word' id='word_1_11' title='bbox 748 421 830 496; x_wconf 89' lang='lat' dir='ltr'><strong>pensi</strong></span> <span class='ocrx_word' id='word_1_12' title='bbox 851 419 968 489; x_wconf 60' lang='lat' dir='ltr'><strong>fuissem</strong></span> <span class='ocrx_word' id='word_1_13' title='bbox 990 420 1097 493; x_wconf 86' lang='lat' dir='ltr'><strong>iteque</strong></span> <span class='ocrx_word' id='word_1_14' title='bbox 1122 437 1161 475; x_wconf 88' lang='lat' dir='ltr'><strong>se</strong></span> <span class='ocrx_word' id='word_1_15' title='bbox 1185 433 1252 472; x_wconf 81' lang='lat' dir='ltr'><strong>eam</strong></span> <span class='ocrx_word' id='word_1_16' title='bbox 1266 431 1330 487; x_wconf 81' lang='lat' dir='ltr'><strong>que·</strong></span> 
     </span>
     <span class='ocr_line' id='line_1_3' title="bbox 231 527 1329 604; baseline -0.006 -20"><span class='ocrx_word' id='word_1_17' title='bbox 231 531 247 584; x_wconf 86' lang='lat'>5</span> <span class='ocrx_word' id='word_1_18' title='bbox 261 530 383 587; x_wconf 81' lang='lat' dir='ltr'><strong>ctionem</strong></span> <span class='ocrx_word' id='word_1_19' title='bbox 406 546 611 604; x_wconf 87' lang='lat' dir='ltr'><strong>oppressurum</strong></span> <span class='ocrx_word' id='word_1_20' title='bbox 634 527 907 600; x_wconf 81' lang='lat' dir='ltr'><strong>exstincturumque</strong></span> <span class='ocrx_word' id='word_1_21' title='bbox 952 527 1003 583; x_wconf 89' lang='lat' dir='ltr'><strong>Ab</strong></span> <span class='ocrx_word' id='word_1_22' title='bbox 1018 527 1080 582; x_wconf 92' lang='lat' dir='ltr'><strong>hoc</strong></span> <span class='ocrx_word' id='word_1_23' title='bbox 1095 543 1243 583; x_wconf 78' lang='lat' dir='ltr'><strong>sermone</strong></span> <span class='ocrx_word' id='word_1_24' title='bbox 1257 541 1329 596; x_wconf 86' lang='lat' dir='ltr'><strong>quun</strong></span> 
     </span>
     <span class='ocr_line' id='line_1_4' title="bbox 262 630 1330 711; baseline -0.007 -18"><span class='ocrx_word' id='word_1_25' title='bbox 262 635 384 711; x_wconf 76' lang='lat' dir='ltr'>digressi</span> <span class='ocrx_word' id='word_1_26' title='bbox 405 643 516 704; x_wconf 87' lang='lat' dir='ltr'><strong>essent,</strong></span> <span class='ocrx_word' id='word_1_27' title='bbox 547 643 576 691; x_wconf 89' lang='lat' dir='ltr'><strong>et</strong></span> <span class='ocrx_word' id='word_1_28' title='bbox 600 633 716 708; x_wconf 79' lang='lat' dir='ltr'><strong>Appius</strong></span> <span class='ocrx_word' id='word_1_29' title='bbox 739 632 872 706; x_wconf 87' lang='lat' dir='ltr'><strong>quamvis</strong></span> <span class='ocrx_word' id='word_1_30' title='bbox 892 631 1030 690; x_wconf 86' lang='lat' dir='ltr'><strong>ferociter</strong></span> <span class='ocrx_word' id='word_1_31' title='bbox 1049 631 1235 706; x_wconf 86' lang='lat' dir='ltr'><strong>loquentem</strong></span> <span class='ocrx_word' id='word_1_32' title='bbox 1257 630 1330 687; x_wconf 86' lang='lat' dir='ltr'><strong>colle-</strong></span> 
     </span>
     <span class='ocr_line' id='line_1_5' title="bbox 261 737 1330 816; baseline -0.009 -17"><span class='ocrx_word' id='word_1_33' title='bbox 261 761 328 816; x_wconf 78' lang='lat' dir='ltr'><strong>gam</strong></span> <span class='ocrx_word' id='word_1_34' title='bbox 363 759 421 798; x_wconf 88' lang='lat' dir='ltr'><strong>nou</strong></span> <span class='ocrx_word' id='word_1_35' title='bbox 453 739 599 798; x_wconf 79' lang='lat' dir='ltr'><strong>dubitaret</strong></span> <span class='ocrx_word' id='word_1_36' title='bbox 629 747 727 795; x_wconf 83' lang='lat' dir='ltr'><strong>temen</strong></span> <span class='ocrx_word' id='word_1_37' title='bbox 759 739 871 795; x_wconf 76' lang='lat' dir='ltr'><strong>litteras</strong></span> <span class='ocrx_word' id='word_1_38' title='bbox 899 756 987 813; x_wconf 86' lang='lat' dir='ltr'><strong>super</strong></span> <span class='ocrx_word' id='word_1_39' title='bbox 1014 746 1102 794; x_wconf 81' lang='lat' dir='ltr'><strong>tenta</strong></span> <span class='ocrx_word' id='word_1_40' title='bbox 1125 755 1166 792; x_wconf 89' lang='lat' dir='ltr'><strong>re</strong></span> <span class='ocrx_word' id='word_1_41' title='bbox 1190 737 1230 792; x_wconf 84' lang='lat' dir='ltr'><strong>eb</strong></span> <span class='ocrx_word' id='word_1_42' title='bbox 1249 737 1330 791; x_wconf 81' lang='lat' dir='ltr'><strong>Rome</strong></span> 
     </span>
     <span class='ocr_line' id='line_1_6' title="bbox 231 841 1328 921; baseline -0.005 -19"><span class='ocrx_word' id='word_1_43' title='bbox 231 847 510 921; x_wconf 84' lang='lat' dir='ltr'><strong>bexspectcturum,</strong></span> <span class='ocrx_word' id='word_1_44' title='bbox 540 842 677 912; x_wconf 85' lang='lat' dir='ltr'><strong>Fulvius,</strong></span> <span class='ocrx_word' id='word_1_45' title='bbox 709 862 746 901; x_wconf 88' lang='lat' dir='ltr'><strong>ne</strong></span> <span class='ocrx_word' id='word_1_46' title='bbox 774 843 804 899; x_wconf 94' lang='lat' dir='ltr'><strong>id</strong></span> <span class='ocrx_word' id='word_1_47' title='bbox 830 843 926 918; x_wconf 89' lang='lat' dir='ltr'><strong>ipsum</strong></span> <span class='ocrx_word' id='word_1_48' title='bbox 953 841 1209 918; x_wconf 79' lang='lat' dir='ltr'><strong>impedimentum</strong></span> <span class='ocrx_word' id='word_1_49' title='bbox 1231 841 1328 914; x_wconf 87' lang='lat' dir='ltr'><strong>inceptu</strong></span> 
     </span>
     <span class='ocr_line' id='line_1_7' title="bbox 261 945 1328 1025; baseline -0.008 -16"><span class='ocrx_word' id='word_1_50' title='bbox 261 951 345 1022; x_wconf 86' lang='lat' dir='ltr'><strong>foret,</strong></span> <span class='ocrx_word' id='word_1_51' title='bbox 367 951 513 1008; x_wconf 88' lang='lat' dir='ltr'><strong>dimittens</strong></span> <span class='ocrx_word' id='word_1_52' title='bbox 534 949 700 1025; x_wconf 73' lang='lat' dir='ltr'><strong>pretorium</strong></span> <span class='ocrx_word' id='word_1_53' title='bbox 723 949 845 1006; x_wconf 85' lang='lat' dir='ltr'><strong>tribunis</strong></span> <span class='ocrx_word' id='word_1_54' title='bbox 867 949 989 1006; x_wconf 88' lang='lat' dir='ltr'><strong>militum</strong></span> <span class='ocrx_word' id='word_1_55' title='bbox 1009 965 1045 1003; x_wconf 84' lang='lat' dir='ltr'><strong>ae</strong></span> <span class='ocrx_word' id='word_1_56' title='bbox 1058 945 1221 1021; x_wconf 68' lang='lat' dir='ltr'><strong>praefectis</strong></span> <span class='ocrx_word' id='word_1_57' title='bbox 1234 945 1328 1001; x_wconf 82' lang='lat' dir='ltr'><strong>socium</strong></span> 
     </span>
     <span class='ocr_line' id='line_1_8' title="bbox 261 1051 1328 1132; baseline -0.007 -18"><span class='ocrx_word' id='word_1_58' title='bbox 261 1057 424 1132; x_wconf 83' lang='lat' dir='ltr'><strong>imperavit,</strong></span> <span class='ocrx_word' id='word_1_59' title='bbox 446 1055 487 1112; x_wconf 89' lang='lat' dir='ltr'><strong>uti</strong></span> <span class='ocrx_word' id='word_1_60' title='bbox 502 1054 617 1112; x_wconf 89' lang='lat' dir='ltr'><strong>dnobus</strong></span> <span class='ocrx_word' id='word_1_61' title='bbox 638 1054 763 1112; x_wconf 88' lang='lat' dir='ltr'><strong>millibus</strong></span> <span class='ocrx_word' id='word_1_62' title='bbox 786 1055 914 1128; x_wconf 83' lang='lat' dir='ltr'><strong>equitum</strong></span> <span class='ocrx_word' id='word_1_63' title='bbox 937 1052 1056 1110; x_wconf 87' lang='lat' dir='ltr'><strong>delectis</strong></span> <span class='ocrx_word' id='word_1_64' title='bbox 1072 1051 1291 1109; x_wconf 67' lang='lat' dir='ltr'><strong>denuntiarent</strong></span> <span class='ocrx_word' id='word_1_65' title='bbox 1304 1057 1328 1106; x_wconf 90' lang='lat' dir='ltr'><strong>ut</strong></span> 
     </span>
     <span class='ocr_line' id='line_1_9' title="bbox 231 1155 1327 1234; baseline -0.007 -17"><span class='ocrx_word' id='word_1_66' title='bbox 231 1162 300 1218; x_wconf 80' lang='lat' dir='ltr'><strong>led</strong></span> <span class='ocrx_word' id='word_1_67' title='bbox 321 1161 436 1218; x_wconf 81' lang='lat' dir='ltr'><strong>tertiam</strong></span> <span class='ocrx_word' id='word_1_68' title='bbox 457 1160 593 1217; x_wconf 78' lang='lat' dir='ltr'><strong>bucinam</strong></span> <span class='ocrx_word' id='word_1_69' title='bbox 615 1168 722 1234; x_wconf 71' lang='lat' dir='ltr'><strong>presto</strong></span> <span class='ocrx_word' id='word_1_70' title='bbox 746 1169 849 1220; x_wconf 89' lang='lat' dir='ltr'><strong>essent.</strong></span> <span class='ocrx_word' id='word_1_71' title='bbox 905 1158 978 1217; x_wconf 81' lang='lat' dir='ltr'><strong>Cum</strong></span> <span class='ocrx_word' id='word_1_72' title='bbox 1002 1158 1060 1214; x_wconf 92' lang='lat' dir='ltr'><strong>hoc</strong></span> <span class='ocrx_word' id='word_1_73' title='bbox 1087 1155 1231 1228; x_wconf 88' lang='lat' dir='ltr'><strong>equitatu</strong></span> <span class='ocrx_word' id='word_1_74' title='bbox 1259 1161 1327 1209; x_wconf 83' lang='lat' dir='ltr'><strong>nocte</strong></span> 
     </span>
     <span class='ocr_line' id='line_1_10' title="bbox 261 1258 1325 1342; baseline -0.009 -18"><span class='ocrx_word' id='word_1_75' title='bbox 261 1269 393 1324; x_wconf 83' lang='lat' dir='ltr'><strong>Teanum</strong></span> <span class='ocrx_word' id='word_1_76' title='bbox 416 1264 573 1340; x_wconf 85' lang='lat' dir='ltr'><strong>profectus,</strong></span> <span class='ocrx_word' id='word_1_77' title='bbox 594 1265 690 1340; x_wconf 88' lang='lat' dir='ltr'><strong>prima</strong></span> <span class='ocrx_word' id='word_1_78' title='bbox 710 1266 775 1323; x_wconf 89' lang='lat' dir='ltr'><strong>luce</strong></span> <span class='ocrx_word' id='word_1_79' title='bbox 799 1273 914 1342; x_wconf 87' lang='lat' dir='ltr'><strong>portam</strong></span> <span class='ocrx_word' id='word_1_80' title='bbox 937 1261 1057 1320; x_wconf 83' lang='lat' dir='ltr'><strong>intravit</strong></span> <span class='ocrx_word' id='word_1_81' title='bbox 1080 1269 1179 1334; x_wconf 88' lang='lat' dir='ltr'><strong>atque</strong></span> <span class='ocrx_word' id='word_1_82' title='bbox 1200 1260 1232 1316; x_wconf 91' lang='lat' dir='ltr'><strong>in</strong></span> <span class='ocrx_word' id='word_1_83' title='bbox 1246 1258 1325 1316; x_wconf 84' lang='lat' dir='ltr'><strong>forum</strong></span> 
     </span>
     <span class='ocr_line' id='line_1_11' title="bbox 260 1364 1324 1446; baseline -0.009 -18"><span class='ocrx_word' id='word_1_84' title='bbox 260 1371 401 1446; x_wconf 90' lang='lat' dir='ltr'><strong>perrexit;</strong></span> <span class='ocrx_word' id='word_1_85' title='bbox 434 1388 635 1444; x_wconf 82' lang='lat' dir='ltr'><strong>concursuque</strong></span> <span class='ocrx_word' id='word_1_86' title='bbox 668 1371 706 1426; x_wconf 89' lang='lat' dir='ltr'><strong>ad</strong></span> <span class='ocrx_word' id='word_1_87' title='bbox 737 1369 861 1446; x_wconf 87' lang='lat' dir='ltr'><strong>primum</strong></span> <span class='ocrx_word' id='word_1_88' title='bbox 895 1368 1021 1446; x_wconf 83' lang='lat' dir='ltr'><strong>equitum</strong></span> <span class='ocrx_word' id='word_1_89' title='bbox 1054 1367 1230 1441; x_wconf 84' lang='lat' dir='ltr'><strong>ingressum</strong></span> <span class='ocrx_word' id='word_1_90' title='bbox 1252 1364 1324 1428; x_wconf 77' lang='lat' dir='ltr'><strong>facto,</strong></span> 
     </span>
     <span class='ocr_line' id='line_1_12' title="bbox 260 1468 1323 1550; baseline -0.008 -18"><span class='ocrx_word' id='word_1_91' title='bbox 260 1477 461 1550; x_wconf 81' lang='lat' dir='ltr'><strong>magistratum</strong></span> <span class='ocrx_word' id='word_1_92' title='bbox 485 1475 643 1532; x_wconf 81' lang='lat' dir='ltr'><strong>Sidicinum</strong></span> <span class='ocrx_word' id='word_1_93' title='bbox 674 1476 757 1532; x_wconf 86' lang='lat' dir='ltr'><strong>citari</strong></span> <span class='ocrx_word' id='word_1_94' title='bbox 791 1475 875 1531; x_wconf 89' lang='lat' dir='ltr'><strong>iussit</strong></span> <span class='ocrx_word' id='word_1_95' title='bbox 903 1472 1137 1546; x_wconf 86' lang='lat' dir='ltr'><strong>imperavitque,</strong></span> <span class='ocrx_word' id='word_1_96' title='bbox 1170 1479 1205 1527; x_wconf 88' lang='lat' dir='ltr'><strong>nt</strong></span> <span class='ocrx_word' id='word_1_97' title='bbox 1232 1468 1323 1544; x_wconf 87' lang='lat' dir='ltr'><strong>produ·</strong></span> 
     </span>
     <span class='ocr_line' id='line_1_13' title="bbox 232 1575 1323 1654; baseline -0.007 -20"><span class='ocrx_word' id='word_1_98' title='bbox 232 1579 338 1638; x_wconf 76' lang='lat' dir='ltr'><strong>liceret</strong></span> <span class='ocrx_word' id='word_1_99' title='bbox 360 1578 538 1653; x_wconf 76' lang='lat' dir='ltr'><strong>Campanos,</strong></span> <span class='ocrx_word' id='word_1_100' title='bbox 561 1599 635 1654; x_wconf 86' lang='lat' dir='ltr'><strong>quos</strong></span> <span class='ocrx_word' id='word_1_101' title='bbox 661 1580 690 1637; x_wconf 89' lang='lat' dir='ltr'><strong>iu</strong></span> <span class='ocrx_word' id='word_1_102' title='bbox 712 1581 845 1639; x_wconf 85' lang='lat' dir='ltr'><strong>custodia</strong></span> <span class='ocrx_word' id='word_1_103' title='bbox 871 1579 1001 1637; x_wconf 85' lang='lat' dir='ltr'><strong>haberet.</strong></span> <span class='ocrx_word' id='word_1_104' title='bbox 1065 1575 1216 1632; x_wconf 86' lang='lat' dir='ltr'><strong>Producti</strong></span> <span class='ocrx_word' id='word_1_105' title='bbox 1239 1589 1323 1628; x_wconf 77' lang='lat' dir='ltr'><strong>omues</strong></span> 
     </span>
     <span class='ocr_line' id='line_1_14' title="bbox 261 1677 1320 1761; baseline -0.009 -19"><span class='ocrx_word' id='word_1_106' title='bbox 261 1685 409 1760; x_wconf 79' lang='lat' dir='ltr'><strong>virgisque</strong></span> <span class='ocrx_word' id='word_1_107' title='bbox 429 1685 495 1740; x_wconf 84' lang='lat' dir='ltr'><strong>caesi</strong></span> <span class='ocrx_word' id='word_1_108' title='bbox 518 1704 552 1742; x_wconf 84' lang='lat' dir='ltr'><strong>ac</strong></span> <span class='ocrx_word' id='word_1_109' title='bbox 581 1687 675 1742; x_wconf 88' lang='lat' dir='ltr'><strong>securi</strong></span> <span class='ocrx_word' id='word_1_110' title='bbox 706 1685 843 1761; x_wconf 85' lang='lat' dir='ltr'><strong>percussi.</strong></span> <span class='ocrx_word' id='word_1_111' title='bbox 906 1684 979 1740; x_wconf 92' lang='lat' dir='ltr'><strong>Inde</strong></span> <span class='ocrx_word' id='word_1_112' title='bbox 1013 1682 1105 1739; x_wconf 84' lang='lat' dir='ltr'><strong>citato</strong></span> <span class='ocrx_word' id='word_1_113' title='bbox 1139 1698 1220 1753; x_wconf 88' lang='lat' dir='ltr'><strong>equo</strong></span> <span class='ocrx_word' id='word_1_114' title='bbox 1251 1677 1320 1734; x_wconf 76' lang='lat' dir='ltr'><strong>catu</strong></span> 
     </span>
     <span class='ocr_line' id='line_1_15' title="bbox 261 1784 1320 1867; baseline -0.01 -19"><span class='ocrx_word' id='word_1_115' title='bbox 261 1791 416 1867; x_wconf 71' lang='lat' dir='ltr'><strong>per-cunin</strong></span> <span class='ocrx_word' id='word_1_116' title='bbox 437 1789 488 1845; x_wconf 90' lang='lat' dir='ltr'><strong>ubi</strong></span> <span class='ocrx_word' id='word_1_117' title='bbox 510 1808 597 1863; x_wconf 90' lang='lat' dir='ltr'><strong>quum</strong></span> <span class='ocrx_word' id='word_1_118' title='bbox 620 1792 649 1847; x_wconf 92' lang='lat' dir='ltr'><strong>in</strong></span> <span class='ocrx_word' id='word_1_119' title='bbox 675 1790 811 1848; x_wconf 84' lang='lat' dir='ltr'><strong>tribunali</strong></span> <span class='ocrx_word' id='word_1_120' title='bbox 833 1788 1011 1847; x_wconf 88' lang='lat' dir='ltr'><strong>consedisset</strong></span> <span class='ocrx_word' id='word_1_121' title='bbox 1031 1787 1233 1861; x_wconf 89' lang='lat' dir='ltr'><strong>productique</strong></span> <span class='ocrx_word' id='word_1_122' title='bbox 1247 1784 1320 1840; x_wconf 88' lang='lat' dir='ltr'><strong>Cen·</strong></span> 
     </span>
     <span class='ocr_line' id='line_1_16' title="bbox 260 1887 1318 1972; baseline -0.009 -18"><span class='ocrx_word' id='word_1_123' title='bbox 260 1898 330 1972; x_wconf 84' lang='lat' dir='ltr'><strong>pani</strong></span> <span class='ocrx_word' id='word_1_124' title='bbox 362 1897 558 1970; x_wconf 85' lang='lat' dir='ltr'><strong>deligerentur</strong></span> <span class='ocrx_word' id='word_1_125' title='bbox 590 1895 627 1952; x_wconf 83' lang='lat' dir='ltr'><strong>ad</strong></span> <span class='ocrx_word' id='word_1_126' title='bbox 660 1896 775 1970; x_wconf 87' lang='lat' dir='ltr'><strong>palum,</strong></span> <span class='ocrx_word' id='word_1_127' title='bbox 817 1911 906 1968; x_wconf 85' lang='lat' dir='ltr'><strong>eques</strong></span> <span class='ocrx_word' id='word_1_128' title='bbox 948 1893 1021 1948; x_wconf 90' lang='lat' dir='ltr'><strong>citus</strong></span> <span class='ocrx_word' id='word_1_129' title='bbox 1056 1893 1094 1948; x_wconf 85' lang='lat' dir='ltr'><strong>ab</strong></span> <span class='ocrx_word' id='word_1_130' title='bbox 1125 1893 1226 1948; x_wconf 81' lang='lat' dir='ltr'><strong>Rome</strong></span> <span class='ocrx_word' id='word_1_131' title='bbox 1255 1887 1318 1944; x_wconf 83' lang='lat' dir='ltr'><strong>veuit</strong></span> 
     </span>
     <span class='ocr_line' id='line_1_17' title="bbox 261 1998 1317 2076; baseline -0.011 -17"><span class='ocrx_word' id='word_1_132' title='bbox 261 2003 430 2075; x_wconf 89' lang='lat' dir='ltr'><strong>litterasque</strong></span> <span class='ocrx_word' id='word_1_133' title='bbox 457 2020 475 2055; x_wconf 86' lang='lat' dir='ltr'><strong>a</strong></span> <span class='ocrx_word' id='word_1_134' title='bbox 507 1999 540 2056; x_wconf 84' lang='grc' dir='ltr'><strong>Ο.</strong></span> <span class='ocrx_word' id='word_1_135' title='bbox 564 1998 722 2075; x_wconf 85' lang='lat' dir='ltr'><strong>Calpurnio</strong></span> <span class='ocrx_word' id='word_1_136' title='bbox 753 2009 876 2076; x_wconf 81' lang='lat' dir='ltr'><strong>prretore</strong></span> <span class='ocrx_word' id='word_1_137' title='bbox 903 1998 1009 2054; x_wconf 85' lang='lat' dir='ltr'><strong>Fulvio</strong></span> <span class='ocrx_word' id='word_1_138' title='bbox 1043 2005 1073 2052; x_wconf 89' lang='lat' dir='ltr'><strong>et</strong></span> <span class='ocrx_word' id='word_1_139' title='bbox 1109 2006 1231 2053; x_wconf 85' lang='lat' dir='ltr'><strong>senatus</strong></span> <span class='ocrx_word' id='word_1_140' title='bbox 1263 2011 1317 2049; x_wconf 89' lang='lat' dir='ltr'><strong>con-</strong></span> 
     </span>
     <span class='ocr_line' id='line_1_18' title="bbox 232 2101 1315 2172; baseline -0.009 -8"><span class='ocrx_word' id='word_1_141' title='bbox 232 2107 368 2165; x_wconf 88' lang='lat' dir='ltr'><strong>9sultum</strong></span> <span class='ocrx_word' id='word_1_142' title='bbox 395 2105 493 2165; x_wconf 82' lang='lat' dir='ltr'><strong>tradit.</strong></span> <span class='ocrx_word' id='word_1_143' title='bbox 551 2107 685 2163; x_wconf 89' lang='lat' dir='ltr'><strong>Murmur</strong></span> <span class='ocrx_word' id='word_1_144' title='bbox 711 2108 748 2163; x_wconf 86' lang='lat' dir='ltr'><strong>eb</strong></span> <span class='ocrx_word' id='word_1_145' title='bbox 775 2104 912 2163; x_wconf 80' lang='lat' dir='ltr'><strong>tribunali</strong></span> <span class='ocrx_word' id='word_1_146' title='bbox 941 2111 1033 2159; x_wconf 88' lang='lat' dir='ltr'><strong>totam</strong></span> <span class='ocrx_word' id='word_1_147' title='bbox 1065 2101 1232 2157; x_wconf 90' lang='lat' dir='ltr'><strong>contionem</strong></span> <span class='ocrx_word' id='word_1_148' title='bbox 1259 2115 1315 2172; x_wconf 86' lang='lat' dir='ltr'><strong>per-</strong></span> 
     </span>
     <span class='ocr_line' id='line_1_19' title="bbox 262 2203 1309 2286; baseline -0.011 -17"><span class='ocrx_word' id='word_1_149' title='bbox 262 2213 347 2282; x_wconf 85' lang='lat' dir='ltr'><strong>vasit,</strong></span> <span class='ocrx_word' id='word_1_150' title='bbox 369 2209 478 2267; x_wconf 82' lang='lat' dir='ltr'><strong>differri</strong></span> <span class='ocrx_word' id='word_1_151' title='bbox 499 2227 561 2267; x_wconf 89' lang='lat' dir='ltr'><strong>rem</strong></span> <span class='ocrx_word' id='word_1_152' title='bbox 582 2212 726 2286; x_wconf 82' lang='lat' dir='ltr'><strong>integram</strong></span> <span class='ocrx_word' id='word_1_153' title='bbox 742 2211 779 2266; x_wconf 84' lang='lat' dir='ltr'><strong>ad</strong></span> <span class='ocrx_word' id='word_1_154' title='bbox 794 2218 893 2285; x_wconf 83' lang='lat' dir='ltr'><strong>patres</strong></span> <span class='ocrx_word' id='word_1_155' title='bbox 908 2209 944 2266; x_wconf 91' lang='lat' dir='ltr'><strong>de</strong></span> <span class='ocrx_word' id='word_1_156' title='bbox 955 2206 1132 2282; x_wconf 82' lang='lat' dir='ltr'><strong>Campanis3</strong></span> <span class='ocrx_word' id='word_1_157' title='bbox 1155 2213 1184 2261; x_wconf 88' lang='lat' dir='ltr'><strong>et</strong></span> <span class='ocrx_word' id='word_1_158' title='bbox 1198 2203 1309 2261; x_wconf 81' lang='lat' dir='ltr'><strong>Fulvius</strong></span> 
     </span>
     <span class='ocr_line' id='line_1_20' title="bbox 261 2307 1311 2390; baseline -0.01 -17"><span class='ocrx_word' id='word_1_159' title='bbox 261 2317 291 2373; x_wconf 92' lang='lat' dir='ltr'><strong>id</strong></span> <span class='ocrx_word' id='word_1_160' title='bbox 312 2316 354 2372; x_wconf 90' lang='lat' dir='ltr'><strong>ita</strong></span> <span class='ocrx_word' id='word_1_161' title='bbox 376 2333 439 2372; x_wconf 90' lang='lat' dir='ltr'><strong>esse</strong></span> <span class='ocrx_word' id='word_1_162' title='bbox 460 2323 556 2385; x_wconf 83' lang='lat' dir='ltr'><strong>ratus,</strong></span> <span class='ocrx_word' id='word_1_163' title='bbox 588 2324 722 2390; x_wconf 81' lang='lat' dir='ltr'><strong>acceptas</strong></span> <span class='ocrx_word' id='word_1_164' title='bbox 754 2315 865 2372; x_wconf 83' lang='lat' dir='ltr'><strong>litteras</strong></span> <span class='ocrx_word' id='word_1_165' title='bbox 891 2331 985 2387; x_wconf 87' lang='lat' dir='ltr'><strong>neque</strong></span> <span class='ocrx_word' id='word_1_166' title='bbox 1013 2312 1161 2370; x_wconf 80' lang='lat' dir='ltr'><strong>resolutus</strong></span> <span class='ocrx_word' id='word_1_167' title='bbox 1189 2307 1311 2384; x_wconf 86' lang='lat' dir='ltr'><strong>quumiu</strong></span> 
     </span>
     <span class='ocr_line' id='line_1_21' title="bbox 261 2416 1308 2497; baseline -0.009 -21"><span class='ocrx_word' id='word_1_168' title='bbox 261 2419 372 2496; x_wconf 87' lang='lat' dir='ltr'><strong>gremio</strong></span> <span class='ocrx_word' id='word_1_169' title='bbox 393 2421 584 2495; x_wconf 75' lang='lat' dir='ltr'><strong>reposuisset,</strong></span> <span class='ocrx_word' id='word_1_170' title='bbox 606 2422 732 2497; x_wconf 83' lang='lat' dir='ltr'><strong>praeconi</strong></span> <span class='ocrx_word' id='word_1_171' title='bbox 756 2419 924 2496; x_wconf 84' lang='lat' dir='ltr'><strong>imperavit,</strong></span> <span class='ocrx_word' id='word_1_172' title='bbox 946 2425 980 2476; x_wconf 93' lang='lat' dir='ltr'><strong>ut</strong></span> <span class='ocrx_word' id='word_1_173' title='bbox 999 2417 1133 2474; x_wconf 87' lang='lat' dir='ltr'><strong>lictorem</strong></span> <span class='ocrx_word' id='word_1_174' title='bbox 1154 2416 1219 2490; x_wconf 83' lang='lat' dir='ltr'><strong>lege</strong></span> <span class='ocrx_word' id='word_1_175' title='bbox 1239 2429 1308 2486; x_wconf 83' lang='lat' dir='ltr'><strong>egere</strong></span> 
     </span>
     <span class='ocr_line' id='line_1_22' title="bbox 260 2522 1306 2598; baseline -0.011 -16"><span class='ocrx_word' id='word_1_176' title='bbox 260 2527 380 2584; x_wconf 89' lang='lat' dir='ltr'><strong>iuberet.</strong></span> <span class='ocrx_word' id='word_1_177' title='bbox 443 2526 490 2582; x_wconf 85' lang='lat' dir='ltr'><strong>Ite</strong></span> <span class='ocrx_word' id='word_1_178' title='bbox 515 2524 559 2584; x_wconf 90' lang='lat' dir='ltr'><strong>de</strong></span> <span class='ocrx_word' id='word_1_179' title='bbox 588 2523 624 2581; x_wconf 88' lang='lat' dir='ltr'><strong>iis</strong></span> <span class='ocrx_word' id='word_1_180' title='bbox 657 2543 788 2598; x_wconf 85' lang='lat' dir='ltr'><strong>quoque,</strong></span> <span class='ocrx_word' id='word_1_181' title='bbox 823 2525 872 2598; x_wconf 91' lang='lat' dir='ltr'><strong>qui</strong></span> <span class='ocrx_word' id='word_1_182' title='bbox 900 2522 1019 2580; x_wconf 84' lang='lat' dir='ltr'><strong>Calibus</strong></span> <span class='ocrx_word' id='word_1_183' title='bbox 1050 2529 1150 2590; x_wconf 82' lang='lat' dir='ltr'><strong>erent,</strong></span> <span class='ocrx_word' id='word_1_184' title='bbox 1182 2527 1306 2592; x_wconf 85' lang='lat' dir='ltr'><strong>sumptum</strong></span> 
     </span>
     <span class='ocr_line' id='line_1_23' title="bbox 214 2627 1304 2706; baseline -0.01 -15"><span class='ocrx_word' id='word_1_185' title='bbox 214 2637 248 2691; x_wconf 86' lang='lat'><strong>10</strong></span> <span class='ocrx_word' id='word_1_186' title='bbox 261 2631 443 2706; x_wconf 89' lang='lat' dir='ltr'><strong>supplicium.</strong></span> <span class='ocrx_word' id='word_1_187' title='bbox 501 2629 578 2685; x_wconf 83' lang='lat' dir='ltr'><strong>Tum</strong></span> <span class='ocrx_word' id='word_1_188' title='bbox 598 2629 701 2686; x_wconf 84' lang='lat' dir='ltr'><strong>litterae</strong></span> <span class='ocrx_word' id='word_1_189' title='bbox 724 2630 805 2686; x_wconf 86' lang='lat' dir='ltr'><strong>lectae</strong></span> <span class='ocrx_word' id='word_1_190' title='bbox 834 2636 1009 2701; x_wconf 82' lang='lat' dir='ltr'><strong>senatusque</strong></span> <span class='ocrx_word' id='word_1_191' title='bbox 1036 2627 1209 2693; x_wconf 89' lang='lat' dir='ltr'><strong>consultum,</strong></span> <span class='ocrx_word' id='word_1_192' title='bbox 1228 2639 1304 2680; x_wconf 78' lang='lat' dir='ltr'><strong>serum</strong></span> 
     </span>
     <span class='ocr_line' id='line_1_24' title="bbox 262 2734 1305 2810; baseline -0.006 -18"><span class='ocrx_word' id='word_1_193' title='bbox 262 2736 299 2792; x_wconf 89' lang='lat' dir='ltr'><strong>ed</strong></span> <span class='ocrx_word' id='word_1_194' title='bbox 320 2734 534 2810; x_wconf 80' lang='lat' dir='ltr'><strong>impediendam</strong></span> <span class='ocrx_word' id='word_1_195' title='bbox 563 2753 625 2790; x_wconf 87' lang='lat' dir='ltr'><strong>rem</strong></span> <span class='ocrx_word' id='word_1_196' title='bbox 653 2743 765 2804; x_wconf 84' lang='lat' dir='ltr'><strong>actum,</strong></span> <span class='ocrx_word' id='word_1_197' title='bbox 798 2753 863 2808; x_wconf 87' lang='lat' dir='ltr'><strong>quae</strong></span> <span class='ocrx_word' id='word_1_198' title='bbox 895 2750 1010 2788; x_wconf 88' lang='lat' dir='ltr'><strong>summa</strong></span> <span class='ocrx_word' id='word_1_199' title='bbox 1042 2749 1101 2806; x_wconf 90' lang='lat' dir='ltr'><strong>ope</strong></span> <span class='ocrx_word' id='word_1_200' title='bbox 1134 2735 1305 2806; x_wconf 63' lang='lat' dir='ltr'><strong>approperat*</strong></span> 
     </span>
     <span class='ocr_line' id='line_1_25' title="bbox 212 2836 1303 2914; baseline -0.011 -14"><span class='ocrx_word' id='word_1_201' title='bbox 212 2847 243 2901; x_wconf 84' lang='lat'><strong>11</strong></span> <span class='ocrx_word' id='word_1_202' title='bbox 261 2849 332 2911; x_wconf 81' lang='lat' dir='ltr'><strong>eret,</strong></span> <span class='ocrx_word' id='word_1_203' title='bbox 353 2859 390 2896; x_wconf 89' lang='lat' dir='ltr'><strong>ne</strong></span> <span class='ocrx_word' id='word_1_204' title='bbox 411 2840 544 2914; x_wconf 90' lang='lat' dir='ltr'><strong>impediri</strong></span> <span class='ocrx_word' id='word_1_205' title='bbox 567 2847 675 2914; x_wconf 88' lang='lat' dir='ltr'><strong>posset.</strong></span> <span class='ocrx_word' id='word_1_206' title='bbox 719 2837 948 2914; x_wconf 87' lang='lat' dir='ltr'><strong>Consurgentem</strong></span> <span class='ocrx_word' id='word_1_207' title='bbox 969 2837 1029 2892; x_wconf 89' lang='lat' dir='ltr'><strong>iam</strong></span> <span class='ocrx_word' id='word_1_208' title='bbox 1051 2837 1188 2894; x_wconf 84' lang='lat' dir='ltr'><strong>Fulvium</strong></span> <span class='ocrx_word' id='word_1_209' title='bbox 1207 2836 1303 2892; x_wconf 79' lang='lat' dir='ltr'><strong>Taurea</strong></span> 
     </span>
     <span class='ocr_line' id='line_1_26' title="bbox 260 2937 1301 3019; baseline -0.01 -18"><span class='ocrx_word' id='word_1_210' title='bbox 260 2945 404 3003; x_wconf 89' lang='lat' dir='ltr'><strong>Vibellius</strong></span> <span class='ocrx_word' id='word_1_211' title='bbox 426 2943 605 3019; x_wconf 83' lang='lat' dir='ltr'><strong>Campanus,</strong></span> <span class='ocrx_word' id='word_1_212' title='bbox 626 2962 680 3019; x_wconf 90' lang='lat' dir='ltr'><strong>per</strong></span> <span class='ocrx_word' id='word_1_213' title='bbox 701 2942 825 2998; x_wconf 85' lang='lat' dir='ltr'><strong>mediam</strong></span> <span class='ocrx_word' id='word_1_214' title='bbox 848 2941 958 2999; x_wconf 78' lang='lat' dir='ltr'><strong>vadens</strong></span> <span class='ocrx_word' id='word_1_215' title='bbox 979 2944 1112 3011; x_wconf 84' lang='lat' dir='ltr'><strong>turbam,</strong></span> <span class='ocrx_word' id='word_1_216' title='bbox 1142 2940 1249 2999; x_wconf 88' lang='lat' dir='ltr'><strong>nomine</strong></span> <span class='ocrx_word' id='word_1_217' title='bbox 1266 2937 1301 2991; x_wconf 89' lang='lat' dir='ltr'><strong>iu·</strong></span> 
     </span>
     <span class='ocr_line' id='line_1_27' title="bbox 261 3043 1300 3124; baseline -0.012 -18"><span class='ocrx_word' id='word_1_218' title='bbox 261 3050 408 3117; x_wconf 82' lang='lat' dir='ltr'><strong>clamavit,</strong></span> <span class='ocrx_word' id='word_1_219' title='bbox 429 3058 458 3107; x_wconf 90' lang='lat' dir='ltr'><strong>et</strong></span> <span class='ocrx_word' id='word_1_220' title='bbox 480 3069 568 3124; x_wconf 89' lang='lat' dir='ltr'><strong>quum</strong></span> <span class='ocrx_word' id='word_1_221' title='bbox 591 3048 789 3116; x_wconf 80' lang='lat' dir='ltr'><strong>mirabundus,</strong></span> <span class='ocrx_word' id='word_1_222' title='bbox 813 3047 951 3121; x_wconf 81' lang='lat' dir='ltr'><strong>quidnam</strong></span> <span class='ocrx_word' id='word_1_223' title='bbox 974 3064 1038 3104; x_wconf 87' lang='lat' dir='ltr'><strong>sese</strong></span> <span class='ocrx_word' id='word_1_224' title='bbox 1056 3047 1154 3118; x_wconf 88' lang='lat' dir='ltr'><strong>vellet,</strong></span> <span class='ocrx_word' id='word_1_225' title='bbox 1174 3043 1300 3104; x_wconf 83' lang='lat' dir='ltr'><strong>resedisset</strong></span> 
     </span>
     <span class='ocr_line' id='line_1_28' title="bbox 213 3133 1299 3229; baseline -0.006 -20"><span class='ocrx_word' id='word_1_226' title='bbox 213 3153 247 3208; x_wconf 83' lang='lat'><strong>12</strong></span> <span class='ocrx_word' id='word_1_227' title='bbox 261 3155 393 3222; x_wconf 84' lang='lat' dir='ltr'><strong>Flaccus,</strong></span> <span class='ocrx_word' id='word_1_228' title='bbox 426 3155 495 3224; x_wconf 81' lang='lat' dir='ltr'><strong>„Me</strong></span> <span class='ocrx_word' id='word_1_229' title='bbox 518 3158 651 3229; x_wconf 85' lang='lat' dir='ltr'><strong>quoque“</strong></span> <span class='ocrx_word' id='word_1_230' title='bbox 675 3133 777 3226; x_wconf 86' lang='lat' dir='ltr'><strong>inquit</strong></span> <span class='ocrx_word' id='word_1_231' title='bbox 791 3152 876 3220; x_wconf 82' lang='lat' dir='ltr'><strong>„iube</strong></span> <span class='ocrx_word' id='word_1_232' title='bbox 898 3152 1004 3222; x_wconf 87' lang='lat' dir='ltr'><strong>occidi,</strong></span> <span class='ocrx_word' id='word_1_233' title='bbox 1038 3161 1071 3209; x_wconf 90' lang='lat' dir='ltr'><strong>ut</strong></span> <span class='ocrx_word' id='word_1_234' title='bbox 1092 3152 1209 3228; x_wconf 84' lang='lat' dir='ltr'><strong>gloriari</strong></span> <span class='ocrx_word' id='word_1_235' title='bbox 1227 3145 1299 3224; x_wconf 84' lang='lat' dir='ltr'><strong>possis</strong></span> 
     </span>
     <span class='ocr_line' id='line_1_29' title="bbox 261 3253 1296 3333; baseline -0.006 -17"><span class='ocrx_word' id='word_1_236' title='bbox 261 3259 352 3316; x_wconf 89' lang='lat' dir='ltr'><strong>multo</strong></span> <span class='ocrx_word' id='word_1_237' title='bbox 374 3258 539 3331; x_wconf 85' lang='lat' dir='ltr'><strong>fortiorem,</strong></span> <span class='ocrx_word' id='word_1_238' title='bbox 562 3277 649 3332; x_wconf 85' lang='lat' dir='ltr'><strong>quam</strong></span> <span class='ocrx_word' id='word_1_239' title='bbox 671 3258 734 3333; x_wconf 90' lang='lat' dir='ltr'><strong>ipse</strong></span> <span class='ocrx_word' id='word_1_240' title='bbox 756 3275 803 3326; x_wconf 84' lang='lat' dir='ltr'><strong>es,</strong></span> <span class='ocrx_word' id='word_1_241' title='bbox 835 3258 929 3314; x_wconf 89' lang='lat' dir='ltr'><strong>virum</strong></span> <span class='ocrx_word' id='word_1_242' title='bbox 953 3258 1005 3315; x_wconf 85' lang='lat' dir='ltr'><strong>abs</strong></span> <span class='ocrx_word' id='word_1_243' title='bbox 1031 3267 1060 3314; x_wconf 88' lang='lat' dir='ltr'><strong>te</strong></span> <span class='ocrx_word' id='word_1_244' title='bbox 1082 3257 1206 3315; x_wconf 88' lang='lat' dir='ltr'><strong>occisum</strong></span> <span class='ocrx_word' id='word_1_245' title='bbox 1228 3253 1296 3310; x_wconf 55' lang='lat' dir='ltr'><strong>esse?</strong></span> 
     </span>
     <span class='ocr_line' id='line_1_30' title="bbox 213 3360 1294 3438; baseline -0.009 -16"><span class='ocrx_word' id='word_1_246' title='bbox 213 3363 247 3417; x_wconf 85' lang='lat'><strong>13</strong></span> <span class='ocrx_word' id='word_1_247' title='bbox 263 3365 359 3438; x_wconf 79' lang='lat' dir='ltr'><strong>Quum</strong></span> <span class='ocrx_word' id='word_1_248' title='bbox 382 3364 505 3422; x_wconf 80' lang='lat' dir='ltr'><strong>Flaccus</strong></span> <span class='ocrx_word' id='word_1_249' title='bbox 528 3373 649 3438; x_wconf 86' lang='lat' dir='ltr'><strong>negaret</strong></span> <span class='ocrx_word' id='word_1_250' title='bbox 670 3361 802 3438; x_wconf 84' lang='lat' dir='ltr'><strong>profecto</strong></span> <span class='ocrx_word' id='word_1_251' title='bbox 824 3362 895 3418; x_wconf 86' lang='lat' dir='ltr'><strong>satis</strong></span> <span class='ocrx_word' id='word_1_252' title='bbox 924 3370 1088 3436; x_wconf 90' lang='lat' dir='ltr'><strong>compotem</strong></span> <span class='ocrx_word' id='word_1_253' title='bbox 1123 3360 1221 3420; x_wconf 84' lang='lat' dir='ltr'><strong>mentis</strong></span> <span class='ocrx_word' id='word_1_254' title='bbox 1243 3371 1294 3412; x_wconf 75' lang='lat' dir='ltr'><strong>esst</strong></span> 
     </span>
     <span class='ocr_line' id='line_1_31' title="bbox 261 3463 1294 3546; baseline -0.012 -17"><span class='ocrx_word' id='word_1_255' title='bbox 261 3473 349 3529; x_wconf 90' lang='lat' dir='ltr'><strong>modo</strong></span> <span class='ocrx_word' id='word_1_256' title='bbox 364 3470 513 3546; x_wconf 84' lang='lat' dir='ltr'><strong>prohiberi</strong></span> <span class='ocrx_word' id='word_1_257' title='bbox 528 3469 615 3527; x_wconf 85' lang='lat' dir='ltr'><strong>etiem</strong></span> <span class='ocrx_word' id='word_1_258' title='bbox 630 3485 670 3539; x_wconf 91' lang='lat' dir='ltr'><strong>se,</strong></span> <span class='ocrx_word' id='word_1_259' title='bbox 692 3467 716 3524; x_wconf 89' lang='lat' dir='ltr'><strong>si</strong></span> <span class='ocrx_word' id='word_1_260' title='bbox 737 3468 766 3524; x_wconf 92' lang='lat' dir='ltr'><strong>id</strong></span> <span class='ocrx_word' id='word_1_261' title='bbox 788 3466 884 3537; x_wconf 88' lang='lat' dir='ltr'><strong>vellet,</strong></span> <span class='ocrx_word' id='word_1_262' title='bbox 906 3477 1023 3524; x_wconf 84' lang='lat' dir='ltr'><strong>senatus</strong></span> <span class='ocrx_word' id='word_1_263' title='bbox 1051 3467 1183 3526; x_wconf 84' lang='lat' dir='ltr'><strong>consulto</strong></span> <span class='ocrx_word' id='word_1_264' title='bbox 1206 3463 1294 3519; x_wconf 79' lang='lat' dir='ltr'><strong>diceret</strong></span> 
     </span>
     <span class='ocr_line' id='line_1_32' title="bbox 214 3563 1293 3648; baseline -0.009 -16"><span class='ocrx_word' id='word_1_265' title='bbox 214 3573 248 3626; x_wconf 86' lang='grc'><strong>14</strong></span> <span class='ocrx_word' id='word_1_266' title='bbox 261 3586 322 3634; x_wconf 84' lang='lat' dir='ltr'><strong>tum</strong></span> <span class='ocrx_word' id='word_1_267' title='bbox 345 3574 646 3648; x_wconf 82' lang='lat' dir='ltr'><strong>Vibellius„Quendo</strong></span> <span class='ocrx_word' id='word_1_268' title='bbox 669 3571 803 3646; x_wconf 87' lang='lat' dir='ltr'><strong>quidem“</strong></span> <span class='ocrx_word' id='word_1_269' title='bbox 827 3571 929 3646; x_wconf 91' lang='lat' dir='ltr'><strong>inquit,</strong></span> <span class='ocrx_word' id='word_1_270' title='bbox 953 3581 1059 3648; x_wconf 84' lang='lat' dir='ltr'><strong>„cepte</strong></span> <span class='ocrx_word' id='word_1_271' title='bbox 1080 3573 1185 3646; x_wconf 83' lang='lat' dir='ltr'><strong>patria,</strong></span> <span class='ocrx_word' id='word_1_272' title='bbox 1204 3563 1293 3644; x_wconf 86' lang='lat' dir='ltr'><strong>propiu-</strong></span> 
     </span>
     <span class='ocr_line' id='line_1_33' title="bbox 262 3674 1292 3756; baseline -0.014 -18"><span class='ocrx_word' id='word_1_273' title='bbox 262 3681 326 3756; x_wconf 90' lang='lat' dir='ltr'><strong>quis</strong></span> <span class='ocrx_word' id='word_1_274' title='bbox 349 3681 507 3754; x_wconf 87' lang='lat' dir='ltr'><strong>amicisque</strong></span> <span class='ocrx_word' id='word_1_275' title='bbox 527 3679 650 3746; x_wconf 83' lang='lat' dir='ltr'><strong>emissis,</strong></span> <span class='ocrx_word' id='word_1_276' title='bbox 673 3697 760 3753; x_wconf 88' lang='lat' dir='ltr'><strong>quum</strong></span> <span class='ocrx_word' id='word_1_277' title='bbox 775 3679 838 3753; x_wconf 90' lang='lat' dir='ltr'><strong>ipse</strong></span> <span class='ocrx_word' id='word_1_278' title='bbox 853 3695 941 3734; x_wconf 84' lang='lat' dir='ltr'><strong>manu</strong></span> <span class='ocrx_word' id='word_1_279' title='bbox 957 3695 1022 3734; x_wconf 84' lang='lat' dir='ltr'><strong>mea</strong></span> <span class='ocrx_word' id='word_1_280' title='bbox 1038 3677 1188 3752; x_wconf 87' lang='lat' dir='ltr'><strong>coniugem</strong></span> <span class='ocrx_word' id='word_1_281' title='bbox 1201 3674 1292 3730; x_wconf 83' lang='lat' dir='ltr'><strong>liberos·</strong></span> 
     </span>
     <span class='ocr_line' id='line_1_34' title="bbox 262 3771 1290 3868; baseline -0.009 -25"><span class='ocrx_word' id='word_1_282' title='bbox 262 3806 318 3868; x_wconf 81' lang='lat' dir='ltr'><strong>que</strong></span> <span class='ocrx_word' id='word_1_283' title='bbox 338 3783 545 3855; x_wconf 81' lang='lat' dir='ltr'><strong>interfecerim,</strong></span> <span class='ocrx_word' id='word_1_284' title='bbox 577 3803 613 3841; x_wconf 91' lang='lat' dir='ltr'><strong>ue</strong></span> <span class='ocrx_word' id='word_1_285' title='bbox 637 3783 706 3858; x_wconf 91' lang='lat' dir='ltr'><strong>quid</strong></span> <span class='ocrx_word' id='word_1_286' title='bbox 728 3783 839 3857; x_wconf 84' lang='lat' dir='ltr'><strong>indigni</strong></span> <span class='ocrx_word' id='word_1_287' title='bbox 861 3790 1044 3857; x_wconf 85' lang='lat' dir='ltr'><strong>peterentur,</strong></span> <span class='ocrx_word' id='word_1_288' title='bbox 1074 3783 1144 3839; x_wconf 87' lang='lat' dir='ltr'><strong>mihi</strong></span> <span class='ocrx_word' id='word_1_289' title='bbox 1167 3800 1200 3838; x_wconf 87' lang='lat' dir='ltr'><strong>ne</strong></span> <span class='ocrx_word' id='word_1_290' title='bbox 1218 3771 1290 3834; x_wconf 74' lang='lat' dir='ltr'><strong>uertit</strong></span> 
     </span>
     <span class='ocr_line' id='line_1_35' title="bbox 263 3887 1290 3965; baseline -0.011 -17"><span class='ocrx_word' id='word_1_291' title='bbox 263 3891 377 3965; x_wconf 89' lang='lat' dir='ltr'><strong>quidem</strong></span> <span class='ocrx_word' id='word_1_292' title='bbox 400 3891 485 3964; x_wconf 86' lang='lat' dir='ltr'><strong>copie</strong></span> <span class='ocrx_word' id='word_1_293' title='bbox 507 3891 607 3947; x_wconf 86' lang='lat' dir='ltr'><strong>eedem</strong></span> <span class='ocrx_word' id='word_1_294' title='bbox 638 3896 695 3958; x_wconf 86' lang='lat' dir='ltr'><strong>est,</strong></span> <span class='ocrx_word' id='word_1_295' title='bbox 727 3905 792 3961; x_wconf 83' lang='lat' dir='ltr'><strong>quae</strong></span> <span class='ocrx_word' id='word_1_296' title='bbox 823 3888 868 3944; x_wconf 93' lang='lat' dir='ltr'><strong>his</strong></span> <span class='ocrx_word' id='word_1_297' title='bbox 903 3887 1014 3944; x_wconf 84' lang='lat' dir='ltr'><strong>civibus</strong></span> <span class='ocrx_word' id='word_1_298' title='bbox 1046 3887 1132 3957; x_wconf 87' lang='lat' dir='ltr'><strong>meis,</strong></span> <span class='ocrx_word' id='word_1_299' title='bbox 1163 3891 1290 3962; x_wconf 70' lang='lat' dir='ltr'><strong>peteturt</strong></span> 
     </span>
     <span class='ocr_line' id='line_1_36' title="bbox 214 3991 1288 4067; baseline -0.006 -15"><span class='ocrx_word' id='word_1_300' title='bbox 214 3999 248 4053; x_wconf 83' lang='lat'><strong>15</strong></span> <span class='ocrx_word' id='word_1_301' title='bbox 261 3997 367 4052; x_wconf 86' lang='lat' dir='ltr'><strong>virtute</strong></span> <span class='ocrx_word' id='word_1_302' title='bbox 387 3995 488 4051; x_wconf 84' lang='lat' dir='ltr'><strong>invisae</strong></span> <span class='ocrx_word' id='word_1_303' title='bbox 509 3995 594 4051; x_wconf 88' lang='lat' dir='ltr'><strong>huius</strong></span> <span class='ocrx_word' id='word_1_304' title='bbox 616 3995 683 4050; x_wconf 84' lang='lat' dir='ltr'><strong>vitee</strong></span> <span class='ocrx_word' id='word_1_305' title='bbox 705 3992 859 4051; x_wconf 83' lang='lat' dir='ltr'><strong>vindicte.“</strong></span> <span class='ocrx_word' id='word_1_306' title='bbox 914 3993 1014 4066; x_wconf 85' lang='lat' dir='ltr'><strong>Atque</strong></span> <span class='ocrx_word' id='word_1_307' title='bbox 1035 3992 1077 4048; x_wconf 88' lang='lat' dir='ltr'><strong>ita</strong></span> <span class='ocrx_word' id='word_1_308' title='bbox 1098 3991 1205 4067; x_wconf 80' lang='lat' dir='ltr'><strong>gladio,</strong></span> <span class='ocrx_word' id='word_1_309' title='bbox 1228 3997 1288 4057; x_wconf 83' lang='lat' dir='ltr'><strong>quen</strong></span> 
     </span>
    </p>
   </div>
   <div class='ocr_carea' id='block_1_3' title="bbox 0 0 1344 4546">
    <p class='ocr_par' dir='ltr' id='par_1_3' title="bbox 0 0 1344 4546">
     <span class='ocr_line' id='line_1_37' title="bbox 0 0 1344 4546; baseline 0 4"><span class='ocrx_word' id='word_1_310' title='bbox 0 0 1344 4546; x_wconf 95' lang='lat' dir='ltr'><strong> </strong></span> 
     </span>
    </p>
   </div>
  </div>
 </body>
</html>
