2700 4426
435 144 858 211 caestuscaestus
981 120 988 132 ’
1120 156 1136 208 -7

116 324 225 398 Ingens
251 343 357 401 corpus
383 335 460 396 erat,
491 337 520 384 et
547 345 630 386 mma
656 329 863 399 honestabant;
895 307 924 387 et
948 331 1093 389 sublatum
1121 332 1180 390 alte
1197 337 1232 391 16

116 414 231 502 signum
252 439 435 496 converteret
457 431 495 487 ad
516 431 712 506 spectaculum
734 435 811 492 cives
830 435 995 508 hostesque.
1044 434 1178 495 Ceterum
1196 444 1229 497 17

116 540 272 607 postquam
293 533 352 591 iam
375 535 414 591 ad
436 535 519 610 signa
540 545 711 610 pervenerat
732 537 942 613 Hispanorum,
970 548 1030 596 tum
1052 540 1180 614 undique

115 635 145 691 iu
168 655 233 694 enm
255 640 376 712 tragulas
397 641 533 697 coniectae
555 648 587 698 et·
609 659 701 716 prope
731 650 794 698 tota
818 643 848 699 in
869 662 957 701 unum
980 644 1057 702 acies
1078 663 1179 714 versat

116 739 168 796 sed
188 759 284 816 neque
305 745 457 802 multitudo
479 745 605 802 hostium
621 764 715 819 neque
729 746 850 803 telorum
867 746 911 803 vis
926 766 1026 806 arcere
1039 749 1178 824 impetum

116 844 177 901 eius
209 847 264 904 viri
284 857 457 922 potuerunt.
511 850 551 906 Et
578 851 619 907 M.
648 851 756 908 Atilius
785 851 898 925 legatus
926 851 1013 926 primi
1040 852 1178 928 principis

115 968 153 1006 ex
185 951 286 1008 eadem
308 953 423 1028 legione
452 955 566 1030 signum
597 953 704 1012 inferre
731 956 762 1011 in
798 956 947 1012 cohortem
977 957 1177 1032 Hispanorum

114 1056 214 1132 coepit,
253 1065 282 1114 et
311 1056 361 1130 qui
395 1057 496 1114 castris
531 1069 690 1135 praeerant,
728 1061 762 1117 L.
793 1059 916 1116 Porcius
943 1061 1062 1118 Licinus
1088 1071 1116 1118 et
1140 1063 1177 1119 T.

114 1160 259 1237 Popillius
286 1161 390 1237 legati,
416 1182 470 1239 pro
499 1164 577 1222 vallo
603 1166 707 1222 acriter
737 1173 923 1241 propugnant
951 1165 1178 1240 elephantosque

73 1325 82 1351 Ι,
114 1265 357 1340 transgredientes
382 1267 411 1323 in
432 1268 497 1342 ipso
518 1270 597 1327 vallo
626 1271 809 1328 conficiunt„
845 1269 976 1342 Quorum
1005 1271 1206 1346 corporibns2

115 1388 203 1443 quum
238 1371 356 1447 oppleta
389 1371 471 1429 fossa
498 1386 589 1446 esset,
628 1375 707 1433 velut
737 1370 844 1449 aggere
874 1385 925 1431 ant
952 1385 1041 1450 ponte
1070 1374 1175 1432 iniecto

113 1476 264 1538 transitum
288 1478 419 1535 hostibus
448 1478 542 1549 dedit3
569 1479 609 1535 ibi
631 1497 684 1553 per
705 1474 831 1553 stragem
853 1480 1008 1536 iacentium
1039 1477 1174 1553 elephan-

113 1567 207 1639 torum
238 1591 324 1640 atrox
354 1583 432 1639 edita
461 1583 564 1641 cades.
619 1584 724 1640 Altera
753 1583 783 1640 in
811 1594 895 1658 parte
922 1592 1082 1641 castrorum
1101 1575 1205 1643 'iam3
1258 1631 1261 1638 ,

111 1684 229 1761 impulsi
259 1695 342 1744 erant
374 1686 517 1764 Campani
547 1689 747 1762 Punicumque
777 1689 942 1762 praesidium
976 1698 1006 1744 et
1032 1690 1086 1745 snb
1110 1689 1175 1765 ipsa

112 1800 201 1866 porta·
220 1790 346 1866 Capuae,
382 1811 446 1866 quae
467 1793 643 1851 Vulturnum
664 1791 736 1863 fert,
766 1794 966 1868 pugnabatur3
999 1810 1093 1865 neque
1114 1802 1173 1850 tam
1187 1802 1222 1862 4Ἰ

112 1897 217 1954 armati
237 1897 462 1972 irrumpentibus
483 1898 624 1956 Romanis
645 1897 826 1967 resistebant,
848 1915 935 1970 quam
951 1905 1037 1972 porta
1051 1897 1174 1955 ballistis

111 2001 369 2078 scorpionibusque
390 2001 531 2058 instructa
553 2002 708 2059 missilibus
730 2000 832 2076 procul
852 2001 951 2057 hostes
972 2002 1099 2059 arcebat.
1134 2003 1204 2062 Est

110 2106 271 2181 suppressit
283 2106 421 2180 impetum
432 2107 631 2163 Romanorum
646 2106 750 2162 vulnus
764 2105 948 2180 imperatoris
959 2108 1040 2181 App.
1051 2105 1174 2181 Claudii,

110 2211 156 2268 cui
178 2229 247 2269 suos
269 2219 337 2284 ante
358 2211 453 2285 prima
474 2211 559 2286 signa
580 2211 748 2268 adhortanti
776 2213 830 2268 sub
858 2211 931 2268 laevo
952 2214 1074 2269 humero
1096 2231 1173 2270 sum·
1205 2252 1208 2269 t

109 2333 188 2371 mum
209 2325 310 2391 pectus
331 2333 409 2390 gaeso
433 2315 520 2372 ictum
546 2326 597 2374 est.
645 2317 755 2389 Magna
777 2315 821 2372 vis
843 2327 940 2373 tamen
960 2317 1085 2374 hostium
1106 2329 1173 2376 ante

108 2427 224 2494 portam
247 2430 291 2477 est
312 2439 396 2490 caesa,
418 2422 506 2478 ceteri
527 2419 631 2493 trepidi
656 2418 686 2476 in
713 2421 812 2477 urbem
836 2421 987 2495 compulsi.
1029 2423 1069 2480 Et
1090 2425 1203 2482 Hau-6

109 2523 189 2580 nibal
210 2534 366 2600 postquam
388 2505 516 2583 cohortis
539 2524 739 2599 Hispanorum
761 2536 888 2600 stragem
910 2525 982 2582 vidit
1001 2545 1172 2602 summaque
1270 2594 1271 2601 ἵ

107 2628 138 2684 vi
160 2638 256 2687 castra
276 2631 403 2687 hostium
427 2626 551 2698 defendi,
573 2629 681 2685 omissa
696 2630 920 2703 oppugnatione,
942 2630 1071 2706 recipere
1088 2633 1172 2707 signa
1259 2683 1261 2693 ,

107 2742 138 2789 et
158 2744 326 2791 convertere
347 2751 451 2808 agmen
478 2734 623 2809 peditum,
653 2733 767 2789 obiecto
789 2735 827 2790 ab
849 2743 931 2807 tergo
957 2735 1102 2808 equitatu,
1135 2757 1171 2795 nc

107 2839 199 2896 hostis
227 2839 362 2909 instaret,
386 2821 488 2914 ‘coepit
542 2839 702 2913 Legionum
736 2837 825 2893 ardor
855 2837 957 2911 ingens
990 2840 1028 2896 ad
1057 2842 1200 2904 hostem7

106 2941 314 3017 insequendum
329 2943 399 3012 iuit3
415 2944 538 3002 Flaccus
552 2943 681 3019 receptui
696 2942 761 3000 cani
776 2942 866 3011 iussit,
881 2943 952 2999 satis
967 2944 1005 3000 ad
1017 2952 1171 3020 utrumque

106 3045 269 3120 profectum
289 3060 379 3120 ratus,
406 3059 439 3106 ut
460 3059 488 3106 et
510 3047 662 3122 Campani,
685 3066 773 3121 qnam
794 3047 873 3103 haud
894 3047 1014 3104 multum
1036 3048 1071 3105 in.
1089 3050 1170 3107 Han·

83 3147 204 3208 ¹nihale
232 3151 357 3226 praesidii
386 3161 475 3221 esset,
514 3162 544 3209 ct
573 3154 634 3228 ipse
660 3151 811 3209 Hannibal
842 3151 968 3209 sentiret.
1022 3153 1106 3212 Caesa
1135 3174 1169 3213 eo
1184 3157 1218 3218 8'

107 3255 164 3326 die,
192 3257 242 3330 qni
263 3256 347 3314 huius
368 3275 472 3333 pugna
494 3268 627 3314 auctores
649 3269 731 3327 sunt,
761 3266 827 3314 octo
849 3256 940 3313 millia
962 3256 1111 3316 hominum
1134 3259 1173 3335 de

106 3360 281 3418 Hannibalis
304 3363 441 3433 exercitu,
468 3363 524 3419 tria
546 3381 583 3420 ex
605 3361 763 3437 Campanis
785 3362 911 3432 tradunt,
933 3362 1076 3437 signaque
1097 3361 1169 3420 Car-

107 3465 335 3539 thaginiensibus
378 3466 540 3541 quindecim
574 3467 724 3541 adempta,
768 3467 964 3542 duodeviginti
1001 3466 1168 3542 Campanis.

105 3571 197 3646 Apud
219 3572 292 3629 alios
315 3589 500 3646 nequaqnam
522 3579 631 3628 tantam
655 3571 759 3628 molem
781 3591 886 3648 pugnae
906 3572 1013 3642 inveni,
1046 3572 1198 3647 plusqne9

105 3677 226 3751 pavoris
257 3694 344 3752 quam
374 3676 537 3733 certaminis
567 3675 671 3746 fuisse,
705 3695 792 3751 quum
827 3676 978 3752 inopinato
1009 3677 1039 3732 in
1071 3687 1168 3735 castra

105 3782 242 3840 Romana
263 3781 398 3838 Numidae
419 3781 602 3857 Hispanique
629 3799 695 3838 cum
723 3781 883 3858 elephantis
909 3781 1088 3857 irrupissent,
1110 3783 1167 3839 ele·
1186 3783 1218 3837 10
1251 3802 1254 3810 ·

106 3885 208 3961 phanti
240 3904 293 3961 per
320 3887 416 3944 media
451 3896 548 3944 castra
577 3886 716 3944 vadentes
734 3880 878 3964 'stragem
915 3889 1166 3945 tabernaculorum
