2678 4560
301 231 356 288 102
561 227 640 276 Liber
656 225 773 276 XXVII.
811 225 857 288 (Δ.
869 240 887 274 ιι
908 241 933 278 c.
945 227 1020 288 stt.)

254 425 386 488 terquam
418 411 496 485 quod
526 419 689 468 recusasset
720 409 848 466 delutum
878 407 1062 466 consulatum
1085 413 1321 480 recusaturusque

207 522 238 576 ll
254 525 345 584 essem
373 514 520 592 egregium
539 533 595 589 par
617 514 767 572 consulum
790 514 870 584 iore,
892 513 918 570 si
939 515 984 573 M.
1007 513 1125 570 Livium
1147 510 1186 573 C.
1210 510 1321 570 Claudia

255 622 396 696 collegam
422 619 629 678 adiunxissent.
662 618 727 678 Nec
748 620 875 696 populus
898 617 1075 676 mentionem
1097 617 1161 674 eius
1181 617 1227 674 rei
1240 627 1320 674 orac

207 731 274 787 lta
295 726 427 803 patribus
449 735 493 784 est
515 733 697 799 aspernatus.
738 725 822 784 Unus
845 741 909 780 eam
931 743 993 780 rem
1014 723 1045 778 in
1067 722 1193 778 civitate
1216 722 1258 790 is,
1284 721 1322 780 cui

255 831 440 888 deferebatur
460 831 565 900 honos,
587 829 745 900 abnuebat,
766 827 915 886 levitatem
938 827 1065 884 civitatis
1089 843 1252 884 accusans:
1271 844 1323 882 sor·

255 936 347 994 didati
369 935 412 991 rei
433 953 492 994 non
514 934 658 992 miseritos
680 933 835 990 candidam
852 941 951 1005 togam
969 929 1063 986 invito
1079 928 1212 1000 offerre;
1235 931 1323 988 eodem

207 1043 381 1101 l3honores
402 1057 563 1114 poenmque
584 1038 713 1122 congeri.
750 1037 783 1098 Si
811 1039 919 1094 bonum
941 1036 1093 1106 ducerent,
1120 1037 1197 1110 quid
1221 1038 1261 1094 ita
1279 1055 1323 1110 pro

255 1149 335 1202 nonio
364 1145 559 1202 damnassent?
601 1141 635 1200 Si
666 1143 785 1200 noxium
819 1141 1042 1216 comperissent,
1080 1141 1157 1214 quid
1181 1143 1236 1212 ita,
1261 1143 1324 1198 male

208 1257 243 1311 ll
256 1248 365 1306 credito
402 1249 500 1324 priore
521 1249 684 1318 consulatu,
719 1247 843 1304 alterum
873 1244 1046 1302 crederent?
1095 1246 1176 1304 Haec
1210 1247 1337 1320 talisque,

256 1365 423 1430 arguentem
456 1362 486 1412 ct
517 1363 685 1428 querentem
716 1352 901 1426 castigabant
929 1361 1044 1426 patres,
1079 1359 1111 1407 et
1147 1353 1193 1410 Μ.
1218 1353 1323 1410 Farina

256 1469 451 1518 memorantes
479 1467 650 1516 revocatum
683 1458 720 1514 de
747 1456 850 1514 exsilio
878 1456 1004 1530 patriam
1036 1457 1162 1532 pulsam
1191 1457 1337 1514 sedeam

255 1564 434 1634 restituisso;
470 1573 502 1620 ut
528 1562 693 1638 parentium
723 1561 881 1629 sevitiam,
917 1561 959 1618 sic
997 1561 1104 1635 patriae
1133 1559 1275 1635 patiendo
1297 1573 1337 1622 ati

209 1677 244 1731 15
257 1668 378 1726 ferendo
406 1668 569 1726 leniendam
600 1686 680 1736 esse,
709 1665 804 1723 annisi
840 1683 940 1722 omnes
980 1685 1047 1724 cum
1086 1665 1120 1723 C.
1146 1663 1273 1722 Claudio
1290 1647 1337 1718 lli

258 1772 374 1830 Livium
397 1773 543 1832 consulem
566 1771 706 1832 fecerunt.
794 1813 795 1816 η
1336 1763 1337 1776 ’

160 1880 204 1948 35
342 1880 417 1936 Post
450 1878 527 1936 diem
560 1877 675 1934 tertium
710 1877 772 1933 aius
801 1875 858 1932 diei
886 1882 1042 1949 pratorum
1077 1875 1205 1932 comitia
1227 1873 1337 1931 habim

257 1984 403 2040 Praetores
433 1983 522 2040 creati
549 1984 585 2042 L.
607 1982 731 2040 Porcius
754 1980 889 2051 Licinus,
926 1978 957 2038 C.
982 1979 1155 2050 Mamilius,
1189 1978 1226 2040 C.
1249 1989 1274 2035 ct
1291 1983 1337 2034 Ast

174 2133 176 2136 .
256 2088 376 2144 Hostilii
393 2085 529 2146 Catones.
578 2086 711 2146 Comitiis
732 2086 868 2162 perlectis
882 2085 1016 2158 ludisque
1040 2084 1142 2157 factis,
1166 2087 1319 2144 dictatorer

226 2193 396 2266 bmagister
424 2193 552 2266 equitum
583 2193 757 2267 magistratu
785 2191 927 2250 abierunt.
977 2189 1011 2249 O.
1043 2192 1210 2248 Terentius
1239 2192 1337 2246 Varro¹

256 2298 285 2354 in
308 2297 456 2353 Etruriam
479 2317 534 2372 pro
556 2308 682 2373 praetore
704 2297 824 2366 missus,
860 2306 892 2352 ut
918 2316 955 2354 ex
977 2315 1013 2353 ea
1034 2296 1250 2371 provincia·C.
1270 2297 1316 2352 lle

257 2401 350 2458 stilius
378 2403 538 2460 Tarentum
573 2403 611 2460 ad
635 2422 700 2460 eum
724 2401 883 2458 exercitum
905 2401 974 2471 iret,
1012 2419 1100 2475 quem
1124 2405 1167 2464 T.
1193 2401 1319 2470 Quare

223 2507 351 2569 3oonaul
377 2507 530 2573 haberant,-
567 2508 604 2564 L.
635 2508 764 2565 Manlius
798 2517 880 2564 trans
908 2525 990 2563 mare
1018 2505 1138 2579 legatus
1177 2509 1234 2565 iret
1258 2505 1316 2562 rise-

255 2619 462 2691 retque,xqoae
483 2611 524 2668 ibi
544 2621 728 2687 gererentur3
760 2612 863 2684 simol,
897 2610 976 2683 quod
1006 2608 1158 2686 Olympiae
1193 2611 1314 2668 ludicrum

257 2734 294 2772 ea
325 2725 426 2772 astate
463 2716 591 2774 futurum
624 2726 706 2789 erat,
741 2719 820 2792 quod
853 2715 981 2774 maximo
1015 2722 1092 2770 coetu
1126 2717 1313 2774 celebraretur.

226 2829 306 2892 dut,
343 2822 369 2878 si
404 2830 467 2878 tuto
499 2841 552 2896 per
585 2823 698 2880 hostem
731 2803 848 2898 posset,
890 2821 984 2878 adiret
1019 2820 1049 2876 id
1087 2821 1260 2890 concilium,
1286 2829 1313 2872 ut

259 2928 308 3002 qui
338 2926 428 2986 Siculi
457 2926 534 2984 bello
560 2927 600 2983 ibi
627 2927 745 3003 profugi
772 2937 823 2986 aut
849 2925 1003 2984 Tarentini
1026 2925 1109 2982 cives
1139 2925 1261 3000 relegati
1286 2921 1313 2976 ab

255 3031 423 3090 Hannibale
448 3043 560 3102 assent,
591 3033 695 3090 domos
716 3032 844 3090 redirent
867 3031 1050 3106 tenentque,
1085 3051 1143 3088 sua
1169 3031 1264 3088 omnia
1281 3029 1312 3086 u.

257 3155 321 3210 quae
344 3147 411 3193 ante
432 3137 539 3194 bellum
560 3138 740 3209 habuissent,
762 3136 883 3194 reddere
904 3136 1044 3212 populum
1069 3138 1250 3197 Romanum.

225 3248 242 3303 5
341 3242 418 3314 Quia
450 3241 711 3318 periculosissimus
743 3260 836 3300 annus
871 3241 1021 3298 imminere
1051 3242 1212 3300 videbatur
1237 3257 1310 3314 neque

256 3346 389 3404 consules
419 3347 449 3404 in
480 3368 513 3406 re
542 3338 784 3424 publica'erant,
818 3347 848 3403 in
875 3347 1007 3404 consules
1036 3347 1210 3422 designatos
1231 3361 1311 3404 omnes

257 3453 343 3525 versi,
367 3472 455 3528 quam
476 3453 602 3529 primum
621 3471 672 3511 eos
687 3453 784 3510 sortiri
798 3452 965 3528 provincias
979 3461 1008 3510 et
1021 3454 1220 3528 praesciscere,
1241 3468 1308 3528 quan

258 3559 381 3634 quisque
403 3577 503 3617 eorum
527 3559 727 3634 provinciam,
762 3576 847 3631 quem
870 3559 983 3614 hostem
1005 3559 1148 3630 haberet,
1181 3561 1308 3618 volebant

227 3663 306 3722 oDe
341 3663 576 3722 reconciliatione
602 3667 689 3722 etiam
717 3663 819 3737 gratias
849 3681 948 3720 eorum
976 3663 1006 3720 in
1028 3673 1133 3722 senatu
1155 3675 1252 3722 actum
1271 3673 1308 3718 ert

228 3767 401 3842 iprincipio
422 3767 503 3826 facto
526 3790 544 3827 a
566 3769 603 3843 Q.
630 3769 725 3827 Fabio
747 3768 895 3838 Muxim03
916 3768 1073 3826 inimicitia
1093 3779 1193 3827 autern
1217 3766 1308 3826 noble

256 3873 331 3930 inter
359 3892 409 3930 eos
437 3885 534 3944 erant,
568 3885 597 3932 et
624 3874 788 3932 acerbiores
814 3891 865 3932 cas
893 3875 1131 3950 indignioresque
1160 3877 1245 3934 Livio
1269 3889 1307 3928 suu

256 3979 411 4036 calamitas
440 3978 563 4047 fecerat,
602 3979 679 4053 quod
709 3989 838 4055 spretum
870 3998 902 4036 se
929 3981 959 4038 in
981 3999 1017 4037 ea
1040 3980 1160 4038 fortuna
1180 3979 1304 4040 credebat.
