2748 4556
357 255 434 306 Liber
451 255 550 304 XXIX.
586 256 633 319 (A.
652 253 700 304 Ch.
715 259 788 318 aot.)
999 259 1058 316 219

13 439 130 495 eodem
174 441 294 496 nomine
327 438 607 514 Carthaginiensium
645 439 732 495 duces
768 439 882 496 duobus
920 441 1100 514 equestribus

13 544 139 618 proeliis
171 543 355 615 interiectos,
384 563 442 600 non
465 561 564 601 omnes
592 553 724 600 auctores
752 553 834 614 sunt,
872 545 970 613 veriti,
1004 546 1100 617 credo,

12 667 58 706 ne
90 650 213 707 falleret
243 649 288 706 bis
310 648 404 706 relate
425 649 525 706 eedem
548 665 608 720 res;
644 648 749 706 Caelius
771 649 886 724 quidem
915 661 944 706 et
964 651 1100 707 Valerius

12 764 148 829 captum
174 755 263 811 etiam
287 754 461 810 Hannonem
483 756 610 815 tradunt.

114 859 220 934 Scipio
243 857 395 933 prefectos
417 860 595 933 equitesque,
617 871 704 934 prout
725 861 864 933 cuiusque
885 878 974 934 opera
995 858 1130 929 fuerans

14 975 97 1020 ante
120 983 225 1020 omnes
247 964 433 1020 Masinissam
454 964 614 1038 insignibus
636 965 720 1020 donis
742 963 847 1032 donat3
872 974 900 1020 et
921 965 1005 1020 firmo
1027 966 1130 1038 praa-4

14 1068 104 1124 sidio
143 1067 265 1126 Saloecae
296 1069 442 1144 imposito,
478 1067 541 1144 ipse
575 1086 638 1126 cum
662 1079 757 1126 cetero
786 1070 914 1125 exercitu
944 1067 1099 1144 profectus,

16 1191 87 1228 non
112 1173 195 1247 agris
215 1175 313 1244 modo,
337 1193 509 1248 quacunque
530 1175 697 1244 incedebat,
721 1175 882 1249 populetis,
908 1173 958 1230 sed
980 1173 1098 1229 urbibus

18 1279 118 1334 etiam
146 1278 321 1352 quibusdam
345 1280 473 1353 vicisque
495 1280 685 1354 expugnatis,
717 1279 775 1335 late
804 1278 870 1335 fuso
892 1289 1002 1335 terrore
1023 1278 1130 1348 belli,5

19 1383 158 1458 septimo
183 1384 238 1454 die,
262 1402 348 1457 quam
371 1383 517 1458 profectus
547 1395 625 1454 erat,
647 1403 783 1460 magnam
805 1384 864 1440 vim
892 1385 1040 1441 hominum
1071 1395 1099 1438 et

21 1489 147 1563 pecoris
172 1498 201 1545 et
224 1489 317 1545 omnis
339 1489 452 1563 generis
473 1488 579 1562 praedat
599 1490 716 1546 trahens
731 1493 758 1546 in
774 1499 868 1546 castra
885 1490 966 1558 redit,
986 1507 1098 1562 prauae·

21 1613 86 1668 que
122 1595 226 1651 iterum
261 1595 413 1652 hostilibus
446 1593 545 1668 spoliis
578 1612 667 1650 naves
701 1595 826 1652 dimittit.
877 1594 963 1664 inde,
985 1593 1129 1650 omissisti

25 1699 270 1773 expeditionibus
281 1700 561 1773 populationibusque
577 1700 614 1756 ad
630 1701 854 1774 oppugnandam
870 1701 987 1758 Uticam
999 1718 1099 1756 omnes

24 1804 99 1860 belli
124 1804 203 1860 vires
225 1805 375 1874 convertit,
398 1823 461 1860 eam
486 1804 598 1872 deinde,
620 1803 645 1859 si
667 1804 798 1878 cepisset,
820 1804 916 1860 sedem
941 1804 978 1858 ad
1003 1813 1099 1861 cetera

27 1911 224 1983 exsequenda
245 1910 405 1969 habit-urus.
453 1908 545 1966 Simul
575 1919 603 1964 et
625 1927 643 1963 a
665 1909 757 1964 classe
779 1908 898 1964 navales
920 1907 1007 1975 socii,
1041 1914 1128 1980 quai

26 2032 66 2070 ex
92 2025 178 2088 parte
201 2014 269 2070 urbs
290 2013 364 2069 mari
386 2013 518 2083 alluitur,
553 2013 637 2069 simul
664 2023 693 2068 et
723 2012 866 2068 terrestris
897 2012 1039 2068 exercitus
1062 2012 1099 2067 ad

27 2121 233 2176 imminentem
257 2137 348 2193 prope
365 2118 435 2191 ipsis
451 2119 591 2176 moenibus
612 2117 752 2174 tumulum
768 2128 812 2173 est
833 2117 975 2172 admotus.
1023 2117 1128 2175 Tor-8

28 2234 134 2281 menta
163 2206 370 2295 machinasque
399 2231 427 2278 et
450 2223 608 2278 advexerat
629 2241 744 2290 seeum,
781 2231 809 2278 et
831 2241 868 2278 ex
890 2221 989 2279 Sicilia
1011 2220 1098 2277 missa

28 2349 97 2387 eum
124 2338 289 2385 commeatu
307 2339 398 2397 erant,
422 2337 450 2384 ct
471 2346 548 2384 nova
569 2328 598 2384 in
622 2329 856 2397 armamentario,
879 2327 975 2383 multis
998 2327 1097 2382 talium

31 2451 156 2509 operum
179 2431 337 2488 artificibus
359 2433 395 2488 de
419 2432 561 2488 industria
582 2432 716 2504 inclusis,
743 2434 860 2490 fiebant.
912 2433 1127 2492 Uticensibus9

32 2551 118 2597 tanta
151 2539 277 2611 undique
314 2538 390 2594 mole
426 2538 620 2595 circumsessis
656 2539 685 2595 in
715 2538 947 2612 Carthaginiensi
979 2537 1098 2613 populo,

32 2642 324 2717 Carthaginiensibus
346 2643 374 2698 in
390 2642 576 2699 Hasdrubale
600 2642 650 2712 ita,
672 2644 696 2698 si
718 2644 743 2698 is
765 2644 903 2699 movisset
924 2643 1098 2717 Syphacem,

31 2769 100 2826 spes
135 2748 227 2804 omnis
256 2758 334 2814 erot;
366 2747 417 2804 sed
454 2747 597 2804 desiderio
633 2747 820 2820 indigentium
855 2747 955 2803 auxilii
987 2747 1097 2803 tardius

33 2845 154 2913 cuncta¹
176 2853 376 2909 movebantur.
419 2843 616 2920 „Hasdrubal
656 2852 847 2908 intentissima
887 2851 1097 2924 conquisitione
1116 2856 1149 2908 to

33 2981 123 3036 quum
148 2959 184 3014 ad
208 2957 327 3032 triginta
346 2928 435 3012 mita
456 2955 594 3028 peditum,
616 2955 673 3012 trio
694 2957 821 3030 equitum
838 2953 1016 3024 confecisset,
1038 2975 1096 3011 non

34 3079 133 3124 tamen
155 3071 221 3119 ante
242 3061 398 3117 adventum
421 3060 563 3134 Syphacis
586 3072 682 3116 castra
704 3060 823 3134 propius
845 3062 957 3116 hostem
981 3078 1098 3116 movere

34 3183 77 3229 est
102 3169 197 3226 ausus.
246 3166 368 3241 Syphax
384 3184 447 3220 cum
468 3163 678 3239 quinquaginta
694 3165 819 3222 millibus
838 3167 976 3242 peditum,
998 3166 1096 3222 decem
1116 3169 1145 3220 il

35 3277 164 3350 equiturn
187 3271 320 3339 advenit,
354 3268 562 3342 confestimque
596 3270 682 3326 motis
720 3290 738 3326 a
773 3270 951 3346 Carthagine
986 3270 1097 3339 castris,

36 3381 115 3439 heard
137 3377 236 3453 procul
258 3376 346 3436 Utica
374 3373 638 3447 munitionibusque
661 3376 801 3432 Romanis
830 3376 969 3432 consedit.
1018 3374 1149 3447 Quo-12

38 3507 100 3543 rum
138 3484 277 3540 adventus
311 3483 367 3538 hoc
401 3489 497 3536 tamen
530 3482 667 3538 momenti
686 3480 769 3550 fecit,
804 3491 836 3536 ut
857 3481 972 3555 Scipio,
1009 3499 1097 3554 quum

41 3589 230 3666 quadraginta
250 3585 342 3644 ferme
363 3585 425 3642 dies
444 3584 636 3658 nequicquam
660 3587 758 3643 omnia
773 3587 924 3661 experiens
938 3587 1098 3645 obsedisset

42 3697 170 3763 Uticam,
200 3690 369 3748 abscederet
389 3690 456 3746 inde
478 3691 559 3748 irrito
581 3691 706 3766 incepto.
756 3693 794 3748 Et
816 3691 886 3764 (ianr
908 3693 983 3748 enim
1005 3692 1096 3750 hiems
1114 3697 1148 3751 13

41 3800 175 3866 instabat)
198 3807 295 3854 castre
315 3797 437 3854 hiberna
457 3796 486 3852 in
508 3797 718 3871 promuntorio,
741 3797 819 3870 quod
842 3798 920 3854 tenui
941 3799 1009 3873 ingo
1028 3819 1097 3856 con·

42 3903 139 3962 tinenti
172 3902 321 3959 adhaerens
354 3902 383 3956 in
419 3900 597 3974 aliquantum
634 3901 722 3958 maris
763 3903 887 3976 spatium
925 3904 1097 3974 extenditur,

44 4007 203 4066 communit.
251 4008 319 4066 Uno
342 4005 420 4062 vallo
443 4016 471 4061 et
493 4006 611 4063 navalia
632 4018 659 4062 et
682 4019 778 4064 castre
799 4008 996 4083 amplectitur;
1028 4010 1097 4084 iugo
1115 4012 1151 4064 14
