2700 4426
600 205 674 247 xvtr

104 389 161 442 tius
187 385 309 459 suppleo.
335 385 415 441 codd.
439 385 552 458 quidam
573 403 653 454 roeo,
674 385 737 442 edd.
760 389 834 456 vett)
860 389 875 439 7
899 404 935 440 ne
956 384 1032 460 pulsi
1056 383 1171 458 (bibon.)

107 471 125 526 8
147 467 240 525 velles
263 464 358 542 (codd.
381 467 481 543 necat)
515 472 550 524 10
573 468 697 542 equitem
724 487 779 525 noo
805 485 868 524 sese
895 467 936 539 (P
960 465 1170 542 equidemesse)

107 546 111 626 Ι
124 549 291 607 deduxisset
305 547 399 625 (codd
415 547 499 625 roco.)
516 553 550 627 11
564 561 662 625 posset
674 551 766 624 (codd.
778 549 878 626 reret)
889 551 1044 620 XXXIV,
1061 554 1070 606 1
1086 550 1171 624 (prer-

106 641 292 690 terceterem
308 631 435 707 praedarn
452 633 515 689 edd.
528 643 590 690 vett.
605 633 796 708 Ppraeteram
812 633 950 708 praedam,
971 634 1173 707 suprascripto

106 715 334 789 1·eliqua.Dralc.
350 715 505 789 reliquam)
530 721 545 771 3
564 716 654 772 tutius
668 716 791 773 adflictis
817 716 860 789 [P
875 715 905 771 in
922 734 1009 790 supra
1024 715 1078 771 sad
1093 715 1173 770 babet

104 806 125 853 'a
135 800 239 872 prima,
261 800 367 871 opinor,
388 799 493 871 manu.)
518 801 535 854 9
559 809 684 856 ceterum
702 817 787 873 neque
807 817 835 854 se
853 799 961 854 obsides
976 800 1010 854 iis
1028 800 1172 872 imperare,

106 880 229 955 qnippe.
243 922 250 938 .
271 899 345 950 esee,
356 899 409 938 nec
420 881 547 938 adimere
556 900 658 950 -erma3
673 881 961 959 relinqueresolutos
973 880 1084 936 animos
1096 878 1173 954 (My.

108 963 172 1019 Em
189 962 261 1018 334.
284 963 313 1018 Ρ
323 964 558 1038 ceteramquippe
572 1010 578 1026 .
593 1009 599 1025 .
614 1009 621 1024 .
639 962 1173 1037 essetiberimarmarelinqneresoluto·

108 1045 243 1102 senimos.
293 1046 326 1100 In
353 1048 468 1118 sinpnlis
496 1048 592 1122 aliqua
621 1048 754 1103 dubitatio
781 1048 962 1120 relinquitur,
990 1049 1017 1102 in
1046 1048 1172 1101 univemo

107 1129 241 1184 motionis
250 1131 345 1201 formo
367 1130 453 1199 niella,
476 1132 542 1202 quin
559 1131 703 1204 precedat
723 1130 984 1202 causoesipnificatio
1005 1162 1041 1170 -
1066 1128 1173 1202 quippe

108 1219 169 1266 cett
194 1242 243 1279 -,
265 1211 362 1267 deiride
385 1213 441 1267 illis
462 1211 574 1268 tiberim
598 1222 646 1268 cet.
669 1216 903 1268 contineaturuno
918 1213 998 1268 verbo
1011 1210 1173 1283 relinquere

109 1295 203 1348 rimiae
235 1311 341 1363 rerum,
375 1313 445 1367 ques
466 1293 559 1368 Scipio
578 1298 698 1351 canitiei
719 1305 745 1351 et
765 1295 903 1363 concedat,
924 1295 1099 1367 sipmflootio,
1127 1293 1173 1348 ob-

109 1375 200 1431 sidum
223 1385 249 1432 et
269 1394 426 1441 ormomm3
448 1379 490 1432 bis
512 1378 617 1434 duobus
640 1379 809 1449 odiunpitur,
832 1378 907 1450 quod
925 1396 959 1432 en
977 1379 1101 1449 utrisque
1121 1394 1174 1430 non

108 1458 246 1532 ademptis
267 1461 396 1531 afficitur,
419 1462 534 1526 tertium,
557 1462 640 1516 soluti
659 1463 752 1516 animi.
803 1459 835 1518 0.
858 1459 893 1515 F.
922 1460 966 1515 W.
991 1460 1105 1525 Miller,
1128 1461 1177 1530 qui

109 1544 138 1596 in
159 1539 231 1600 Nou.
256 1542 359 1601 Anncl.
382 1542 481 1598 Pbilol.
504 1544 558 1602 ool.
582 1543 703 1599 85-86
719 1562 752 1618 p.
776 1543 834 1598 281
861 1543 945 1598 scribi
964 1543 1065 1601 voluit:
1091 1539 1176 1597 Cete-

109 1642 174 1679 rum
197 1655 237 1667 -
259 1624 366 1698 quippe
388 1641 491 1696 capere
513 1626 668 1703 pignere..
697 1644 773 1692 osse3
795 1625 943 1681 fidentium
973 1642 1055 1680 arma
1088 1621 1175 1679 relin-

109 1723 200 1778 quere
219 1716 248 1762 et
268 1707 318 1762 sol.
343 1707 470 1775 enim0s3
493 1726 587 1781 neque
608 1726 649 1777 se,
671 1718 697 1764 et
717 1729 736 1764 u
757 1711 901 1781 scriptura
924 1708 1034 1763 traditu
1056 1706 1175 1776 oestipiis

111 1789 189 1860 loape
210 1789 336 1845 discessit
357 1799 383 1845 et
407 1791 538 1863 pluribus
558 1791 646 1846 modis
667 1793 824 1860 aberravit,
856 1809 919 1845 ncm
940 1791 996 1844 illis
1023 1805 1117 1860 neque
1144 1805 1175 1842 se

111 1880 160 1926 cet.
182 1875 335 1928 necessario
358 1875 509 1928 coritinetur
530 1876 678 1929 consecutio
711 1877 753 1929 rei
773 1881 836 1928 ante
853 1874 961 1946 posita,
983 1900 1024 1912 —-
1055 1872 1080 1925 si
1099 1871 1175 1943 pria·

108 1955 210 2027 cipalis
236 1955 292 2010 boec
318 1957 448 2010 sententia
477 1964 555 2022 esset,
577 1957 674 2011 saltem
700 1974 730 2012 se
760 1973 855 2028 neque
888 1955 1060 2020 scriberetur,
1090 1982 1129 1991 -
1152 1963 1179 2006 et

111 2046 142 2092 ut
162 2039 249 2093 onmis
270 2038 372 2093 relictis
393 2039 556 2112 respondent
583 2039 633 2094 illu
659 2057 712 2094 neo
734 2040 772 2094 ab
793 2037 896 2094 inermi
920 2045 985 2104 cet,
1016 2038 1055 2090 sic
1072 2052 1177 2108 proece-

110 2120 177 2175 dere
198 2120 301 2188 debent,
323 2121 422 2193 quibus
446 2121 628 2194 respondeant
648 2123 697 2176 illc
726 2139 819 2195 nequo
851 2120 932 2175 sein
955 2118 1090 2174 innoxios
1112 2117 1174 2185 oet.)

115 2207 150 2258 to
163 2211 307 2276 utrumque
323 2203 449 2277 expertis
474 2203 611 2279 limalint
632 2205 766 2261 Milllerl.
779 2223 803 2263 o.
820 2200 1014 2277 probabiliter)
1038 2200 1175 2268 XXXV,

111 2286 130 2339 3
153 2284 265 2340 Poenum
294 2285 418 2358 perpulit
446 2287 499 2355 (ed.
523 2287 599 2358 Mop.
625 2285 683 2342 Aut
702 2285 868 2360 praefectum
889 2286 1011 2341 Poenum
1036 2283 1177 2338 dicendam

109 2376 174 2424 eret
195 2376 245 2422 aut
264 2385 358 2422 nomen
375 2367 548 2441 ponendum,¹
581 2369 615 2424 de
644 2371 763 2442 Maponi
784 2369 839 2425 oid.
859 2387 883 2425 c.
907 2367 956 2437 31,
978 2367 1007 2434 3,
1024 2384 1046 2421 o.
1063 2366 1113 2433 36⁸,
1136 2369 1176 2435 1.)

112 2449 266 2517 XXXVI,
300 2451 317 2504 3
343 2451 433 2524 exigit
462 2452 553 2516 (codd.
582 2458 673 2507 recol
697 2453 759 2510 edd.
782 2450 857 2524 vett.)
895 2452 928 2506 13
953 2449 991 2505 ad
1021 2448 1176 2522 octingenti

111 2532 283 2600 XXXVII,
307 2537 322 2588 4
347 2534 576 2607 supplementum
600 2534 685 2590 classi
708 2535 798 2605 (codd.
818 2535 884 2606 aliq.
907 2530 987 2605 rece.)
1015 2536 1030 2587 5
1050 2531 1186 2602 virisque,

110 2624 141 2670 ot
163 2625 278 2687 portum
295 2616 466 2688 (interponet.
482 2617 559 2688 mut.)
583 2617 770 2683 XXXVIII,
800 2622 806 2672 t
829 2615 952 2672 Acidino
968 2614 1178 2688 proconsulibus

113 2696 264 2770 provincia
293 2696 385 2767 (codd.
411 2717 478 2755 rece.
500 2699 529 2753 P
548 2699 672 2756 Acidino
702 2699 917 2772 proprovincia,
946 2697 997 2753 sed
1019 2698 1102 2770 prius
1123 2713 1176 2768 pro

111 2779 242 2851 aarum.)
266 2781 282 2834 8
306 2779 471 2852 frequenter
494 2781 587 2853 (codd.
611 2779 692 2854 rece.)
713 2783 717 2851 Ι
736 2781 829 2836 bobus
852 2780 1007 2852 (Plbubos)
1030 2778 1175 2833 XXXIX

114 2862 131 2916 3
156 2869 215 2917 tum
241 2873 325 2918 atrox
354 2861 527 2937 (errorenet)
554 2868 570 2920 6
598 2881 714 2937 quoque
737 2865 794 2919 sine
814 2865 892 2918 uncis
918 2862 992 2933 (My.
1021 2860 1089 2917 Vett.
1114 2859 1177 2914 edd.

112 2943 217 3018 prope)
241 2943 389 3000 8fuerunt
411 2946 484 3008 (edd.
504 2953 577 3010 vett.)
613 2951 644 3002 11
678 2947 762 3002 nobis
784 2977 825 2986 --
846 2946 908 3007 abs.
930 2963 958 2999 v.
979 2944 1038 2998 iar.
1065 2973 1114 3006 -,
1142 2961 1178 2997 ne

113 3026 238 3100 posteris
264 3027 342 3091 (Urs.
372 3027 487 3089 incidis
518 3031 672 3102 deprecatio
696 3031 814 3102 pertinet
840 3028 880 3083 ad
906 3029 965 3100 spei
990 3025 1178 3097 confidentiam

111 3109 152 3165 de.
182 3111 323 3182 posteris.)
366 3111 399 3164 12
431 3120 490 3165 tam
528 3114 584 3166 sine
611 3114 687 3166 uncis
718 3111 793 3183 (edd.
816 3118 877 3174 cett.
900 3107 985 3165 Gron.
1007 3109 1078 3178 iarn)
1110 3108 1177 3174 XL,

115 3194 131 3247 2
156 3200 382 3264 transponerem
413 3202 542 3248 saturum
578 3195 654 3264 (edd.
683 3202 745 3250 vett.
778 3193 812 3248 In
840 3193 891 3248 boc
920 3192 1029 3265 quidem
1060 3192 1178 3260 lonpiore

109 3276 306 3329 sententiarum
337 3277 533 3348 duplicatione,
564 3277 733 3349 praecedente
762 3283 988 3349 transportaret,
1019 3273 1094 3346 quod
1122 3274 1178 3342 alio

107 3358 237 3429 pertinet,
259 3359 407 3413 coniunctio
429 3359 522 3414 abesse
538 3377 656 3432 prorsus
677 3360 791 3432 nequit.)
812 3359 816 3429 Ι
835 3358 971 3432 placeret,
994 3355 1080 3412 ceteri
1103 3356 1176 3426 (Mp

112 3438 207 3494 Dreb.
223 3439 376 3511 ceterique.
412 3439 457 3494 Ne
474 3443 502 3495 in
520 3443 571 3496 bac
592 3442 700 3515 quidem
717 3443 915 3498 continuatione
929 3440 1045 3494 duorum
1054 3440 1178 3510 protasis

112 3522 303 3590 membrorum,
325 3525 382 3577 sine
395 3523 454 3578 ulla
468 3527 678 3597 comparatione,
693 3525 840 3597 ferendum
860 3521 1030 3596 asyndeton.)
1055 3524 1071 3575 5
1090 3537 1178 3575 sena-

112 3613 205 3659 torem
222 3604 319 3668 modo,
342 3605 391 3678 qui
413 3606 505 3676 (codd.
523 3615 577 3662 tres
596 3625 675 3676 recc,
699 3607 805 3670 Rben.,·
827 3606 891 3661 Em.
914 3604 987 3675 335)
1014 3601 1178 3676 9(Fuitne:

111 3686 403 3761 tantumquegloriae
417 3733 423 3746 .
439 3733 466 3747 ..
494 3689 629 3762 parturn?
663 3688 767 3745 Saltem
787 3691 827 3744 sic
848 3689 946 3743 rectius
968 3685 1067 3741 Livius
1088 3689 1178 3756 scrip-

110 3771 213 3847 sisset.)
236 3770 320 3834 XLI,
344 3773 361 3825 6
391 3781 523 3845 perstem
562 3772 633 3844 (cod.
670 3791 740 3827 unus
776 3781 801 3826 et
833 3771 881 3827 alt,
913 3774 988 3826 rec?
1019 3768 1080 3826 edd.
1102 3769 1178 3837 vett.)

114 3851 296 3926 amplecteris
319 3855 410 3924 (codd.
432 3856 498 3928 aliq.
520 3871 592 3910 recc.
616 3854 752 3910 Permittit
773 3855 822 3909 boo
844 3852 965 3916 Fabium
995 3851 1063 3924 quid
1087 3850 1178 3923 Scipio

112 3934 257 4005 indicaret,
277 3953 362 4008 neque
374 3937 476 3992 sciebat
489 3955 575 4011 neque
595 3937 705 3993 credere
713 3945 826 4010 poterat
839 3953 908 4003 eum,
924 3931 1031 4006 Africa
1040 3934 1179 4007 cupidum,

111 4018 154 4072 sio
173 4017 320 4090 indicere.)
343 4020 360 4074 8
385 4019 533 4076 intendis?
568 4019 771 4094 egregiam...
789 4018 878 4093 petis:
902 4047 938 4059 -
964 4011 1021 4072 hoc
1053 4027 1082 4071 et
1105 4016 1179 4089 (bip.

114 4098 180 4157 Fan.
202 4098 276 4170 336)
303 4101 337 4156 13
361 4111 482 4175 possunt
504 4133 543 4146 -
566 4111 594 4158 et
616 4103 708 4158 victor
729 4101 821 4173 <codd
837 4102 903 4179 aliq.
925 4117 1003 4166 rece,
1025 4099 1123 4163 libeni
1143 4101 1179 4153 15

144 4211 207 4248 Livius
224 4223 247 4248 rx
260 4223 298 4248 ree.
313 4211 410 4258 iladvigti.
438 4213 468 4250 tv.
962 4203 983 4251 i>
