2704 4552
321 243 377 301 158
583 241 660 292 Liber
677 241 781 296 xxm,
817 241 863 297 (Δ.
877 255 903 296 u.
916 257 940 294 c.
954 239 1028 303 bat.)

275 425 361 483 solita
375 425 515 494 ‚custodia
536 426 615 484 urbis
643 426 716 483 sidit
744 445 797 484 noo
826 423 966 484 committi
995 423 1157 498 quicquam
1190 431 1269 478 teme
1303 456 1307 469 ·

275 531 346 606 spei,
371 531 409 588 ad
432 530 534 588 Tifata
555 530 630 587 redit
650 529 758 588 infecta
778 549 819 588 re.
1344 581 1345 587 ,

227 639 261 692 10
358 635 469 709 Quibus
504 635 605 692 diebus
638 633 738 692 Cunus
769 635 898 692 liberata
935 643 1002 690 sunt
1036 634 1215 702 obsidione,
1254 633 1309 682 ··.;.,

274 741 374 798 diebus
405 750 434 797 et
465 741 495 797 in
530 739 656 798 Lucanis
689 742 727 798 sd
755 739 947 798 Grumentum
978 738 1026 795 Ti.
1054 737 1271 814 Sempronius,
1306 766 1311 783 ÷
1344 767 1345 799 t

275 845 378 920 Longo
394 862 561 919 cognomen
583 853 661 916 erat,
683 863 747 902 cum
770 845 916 902 Hannone
937 835 1029 900 Poeno
1057 861 1209 919 prospere
1232 860 1318 916 pop:
1344 855 1345 858 ’

226 952 256 1006 ll
274 950 370 1025 Supra
403 951 461 1006 duo
498 948 587 1005 millia
622 949 770 1007 hominum
803 949 923 1016 oocidit,
958 956 987 1003 et
1018 948 1161 1004 ducentos
1344 979 1345 1011 3

273 1055 387 1126 milites,
409 1055 494 1129 signa
522 1052 659 1110 militaria
686 1054 724 1112 ad
752 1052 946 1128 quadraginta
974 1070 1061 1108 unum
1093 1053 1183 1127 cepit.
1244 1052 1315 1107 P

226 1160 378 1216 munibus
401 1160 527 1217 Lucanis
550 1161 658 1217 Hanno
680 1166 758 1216 retro
780 1157 810 1214 in
832 1156 963 1214 Bruttios
988 1175 1051 1214 sese
1073 1158 1199 1234 recepit.
1253 1157 1313 1213 Et
1344 1188 1345 1221 3

273 1263 404 1339 Hirpinis
429 1265 539 1340 oppida
567 1265 641 1334 tria,
667 1282 731 1338 quse
756 1281 775 1320 a
800 1260 909 1338 populo
931 1263 1066 1319 Romano
1099 1261 1287 1327 defecerant,
1344 1294 1345 1327 ,

273 1379 391 1444 recepta
412 1389 465 1444 per
494 1371 536 1426 M.
561 1369 710 1426 Valerium
733 1377 900 1444 praetorem,
932 1368 1125 1438 Vercellium,
1156 1363 1310 1424 Vescelli
1344 1401 1345 1431 2

226 1473 260 1529 13
275 1472 440 1543 Sicilinum,
481 1483 509 1531 et
545 1483 678 1532 auctores
710 1470 880 1529 defectionis
916 1473 1010 1529 securi
1045 1472 1189 1546 percussi.
1251 1467 1316 1528 Suu·
1344 1506 1345 1543 3

275 1577 401 1652 quinque
435 1577 524 1636 millia
556 1579 737 1654 captivorum
766 1577 819 1634 sub
848 1577 934 1633 hasta
956 1575 1122 1644 venierunt,
1151 1575 1257 1652 praeda
1289 1569 1313 1621 :¹¹
1344 1553 1345 1557 ἵ

274 1682 358 1739 militi
377 1700 524 1753 concessa,
548 1683 748 1756 exercitusque
770 1681 923 1739 Luceriam
948 1680 1094 1741 reductus.

178 1779 223 1848 ³8
299 1766 300 1769 Ἴ
358 1787 437 1845 Dum
459 1789 522 1846 haec
542 1787 572 1844 in
595 1787 721 1844 Lucanis
736 1795 823 1860 atque
844 1787 874 1843 in
895 1786 1028 1860 Hirpinis
1041 1794 1196 1860 geruntur,
1217 1785 1309 1860 quinq·
1325 1818 1326 1821 =

275 1910 378 1962 naves,
406 1911 470 1966 quse
494 1891 688 1948 Macedonum
717 1900 805 1966 atque
827 1893 985 1968 Poenorum
1017 1899 1120 1966 captos
1144 1890 1261 1966 legatos
1280 1889 1345 1958 uo,

274 2015 351 2054 mam
384 1999 559 2072 portabant,
594 1995 632 2052 ab
669 2013 774 2070 supero
807 1983 886 2053 mari¹
911 1997 949 2054 ad
981 1995 1105 2054 inferum
1139 1997 1301 2054 circumr
1326 2023 1330 2034 f

241 2099 364 2177 2prope
387 2120 501 2158 omnem
525 2099 619 2158 ltalia
643 2118 734 2170 orem,
757 2118 845 2175 quum
874 2110 979 2175 prater
1001 2099 1111 2158 Cumas
1134 2101 1209 2158 velis
1230 2100 1345 2172 ferron-3

272 2213 320 2261 tur
348 2224 451 2279 neque,
477 2205 602 2262 hostium
634 2223 672 2261 au
694 2204 838 2261 sociorum
861 2213 965 2275 essent,
987 2205 1057 2261 satis
1079 2205 1214 2276 sciretur,
1244 2203 1345 2264 Grae,

242 2307 343 2366 Sohus
365 2311 481 2367 obviarn
505 2328 542 2366 ex
564 2309 656 2366 classe
677 2325 731 2365 sna
763 2327 852 2365 naves
875 2309 960 2366 misit.
1010 2309 1107 2382 Quum
1139 2305 1345 2386 percontanda

272 2412 302 2468 in
325 2413 417 2469 vicem
441 2415 587 2490 cognitum
610 2422 695 2483 esset,
716 2413 862 2470 consulem
885 2413 986 2471 Cumis
1007 2432 1085 2484 esse,
1116 2433 1209 2472 naves
1232 2413 1321 2472 Cumas
1344 2453 1345 2486 ἶ

136 2592 142 2603 ,
272 2518 401 2592 appulsae
438 2518 602 2594 captivique
639 2519 676 2575 ad
711 2517 856 2575 consulem
893 2519 1009 2576 deducti
1047 2527 1076 2576 et
1102 2518 1218 2578 'litterae
1254 2520 1345 2589 daus1

241 2621 390 2693 lConsul,
416 2623 517 2680 litteris
540 2609 668 2698 Philippi
692 2632 780 2696 atque
801 2622 977 2680 Hannibalis
999 2623 1143 2698 perlectis,
1167 2625 1320 2698 consignato

270 2727 368 2785 omnia
393 2729 431 2786 ad
453 2735 584 2785 senatum
606 2725 708 2782 itinere
730 2727 858 2784 terrestri
875 2727 962 2798 misit,
984 2728 1106 2785 navibus
1130 2730 1236 2787 devehi
1256 2729 1319 2800 legs·
1344 2765 1345 2772 κ

239 2832 314 2889 btos
336 2833 428 2894 iussit.
477 2831 572 2904 Quum
596 2829 699 2888 eodem
729 2829 790 2889 fere
821 2831 868 2888 die
898 2832 1001 2890 littere
1033 2834 1184 2909 legatique
1211 2837 1318 2892 Roman

268 2936 423 3007 venissent,
440 2946 478 3007 et,
493 2935 713 3012 percontatione
728 2933 816 3005 facta,
830 2935 909 2993 dicta
923 2955 987 2994 cum
1003 2939 1119 3013 scriptis
1134 2943 1317 3016 congruerent

267 3041 361 3115 primo
383 3043 483 3117 gravis
506 3059 577 3098 cura
597 3049 695 3116 patres
716 3039 842 3109 incessit,
865 3051 1024 3112 cernentes,
1054 3053 1167 3117 quanta
1189 3045 1241 3101 vix
1261 3040 1317 3098 tole
1344 3085 1345 3110 ,

236 3145 398 3202 brantibus
422 3147 565 3203 Punicum
590 3143 695 3202 bellum
718 3143 901 3201 Macedonici
921 3147 988 3204 belli
1012 3148 1103 3206 moles
1127 3150 1264 3216 instaret,
1285 3141 1317 3201 cri

266 3257 362 3305 tamen
386 3249 460 3305 adeo
486 3269 545 3308 non
569 3250 794 3318 succubuerunt,
807 3257 848 3304 'ut
865 3251 1010 3326 extemplo
1034 3251 1212 3326 agitaretur,
1234 3267 1315 3326 quen·
1344 3279 1345 3318 ,

265 3351 422 3409 admodum
454 3353 533 3411 ultro
563 3353 713 3412 inferendo
740 3353 816 3410 bello
848 3363 1012 3411 averterent
1037 3356 1187 3414 abitalia
1210 3358 1315 3414 hostcn·

235 3455 397 3535 lOaptivis
420 3459 459 3515 'in
496 3458 612 3515 vincula
648 3457 732 3516 condi
768 3457 853 3516 iussis
895 3459 1105 3534 comitibusque
1141 3479 1242 3541 eornm
1276 3457 1314 3516 sub
1343 3506 1344 3531 ξ

264 3565 349 3620 basta
371 3563 505 3634 venditis,
528 3562 565 3618 ad
587 3581 678 3620 naves
702 3562 804 3636 viginti
831 3563 972 3638 quinque,
1004 3565 1108 3638 quibus
1136 3568 1173 3623 P.
1198 3564 1314 3623 Valerius

264 3667 388 3725 Flaccus
412 3667 566 3742 praefectus
588 3675 720 3743 praeerat,
742 3667 843 3741 viginti
865 3667 984 3743 quinque
1013 3669 1115 3745 parari
1136 3669 1209 3727 alias
1231 3669 1313 3725 decer·
1344 3703 1345 3740 ,

233 3771 343 3832 bunut.
391 3760 447 3829 His
470 3772 646 3852 comparatis
669 3771 855 3845 deductisque
875 3783 904 3829 et
924 3774 1031 3833 additis
1054 3774 1182 3848 quinque
1196 3775 1312 3840 navibus,
1344 3789 1345 3844 ξ

263 3894 327 3949 quae
363 3877 546 3935 advexerant
579 3878 711 3953 captivos
743 3876 870 3952 legatos,
903 3877 1021 3953 triginta
1050 3896 1142 3935 naves
1175 3879 1212 3936 ab
1242 3875 1312 3934 Ostia
1344 3899 1345 3950 p

230 3979 422 4038 9Tarentnm
456 3981 610 4056 profectae,
642 3982 795 4055 iussusque
827 3983 862 4042 P.
896 3981 1046 4050 Valerius,
1080 3983 1218 4039 militibus
1248 3983 1310 4038 Var
1344 3961 1345 4002 1
