2700 4426
430 155 508 204 Liber
526 154 625 203 XXVI.
663 157 709 218 (A.
724 155 770 207 Ch.
785 157 857 217 210.)
1096 159 1133 213 δῦ

106 337 258 412 impositis,
282 337 411 394 nuntium
436 337 564 395 victoriae
587 340 711 396 Romam
734 339 830 397 mittit.
878 339 946 414 lpse
966 356 1076 413 paucos
1100 339 1204 408 dieat

108 441 212 515 quibus
235 441 344 498 morari
368 441 545 519 Carthagine
559 453 709 515 statuerat,
734 443 900 501 exercendis
915 442 1069 501 navalibus
1081 445 1173 518 pede·

107 546 271 620 stribusque
302 547 392 622 copiis
423 548 593 622 absumpsit.
651 547 753 605 Primo
787 548 834 606 die
860 548 988 624 legiones
1023 548 1056 604 iu¹
1083 550 1205 606 armist

58 685 60 687 ·
107 662 246 725 quattuor
266 653 385 709 millium
409 654 504 728 spatio
527 653 727 721 decurreruut3
749 652 876 710 secundo
897 653 944 710 die
966 672 1048 710 arma
1071 671 1173 711 curare

107 765 136 811 et
160 769 272 832 tergere
295 766 362 814 ante
384 759 509 815 tentoria
536 757 621 825 iussi3
645 758 730 815 tertio
758 757 804 815 die
833 758 953 815 rudibus
980 759 1055 815 inter
1085 777 1116 816 se
1142 761 1172 816 in
1255 821 1259 827 ὁ

107 863 223 919 modum
266 864 348 920 iustae
383 880 488 938 pugnae
528 871 734 934 concurrerunt
764 864 979 940 praepilatisque
1016 862 1172 921 missilibus

105 966 224 1023 iaculati
244 978 324 1036 sunt3
354 943 464 1041 quarto
481 967 528 1024 die
550 967 631 1042 quies
653 968 738 1037 data,
771 968 870 1042 quinto
898 969 1000 1026 iterum
1029 969 1059 1025 in
1077 970 1172 1026 armis

107 1073 258 1130 decursum
284 1085 336 1129 eat.
384 1073 470 1130 Hunc
493 1073 622 1130 ordinem
645 1073 755 1130 laboris
777 1074 948 1149 quietisque,
978 1075 1076 1149 quoad
1098 1073 1203 1133 Car-5

106 1177 224 1252 thagiue
247 1177 352 1234 morati
373 1187 448 1247 sunt,
470 1186 631 1234 servarunt.
677 1174 841 1253 Remigium
867 1178 1033 1254 clsssicique
1055 1181 1168 1251 milites,
1186 1183 1203 1234 6

105 1281 262 1356 tranquillo
278 1282 306 1337 in
324 1281 414 1338 altum
431 1280 531 1347 evecti,
555 1281 713 1355 agilitatem
735 1283 853 1340 navium
876 1283 1037 1342 simulacris
1056 1287 1170 1344 navalis

104 1404 209 1461 pugnae
232 1387 465 1462 experiebantur.
499 1387 571 1443 Haec
586 1385 669 1444 extia
691 1388 792 1444 urbem
808 1397 886 1445 terra
900 1390 1032 1464 marique
1047 1409 1170 1466 corpora
1186 1394 1201 1444 7

103 1491 191 1547 simul
221 1492 391 1566 animosque
423 1492 474 1552 ad,
491 1492 598 1549 bellum
628 1494 790 1562 'acuebant;
823 1494 892 1550 urbs
926 1493 992 1568 ipsa
1023 1497 1170 1570 strepebat

105 1607 248 1672 apparatu
281 1596 362 1668 balli,
396 1595 486 1653 fabris
519 1599 647 1654 omnium
674 1616 812 1672 generum
844 1597 873 1654 in
904 1600 1021 1673 publica
1053 1600 1170 1658 officina

105 1702 231 1760 inclusis.
283 1700 354 1759 Dux
382 1712 486 1782 ennete
516 1703 580 1778 pari
608 1721 678 1760 cura
709 1705 822 1772 obibam
849 1721 919 1760 aare
940 1707 968 1760 ia
989 1706 1078 1763 chasse
1100 1708 1201 1776 crat,8

105 1823 175 1865 nuato
191 1887 193 1893 ,
210 1823 270 1864 eam
300 1809 447 1880 legionibus
482 1807 658 1877 decurrebas&
694 1827 770 1865 nuuc
803 1809 942 1883 operibus
975 1810 1168 1884 adspiciendis

105 1924 218 1989 tempus
240 1915 346 1997 dabat,
377 1930 498 1987 quaeque
524 1912 554 1968 in
583 1913 705 1970 officinis
736 1931 858 1988 quaeque
882 1915 911 1970 in
942 1917 1168 1973 armamentario

105 2034 140 2076 ac
165 2007 324 2077 navalibus¹
349 2018 500 2076 fabrorum
534 2018 686 2076 multitudo
722 2018 848 2094 plurima
878 2019 908 2075 in
946 2019 1075 2094 singulos
1107 2021 1168 2102 dies

106 2125 262 2181 certamine
283 2124 391 2200 ingenti
412 2123 547 2183 faciebat.
594 2125 650 2181 His
671 2124 713 2180 ita
734 2124 877 2182 inchoatis
897 2124 1081 2201 refectisque,
1113 2126 1200 2201 quati

108 2230 238 2302 quassati
271 2239 369 2299 erant,
406 2229 496 2286 muris
528 2228 734 2304 dispositisque
764 2228 905 2304 presidiis
937 2231 975 2287 ad
1007 2231 1168 2288 custodiam

107 2334 197 2405 urbis,
219 2336 417 2392 Tarraconem
440 2342 483 2391 est
505 2333 663 2409 profectus,
686 2355 704 2392 a
719 2336 816 2393 multis
830 2335 1022 2411 legationibus
1038 2337 1169 2412 protinus
1246 2332 1249 2337 ’

107 2441 136 2496 in
158 2440 207 2497 via
229 2441 340 2510 aditus,
372 2459 445 2515 quas
466 2439 572 2515 partim
594 2440 665 2496 dato
685 2457 827 2514 responso
857 2460 893 2499 ex
919 2442 1022 2498 itinere
1052 2442 1169 2512 dimisit,
1187 2444 1222 2496 10

108 2546 212 2620 partim
235 2544 346 2602 distulit
367 2546 575 2614 Tarraconem,
607 2563 664 2618 quo
697 2547 831 2602 omnibus
853 2547 937 2603 novis
967 2548 1171 2622 veteribusque

108 2650 194 2708 sociis
217 2649 347 2707 edixerat
369 2659 550 2707 conventum.
607 2648 645 2706 lit
667 2650 762 2707 cuncti
782 2649 857 2721 fere,
889 2652 937 2725 qni
960 2652 1000 2708 cis
1027 2652 1169 2709 Hiberum
1190 2656 1217 2707 11

109 2757 237 2814 incolunt
258 2756 366 2831 populi,
398 2755 479 2813 multi
502 2755 587 2812 etiam
612 2755 757 2812 meacm
786 2757 942 2831 provincia
965 2767 1169 2813 convenerunt.

109 2860 392 2935 Carthaginiensium
415 2860 502 2918 duces
523 2861 618 2936 pn'rno
640 2879 676 2918 ex
699 2860 840 2917 industria
861 2860 970 2919 famam
989 2872 1081 2935 captae
1095 2859 1170 2918 Oar-

108 2967 234 3042 thaginis
257 2973 504 3040 cornpresserunt3
533 2966 645 3036 deinde,
672 2975 704 3022 ut
725 2964 831 3023 clarior
851 2982 898 3020 res
921 2976 999 3034 erat,
1029 2962 1116 3039 quam
1138 2978 1171 3023 ut

108 3073 165 3147 tegi
188 3091 222 3129 ac
244 3069 419 3153 dispimulari
449 3080 561 3144 posset,
589 3071 744 3127 elevabant
773 3069 885 3126 verbis:
916 3071 1090 3161 necopinato
1119 3073 1170 3133 ad·
1188 3073 1222 3128 ta

108 3188 195 3236 ventu
218 3196 252 3234 ac
273 3194 365 3252 prope
388 3173 466 3232 furto
488 3169 571 3231 unius
601 3175 657 3231 diei
679 3176 779 3232 urbem
801 3193 888 3231 unam
911 3175 1062 3253 Hispania
1083 3177 1170 3233 inter·

107 3293 237 3358 ceptam3
260 3283 340 3340 cuius
361 3282 403 3338 rei
426 3290 484 3337 tam
506 3299 606 3355 parvae
626 3281 747 3354 praemio
769 3279 876 3336 elatum
898 3281 1067 3338 insolentem
1089 3281 1170 3337 iuve-

109 3408 173 3445 nem
208 3387 363 3445 immodieo
393 3384 501 3461 gaudio
534 3386 658 3460 speciem
687 3403 800 3460 maguae
829 3386 956 3443 victoria
984 3385 1171 3460 imposuisse;

110 3504 140 3550 at
162 3494 212 3550 ubi
232 3493 470 3567 appropinquare
492 3501 552 3548 tres
574 3491 675 3559 duces,
702 3502 760 3548 tres
788 3492 913 3548 victores
940 3491 1065 3549 hostium
1088 3495 1223 3548 exer-13

108 3596 182 3653 citus
207 3596 343 3666 audisset,
366 3614 550 3657 occursuram
575 3597 601 3653 ei
619 3597 767 3670 externplo
793 3596 1016 3653 domesticorum
1038 3593 1170 3652 funerum

109 3702 288 3759 memoriam.
325 3702 439 3759 Haecin
460 3701 563 3776 vulgus
578 3702 735 3771 iactabant,
757 3701 982 3773 haudquaquam
998 3700 1054 3773 ipsi
1068 3700 1171 3775 ignari,
1190 3706 1224 3758 14

110 3816 249 3880 quantum
274 3806 328 3862 sibi
351 3807 387 3862 ad
412 3807 509 3863 omnia
530 3806 634 3867 virium
661 3805 838 3878 Carthagine
861 3805 967 3860 amissa
994 3803 1173 3871 decessisset.
