2812 4556
795 286 817 327 Χ

273 471 355 538 enim,
386 467 461 542 quod
488 467 668 540 sipnificuturn
699 467 816 524 breviter
837 473 911 536 erut,
941 483 994 521 non
1026 467 1160 521 transitur
1181 465 1221 521 ed
1241 485 1347 522 novam

273 560 352 624 rem.)
386 554 402 607 8
426 549 602 622 (Lanuvium
626 549 732 606 Iunoni
759 549 822 604 edd.
850 556 913 608 vett.
942 547 972 602 P
995 547 1029 607 L.
1059 556 1088 604 et
1109 547 1223 604 Iunoni.
1244 547 1346 608 Drak.

242 635 245 640 '
273 636 308 695 1..
332 635 369 690 ad
391 630 523 707 Iunonis)
552 631 732 688 9Iuventati
754 631 846 704 (codd.
861 648 941 700 rece„
957 631 1018 703 Mp.
1041 630 1106 689 Em.
1126 630 1198 702 230)
1222 631 1347 701 LXIII,

278 723 289 774 1
314 718 359 772 ha
389 719 405 773 3
432 715 629 783 (motabiliter
651 713 737 770 Gron.
767 714 891 769 adverso
913 712 1027 788 senatu)
1059 709 1064 790 Ι
1094 713 1189 785 (cuive
1221 722 1347 769 senator

273 800 407 856 Roellius.
431 799 459 853 P
479 797 565 870 quive
587 807 713 866 senator,
735 795 828 853 Decio.
858 795 945 869 quive
964 793 1118 872 senatoris)
1152 799 1187 852 it
1210 795 1252 870 (in
1275 791 1345 852 unte

275 901 360 938 omen
382 901 435 936 non
457 882 560 936 iniuria
580 889 735 955 suspectum
761 876 859 951 Gron.)

358 965 415 1025 tib.
439 963 516 1024 xxti.
575 960 647 1036 Cap,
672 963 703 1032 1,
744 965 755 1017 1
783 962 946 1035 adpetebat,
976 979 1040 1017 cum
1063 961 1161 1020 Hann.
1184 960 1342 1031 (Horisius.

274 1047 303 1103 P
323 1047 537 1120 adpetebatque
564 1046 674 1116 Hann.)
713 1045 730 1100 2
754 1043 885 1100 viderent
907 1041 946 1118 (0
966 1045 1044 1112 Μ,
1068 1060 1158 1108 recc.,·
1180 1043 1245 1098 En.
1268 1045 1343 1101 206.

279 1129 435 1184 Trecerunt
463 1128 512 1182 boc
543 1129 654 1184 verbum
676 1128 726 1182 illu
756 1135 891 1200 raperent
913 1126 1112 1200 agerentque.)
1150 1130 1184 1182 10
1207 1127 1342 1200 ipsorum

272 1211 408 1268 Herculis
433 1209 509 1281 (cdd.
533 1220 613 1280 cett..
635 1213 707 1284 fort.
736 1209 796 1266 cod.
818 1228 890 1266 unus
914 1219 939 1264 et
960 1210 1031 1264 ulter
1053 1227 1107 1268 rec.
1130 1208 1259 1275 Fontem.
1295 1213 1348 1283 qui

276 1293 351 1350 Coere
365 1295 463 1367 suerit.
490 1311 543 1348 non
564 1295 637 1349 nlius
661 1295 713 1348 loci
728 1292 888 1366 precipiam
908 1293 1066 1364 sipnichcri,
1089 1301 1261 1365 apparetur
1285 1310 1345 1365 que

271 1377 432 1451 particulo.)
451 1374 456 1449 )
475 1393 638 1451 respersum
663 1376 705 1448 (P
722 1372 866 1449 spersum)
893 1377 929 1430 14
949 1374 983 1430 iis
1010 1377 1045 1430 16
1067 1374 1141 1430 divis
1163 1374 1345 1430 carminibus

274 1457 348 1534 (My.
370 1459 399 1514 P
417 1457 521 1513 divinis
543 1459 733 1526 carminibus;
755 1456 848 1513 Drulc.
871 1457 930 1512 divi
952 1454 1139 1531 carminibus)
1159 1457 1163 1532 )
1182 1451 1344 1529 ρτεεΐειτθυὲ

273 1555 320 1598 tur
342 1539 457 1613 (Gron.)
497 1543 532 1598 18
549 1541 813 1613 lectisterniumque
828 1539 923 1606 fieret3
947 1539 1015 1612 quin
1038 1549 1066 1594 et
1087 1548 1118 1594 ut
1141 1535 1342 1612 (Cm.2,Lov.

273 1627 302 1680 5.
325 1624 354 1679 P
364 1623 628 1696 lectisterniumque
643 1625 781 1695 fieretque
797 1631 825 1678 et
840 1631 879 1690 ut,
895 1623 966 1678 mole
979 1623 1094 1696 repetito
1107 1622 1230 1694 perticat
1250 1663 1257 1677 .
1301 1622 1345 1678 Et

275 1707 343 1780 quin
361 1725 415 1780 per
431 1724 460 1760 se
481 1715 507 1761 et
530 1707 598 1780 quin
622 1717 650 1762 et
670 1715 737 1764 ut..
759 1713 787 1760 et
807 1704 878 1778 ipsae
895 1723 1014 1777 prorsus
1024 1723 1146 1778 prauum
1168 1701 1230 1778 est.)
1258 1707 1293 1760 19
1314 1715 1344 1761 et

273 1791 331 1845 sine
357 1791 434 1844 uncis
464 1786 578 1865 (Gron.)
613 1789 659 1856 ΙΙ,
693 1791 705 1844 1
731 1787 787 1858 (dis
809 1787 1001 1860 habendoque
1020 1787 1082 1844 edd.
1105 1794 1166 1842 vett.
1189 1786 1218 1841 P
1236 1786 1343 1842 distra-

272 1872 441 1944 hendoque;
463 1871 555 1929 Dralc.
579 1871 633 1927 diis
649 1865 860 1941 trahendoque)
887 1869 1049 1942 ssprolapsi
1071 1887 1164 1942 neque
1187 1886 1343 1943 assurgere

274 1954 367 2025 (Oreo.
376 1975 386 2018 ;
403 1954 470 2012 Em.
487 1954 559 2026 231)
579 1957 582 2025 )
604 1951 668 2028 (nec
684 1962 734 2008 aut
749 1951 786 2006 A.
801 1951 890 2008 Periz.
904 1952 966 2007 Pet
977 1951 1068 2010 Drelc.
1085 1952 1147 2022 aut)
1171 1953 1187 2006 8
1205 1951 1246 2022 (in
1262 1970 1343 2025 aqua

273 2036 441 2100 Finclcbiu33
457 2036 521 2095 Enii.
533 2036 610 2100 231‚·
626 2037 687 2091 Pet
696 2033 789 2091 Drolc.
802 2034 831 2089 in
843 2034 947 2107 aquas)
973 2035 1215 2092 9incumbebant.
1230 2034 1343 2090 iumen-

274 2129 368 2174 torum
395 2119 468 2191 (Mp.
490 2119 555 2176 Em.
578 2119 656 2190 ild.)
674 2118 738 2186 III,
776 2119 792 2172 9
817 2135 881 2172 cum
905 2117 1024 2172 dedisset
1045 2114 1137 2192 (Fert.
1159 2117 1247 2190 pluro
1270 2119 1342 2173 euci-

274 2201 380 2259 derunt.
402 2201 467 2260 an.
489 2201 551 2256 232
569 2199 609 2276 n.)
638 2204 672 2258 13
695 2207 795 2256 vetant
817 2196 910 2273 (codd.
937 2217 1004 2258 recc.
1024 2202 1119 2274 pauci,
1149 2199 1212 2256 edd.
1235 2197 1312 2274 vett.)
1335 2197 1338 2275 )

274 2285 453 2357 obtorpuerit
473 2285 549 2357 (Mp.
561 2283 638 2344 Edd.
654 2291 717 2340 cett.
734 2281 941 2355 obtorpuerint.
973 2281 1071 2354 Neque
1078 2284 1135 2354 fut.
1151 2300 1192 2340 en.
1207 2290 1257 2336 uut
1278 2299 1340 2338 con-

273 2368 406 2422 iunctivus
428 2368 503 2440 ferri
526 2375 618 2440 potest
648 2368 676 2420 in
706 2365 756 2421 teli
776 2365 977 2420 denuntiatione
1004 2383 1090 2438 neque
1117 2365 1268 2436 sinpuleris
1289 2384 1340 2420 nu-

202 2473 204 2480 >
273 2467 363 2504 nanus
384 2452 412 2504 in
437 2451 561 2523 plurium
589 2445 771 2522 allocutione.)
801 2447 859 2515 lv.
893 2449 909 2502 2
933 2447 1125 2520 adinsurgunt
1152 2444 1227 2521 (Μ).
1251 2446 1339 2502 Codd.

209 2547 213 2554 ’
273 2549 344 2589 recc.
377 2532 548 2605 adsurgunt)
587 2535 603 2587 4
628 2531 767 2603 decepere
799 2528 910 2584 insidiae
931 2549 945 2584 e
966 2531 1149 2604 coniaLipsii
1176 2529 1268 2601 (Fert.
1292 2549 1339 2586 ac-

275 2624 364 2687 ceptae
386 2623 435 2669 out
460 2623 592 2688 receptae.
614 2613 679 2671 En.
702 2609 775 2687 232)
805 2612 847 2680 V,
890 2614 907 2668 3
931 2612 1059 2668 ordinem
1087 2611 1169 2667 miles
1194 2620 1222 2666 et
1243 2611 1337 2668 locum

234 2711 236 2715 ·
273 2706 405 2752 nosceret
425 2714 438 2751 e
459 2698 527 2754 coni.
551 2694 648 2752 Alscb.
673 2692 759 2768 (Mu,
774 2702 926 2750 noscerent
937 2695 1000 2755 Pal.
1015 2697 1033 2750 1
1045 2705 1071 2751 et
1085 2694 1154 2749 Ald.
1168 2693 1198 2748 Ρ
1208 2694 1337 2750 ordinem

273 2778 323 2833 sed
356 2778 452 2834 locum
489 2787 630 2834 nosceret.
694 2776 791 2832 Ortum
824 2777 873 2832 boc
904 2786 944 2832 est
973 2795 1005 2833 ec
1033 2777 1148 2833 ordines
1177 2785 1205 2832 et
1233 2776 1338 2844 locum,

274 2861 365 2916 littere
388 2879 401 2916 s
423 2862 494 2916 mole
515 2861 555 2916 ad
574 2869 725 2934 sequentem
748 2877 836 2914 uocem
859 2868 963 2930 tractu,
992 2861 1089 2915 deinde
1111 2860 1209 2914 lineola
1230 2859 1337 2927 addito,

273 2951 304 2998 ut
325 2961 349 3000 c.
373 2945 402 3012 θ,
423 2943 443 2998 3
463 2961 516 3017 pro
538 2944 635 2999 hostes
667 2959 782 2998 summa
812 2943 840 2996 in
863 2942 893 2997 P
913 2944 1025 2998 hostem
1063 2960 1175 2997 summa
1209 2944 1338 3015 seruitum

274 3035 321 3082 est.
372 3025 439 3081 Cum
470 3028 555 3098 sipnis
576 3045 629 3081 non
660 3025 737 3094 ordo,
768 3025 818 3080 sed
847 3025 955 3080 ordines
987 3026 1152 3080 conueniunt.
1195 3025 1338 3080 Nosceret

276 3109 346 3163 inter
366 3117 516 3181 poterat..
543 3109 679 3166 aberat..
715 3116 890 3180 competeret
913 3125 1004 3162 errore
1029 3115 1131 3162 nutum.
1174 3107 1268 3162 Drolc.
1292 3126 1337 3163 or·

273 3189 368 3245 dinem
399 3202 427 3246 et
448 3191 544 3246 locum
566 3199 701 3247 nosceret
724 3189 828 3262 miles.)
857 3191 874 3246 8
897 3189 1054 3264 conglobat
1078 3189 1159 3262 (Cod.
1182 3194 1253 3244 uitus
1274 3208 1337 3252 rec..

273 3273 335 3332 edd.
358 3281 423 3331 cett.
467 3273 596 3347 Apparet
628 3275 666 3330 ba
688 3273 769 3328 semel
789 3275 920 3347 scriptum
942 3291 1014 3343 esse,
1038 3292 1121 3347 quum
1143 3273 1183 3328 bis
1208 3272 1336 3348 deberet.)

276 3351 279 3432 )
306 3355 466 3411 animorum
497 3359 554 3411 sine
574 3359 651 3412 uncis
672 3353 812 3431 (Deteret.)
834 3355 897 3424 Vl,
930 3355 948 3410 3
972 3352 1146 3429 (consulem,
1168 3354 1224 3422 En,
1246 3354 1337 3427 inquit

281 3437 378 3496 Weiss.
400 3438 587 3495 Pconsulem
603 3438 709 3512 inquit3
742 3437 834 3498 Drck.
859 3436 977 3506 Consul,
1000 3457 1044 3506 en,
1066 3433 1171 3512 inquit)
1207 3437 1336 3493 bhume-

272 3519 312 3575 ria
340 3529 455 3577 exstare
486 3521 577 3593 (codd.
598 3523 685 3595 pauci
704 3519 787 3595 rece.)
834 3523 869 3575 12
893 3517 1027 3595 (coniecit
1053 3519 1131 3595 opud
1162 3537 1212 3574 nos
1246 3537 1337 3576 errore

272 3606 373 3658 ninnsit
389 3622 444 3677 pro
476 3604 612 3670 coniecti,
643 3603 718 3677 quod
746 3621 779 3678 en
809 3603 873 3660 edd.
903 3611 964 3658 oett.
997 3620 1056 3658 cum
1082 3601 1160 3662 Oreo.
1191 3610 1217 3656 et
1240 3601 1334 3664 Codeto

274 3688 414 3742 restituere
435 3683 613 3762 volebamus.)
645 3686 723 3754 vn,
755 3687 771 3740 3
795 3685 930 3758 utrinque
951 3688 1008 3740 sine
1033 3687 1110 3741 uncis
1140 3683 1211 3756 (Iac.
1234 3684 1334 3758 Poris.)
1402 3741 1403 3754 q

274 3771 291 3824 4
314 3769 448 3825 haustum
471 3787 508 3825 ex
530 3788 606 3824 vano
628 3768 753 3839 (Walcb.
776 3768 805 3823 P
824 3776 938 3823 austum
960 3787 998 3823 ex
1021 3785 1108 3824 ransc.
1132 3766 1196 3822 Em.
1218 3766 1279 3822 232
1296 3769 1334 3840 n.)
1402 3799 1403 3808 ι

276 3853 311 3907 13
332 3849 373 3926 (in
396 3851 538 3925 conplexu
560 3849 758 3922 Alschefskius.
774 3851 842 3906 Pin
857 3867 1015 3925 conspexu.
1060 3849 1174 3923 Reliqui
1196 3858 1221 3904 et
1243 3849 1332 3907 Drclc.
1402 3859 1403 3920 ᾗ

272 3933 302 3988 in
331 3932 499 4009 conspectu)
532 3933 626 4002 VIII,
664 3935 680 3989 3
705 3932 902 4005 (Probabiliter
928 3932 1021 3989 Drelc.
1052 3929 1139 4006 quam
1171 3931 1202 3987 in
1231 3932 1333 3988 valido.
1402 3921 1403 3946 ¹

191 4035 195 4041 ·
272 4013 349 4071 Nera
362 4016 468 4072 *dumus
489 4017 532 4071 lic
553 4017 685 4071 omittitur
698 4016 860 4090 propositio
883 4033 966 4087 quom
988 4018 1013 4071 si
1032 4017 1147 4089 simplos
1168 4018 1333 4088 comparatio

272 4106 358 4155 essct:
378 4099 408 4153 in
431 4096 482 4159 aff.
504 4116 625 4172 corpore
647 4115 735 4172 quarn
758 4095 880 4171 valido.)
910 4097 1075 4155 tinciderit
1097 4098 1171 4170 (Μ).
1184 4097 1249 4154 En.
1262 4097 1332 4170 235)
