2680 4546
283 217 320 272 36
544 213 623 264 Liber
640 211 739 262 XXVI.
782 170 826 274 (Δ.
840 227 865 261 u.
881 229 903 264 c.
917 213 992 275 544.)

242 411 292 466 „ut
313 414 411 454 coram
434 396 469 454 iis
490 397 697 472 respondeam,
738 397 854 470 quando
882 415 918 454 ea
948 397 1131 454 condicione
1154 417 1211 472 pro
1232 399 1311 468 vobis,
1336 433 1337 438 κ

239 511 337 576 petras
359 500 528 576 conscripti,
556 500 633 558 bella
662 501 803 574 gerimus,
831 511 864 558 ut
891 500 985 558 victos
1017 503 1116 558 armis
1139 516 1310 562 accusatores
1336 575 1337 586 2

241 607 415 674 habeamus,
458 615 484 662 et
513 605 576 662 due
605 613 698 680 ceptae
733 606 789 662 hoc
816 625 893 662 anno
925 608 1013 664 urbes
1047 606 1163 683 Capua
1190 610 1310 666 Fulvium

240 816 353 892 legetis,
374 827 434 874 tum
457 816 558 874 consul
581 817 669 885 „Nou
694 817 769 874 adeo
792 818 969 875 maiestatis“
993 818 1092 892 inquit
1118 821 1244 895 „populi
1262 823 1308 878 Ro·

240 731 337 780 reum,
370 711 540 768 Marcellum
570 711 722 786 Syracusa
751 713 910 774 habeant.“,
975 714 1124 771 Reductis
1155 714 1187 770 in
1217 716 1309 772 curiam

241 923 318 978 mani
339 922 510 996 imperiique
531 921 616 980 huius
639 921 744 978 oblitus
771 941 853 992 sum,
885 934 983 998 patres
1006 925 1194 1000 conscripti,
1224 936 1266 996 nt,
1290 925 1308 982 si
1338 979 1339 1012 ,

241 1027 277 1083 de
300 1046 365 1084 meo
390 1028 508 1084 crimine
530 1028 734 1102 ambigeretur,
756 1027 856 1084 consul
878 1028 1007 1086 dicturus
1029 1048 1159 1086 causam
1185 1051 1308 1089 accusem
1331 1082 1339 1108 .,

210 1132 316 1190 2tibus
340 1131 452 1190 Graecis
473 1131 593 1201 fuerim,
626 1132 756 1189 sednon
776 1141 847 1202 tam,
871 1133 939 1208 quid
962 1153 1018 1210 ego
1039 1134 1188 1205 fecerim,
1214 1136 1244 1191 in
1264 1136 1307 1190 dis·

241 1234 423 1310 quisitionem
439 1239 527 1308 veuit,
550 1258 636 1314 quam
660 1237 730 1311 quid
750 1237 798 1294 isti
818 1239 880 1312 pati
902 1240 1063 1298 debuerint.
1132 1237 1196 1311 Qui
1218 1241 1244 1296 si
1262 1261 1307 1296 nou

240 1342 356 1400 suerunt
377 1344 484 1412 hostes,
506 1342 576 1399 nihil
601 1343 728 1411 interest,
749 1361 825 1400 nnuc
846 1363 885 1400 an
906 1345 974 1401 vivo
996 1345 1134 1403 Hierone
1159 1347 1306 1424 Syracusas

210 1447 425 1516 3violaverim3
447 1447 491 1506 sin
507 1457 603 1505 autem
619 1448 802 1506 desciverunt
824 1468 843 1504 e
857 1451 965 1526 populo
980 1452 1132 1522 Romano,
1157 1452 1185 1508 si
1210 1452 1305 1526 legatos

241 1564 356 1610 nostros
371 1551 448 1610 ferro
465 1563 553 1628 etque
568 1547 657 1610 armis
672 1553 824 1628 petierunt,
847 1555 948 1612 urbem
974 1573 1009 1611 uc
1024 1556 1138 1614 moenia
1154 1558 1306 1614 clausenut
1327 1604 1333 1617 .

241 1658 427 1731 exercituque
451 1655 734 1732 Carthaginiensium
765 1659 904 1716 adversus
936 1679 991 1716 uos
1017 1661 1107 1717 tutati
1138 1674 1228 1732 sunt,
1256 1663 1304 1737 quis
1327 1648 1334 1767 ἶ

210 1765 343 1838 ipassos
372 1781 435 1820 esse
464 1763 596 1830 hostilia,
625 1782 713 1837 quum
745 1761 881 1834 fecerint,
911 1765 1102 1839 indignatur?
1154 1769 1303 1825 Tradeutes
1328 1802 1339 1839 ι,

240 1869 340 1926 urbem
377 1867 521 1943 principes
559 1868 810 1942 Syracusanorum
848 1879 999 1926 aversatus
1031 1888 1097 1926 sum
1110 1863 1121 1939 ;¹
1160 1873 1257 1931 Sosim
1282 1885 1302 1928 et

240 1973 391 2029 Moericum
414 1971 595 2046 Hispanum,
628 1975 733 2046 quibus
762 1983 873 2030 tautam
901 1974 1048 2030 crederem
1080 1993 1159 2046 rem,
1188 1980 1301 2052 potiores
1328 2016 1339 2083 ¹,

238 2078 337 2135 hebui.
389 2079 458 2135 Nou
487 2077 555 2134 estis
583 2079 704 2136 extremi
734 2077 1001 2154 Syracusanorum,
1032 2080 1145 2156 quippe
1173 2082 1225 2156 qui
1251 2082 1300 2138 eliis
1325 2100 1334 2179 1

210 2183 430 2240 bhumilitatem
452 2183 610 2253 obiiciatis3
638 2183 703 2258 quis
732 2194 776 2240 est
797 2195 940 2255 vestrum,
970 2185 1021 2258 qui
1052 2203 1086 2242 se
1119 2187 1193 2243 mihi
1215 2197 1298 2262 portes
1328 2246 1334 2281 Ι

240 2298 425 2362 aperturum,
455 2287 504 2362 qui
534 2299 662 2344 armatos
690 2289 794 2344 milites
825 2308 905 2346 meos
935 2290 964 2346 in
993 2291 1096 2346 urbem
1126 2303 1296 2366 acceptumn
1330 2348 1339 2374 ,χ

240 2391 437 2466 promiserit?
476 2390 587 2448 Odistis
610 2403 637 2448 et
659 2394 849 2450 exsecramini
872 2415 936 2464 eos,
970 2395 1021 2469 qui
1040 2395 1193 2466 fecerunt,
1219 2410 1247 2454 et
1270 2415 1296 2452 ne
1329 2442 1339 2468 ,

239 2497 286 2554 hio
309 2497 423 2571 quidem
445 2497 625 2553 coutumeliis
648 2497 677 2553 in
700 2517 750 2555 eos
772 2499 900 2556 dicendis
924 2497 1058 2574 parcitis;
1082 2508 1197 2557 tantum
1219 2503 1295 2566 abest,

1329 2574 1336 2683 i

239 2715 337 2780 patres
359 2706 527 2780 conscripti,
550 2724 637 2778 quam
660 2707 707 2763 isti
734 2709 886 2778 obiiciunt,
911 2709 1040 2764 maximo
1063 2721 1233 2784 argumento
1253 2721 1293 2775 est,
1330 2688 1339 2743 Ιχ

210 2601 270 2656 but
293 2612 321 2657 et
342 2601 397 2675 ipsi
418 2603 476 2658 tale
497 2602 651 2677 quicquam
667 2601 772 2660 facturi
787 2603 907 2661 inentis.
950 2604 1021 2678 lpse
1036 2604 1187 2661 humilitas
1201 2625 1293 2662 eorum.

240 2831 286 2868 me
308 2812 471 2880 neminem,
506 2812 554 2886 qui
576 2820 713 2868 navatam
737 2829 855 2888 operam
877 2813 919 2869 rei
941 2813 1064 2887 publicae
1088 2827 1195 2872 nostra
1214 2815 1292 2870 vellet
1331 2806 1339 2846 ³¹

210 2917 405 2972 laversatum
439 2934 510 2974 esse.
573 2916 612 2972 Et
644 2925 800 2992 antequam
828 2919 990 3002 obsiderem
1020 2918 1198 2995 Syracusas,
1230 2937 1290 2974 nunc

239 3020 342 3094 legatis
365 3021 520 3089 mittendis,
545 3039 620 3076 nunc
642 3021 680 3076 ad
702 3021 878 3096 colloquium
900 3024 995 3080 cundo
1016 3025 1130 3082 tentavi
1151 3035 1289 3100 peremat

240 3134 430 3200 posteaquam
459 3144 554 3200 neque
576 3127 687 3200 legatos
708 3126 838 3184 violandi
861 3129 1036 3186 verecundia
1057 3142 1136 3200 erat,
1164 3149 1213 3188 nec
1232 3129 1287 3184 mibi

239 3229 295 3304 ipsi
319 3248 474 3304 congresso
489 3230 534 3285 -ad
557 3242 657 3304 portes
684 3249 748 3288 cum
778 3233 956 3310 principibus
978 3251 1151 3309 responsum
1174 3236 1285 3291 dabutur.
1337 3264 1338 3283 ι

240 3335 336 3391 multis
358 3345 436 3390 terra
449 3335 580 3409 marique
595 3337 743 3392 exhaustis
758 3336 917 3407 laboribus,
932 3339 1050 3394 tandem
1073 3339 1103 3396 vi
1118 3352 1201 3413 atque
1214 3337 1284 3394 ermis
1337 3390 1338 3397 ,

210 3441 402 3516 dSyracuses
424 3440 497 3513 cepi.
558 3439 630 3512 Quae
653 3441 745 3515 captis
768 3442 938 3512 acciderint,
962 3444 1039 3517 apud
1062 3443 1244 3500 Hannibalem
1262 3455 1282 3496 et

241 3543 495 3618 Carthaginienses
521 3544 615 3603 victos
643 3545 746 3602 iustius
776 3565 863 3618 quam
894 3547 971 3622 apud
999 3548 1119 3608 victoris
1141 3547 1228 3624 populi
1247 3565 1281 3602 se·

210 3655 339 3710 anatum
356 3660 550 3722 quererentur.
596 3651 669 3724 Ego,
692 3660 789 3726 patres
811 3652 974 3725 conscripti,
990 3651 1152 3728 Syracusas
1165 3652 1280 3728 spoliatas

240 3754 264 3808 si
296 3765 452 3828 negaturus
481 3772 589 3822 assem,
618 3773 766 3830 nunquam
796 3755 897 3829 spoliis
925 3776 1025 3814 earum
1054 3760 1154 3816 urbem
1178 3759 1278 3814 Romam

242 3877 422 3914 exornarem.
481 3858 553 3930 Quae
582 3869 678 3915 autem
708 3859 827 3934 singulis
849 3860 943 3918 victor
971 3873 1021 3919 aut
1043 3863 1138 3920 ademi
1158 3857 1277 3919 succedi

243 3962 421 4032 quum-belli
443 3961 513 4029 iure,
535 3972 595 4018 tum
618 3981 655 4018 ex
676 3962 814 4036 cuiusque
836 3967 938 4022 merito
960 3967 1031 4024 satis
1053 3969 1115 4024 scio
1136 3963 1275 4024 mcfeeisse·
