2812 4556
751 255 841 300 xvttl

269 437 343 510 (My.
359 436 425 495 Em.
447 433 521 511 252)
549 437 583 494 I6
606 443 635 493 et
655 435 757 512 n'giuti
779 456 852 495 unus
873 439 979 496 tribuni
1002 439 1102 513 (Grou,
1126 441 1155 497 P
1168 449 1196 498 et
1217 439 1345 515 viginti-

269 515 451 590 unudecetr„
490 519 547 576 tor·
571 529 612 576 eu
642 519 769 597 XXIX)
814 523 848 578 18
872 521 1023 594 (Numerus
1044 527 1163 597 equitum
1183 527 1273 581 maior
1296 535 1346 582 est

269 621 352 676 quom
377 623 431 677 pro
453 602 602 676 peditibus.
661 601 748 663 Coeo.
781 622 859 675 rece,
880 604 972 662 Drolr.
995 614 1023 661 et
1056 607 1167 679 equites
1189 609 1341 680 trecenti.)

269 686 309 751 L,
343 688 360 742 9
385 685 523 759 (disiicius
549 683 634 742 Grou.
667 686 696 741 P
721 686 847 746 uisscias.
875 687 962 744 Drulo.
994 688 1191 765 transibimus)
1231 694 1260 746 II
1299 691 1343 747 ad

268 768 396 825 sexcenti
412 770 452 841 (P
462 769 499 829 ed
515 767 564 837 dc;
587 768 642 824 oid.
654 772 735 844 prus.
761 769 814 828 Vol.
833 772 851 824 1
862 788 894 844 p.
917 771 937 825 2
958 771 998 827 ud
1017 771 1056 839 X,
1073 772 1122 840 33,
1138 773 1179 844 6.)
1206 775 1242 829 12
1261 791 1342 847 quos

267 850 412 925 ingenium
445 849 537 925 (codd.
561 851 615 906 duo
637 869 705 908 rere.
728 852 758 907 P
776 853 854 926 quod
875 853 1033 929 ingenium)
1067 855 1123 923 LI,
1162 860 1179 912 5
1204 866 1340 930 stragem

266 934 400 991 insistunt
435 935 508 1007 (My.
532 933 597 993 Em.
624 935 694 995 252.
722 935 752 990 P
779 936 1211 1011 spectendeiustregeiusistunt)
1255 942 1272 996 6
1298 937 1345 1004 (P

268 1034 341 1090 quos
373 1025 475 1074 tracte.
518 1016 667 1073 Fortasse:
695 1035 768 1091 quos
791 1029 940 1075 contracte
971 1029 1021 1076 uut
1045 1037 1118 1094 quoe
1132 1019 1239 1096 ·tecto)
1265 1022 1339 1090 LII,

268 1103 285 1156 4
319 1101 360 1172 (et
392 1100 480 1156 enimi
518 1099 615 1156 Weiss.
638 1101 713 1157 Put
734 1100 828 1160 nimis.
850 1102 942 1163 Drule.
977 1111 1026 1159 eut
1054 1101 1153 1178 animi)
1187 1104 1279 1171 LIII,
1319 1107 1337 1160 8

267 1180 358 1257 (nulle
389 1183 500 1253 Bauer,
533 1183 594 1255 My.
616 1182 645 1238 P
673 1192 699 1239 et
729 1183 820 1240 Drolr.
853 1184 944 1260 nullo)
984 1189 1013 1242 It
1042 1186 1172 1260 Iuppiter
1204 1187 1336 1260 optimus

267 1265 466 1325 maximus...
496 1265 612 1322 adliciat
638 1264 679 1341 (P
696 1267 804 1340 optime
825 1268 1007 1328 maxime...
1037 1268 1164 1341 adficiet)
1197 1270 1282 1338 LIV,
1318 1273 1335 1328 6

266 1358 358 1417 certe,
386 1348 439 1406 etsi
465 1368 479 1405 e
509 1351 577 1406 eour'.
609 1349 664 1420 (ed.
686 1349 771 1406 Frob.
795 1350 882 1406 1531.
904 1351 934 1405 P
950 1350 1121 1426 cerneieisi.)
1161 1356 1176 1408 7
1204 1352 1334 1409 occisum

265 1433 400 1488 eoueulem
434 1442 579 1505 utrumque
612 1450 676 1488 cum
710 1432 822 1489 duobus
858 1433 1030 1490 exercitibus
1067 1432 1167 1509 (Grou.
1200 1435 1230 1490 P
1256 1436 1334 1492 occi-

265 1532 328 1570 sum
353 1533 417 1571 cum
440 1515 553 1572 duobus
576 1514 757 1572 exercitibus.
781 1515 873 1574 Drulr.
897 1517 1008 1574 occisos
1030 1518 1096 1576 c.d.
1120 1535 1166 1573 ex.
1189 1518 1336 1575 consules.

266 1596 424 1655 Occidione
453 1598 545 1656 occidi
567 1616 619 1654 uou
641 1598 742 1654 dicitur
762 1601 817 1655 ulei
837 1599 871 1654 de
891 1619 992 1672 meque
1013 1597 1207 1673 multitudiue.)
1230 1601 1249 1658 6
1274 1600 1303 1677 (f
1323 1633 1335 1644 -

265 1680 338 1737 eiam
362 1680 387 1740 I.
410 1681 451 1741 H.
480 1681 557 1740 Voss.
582 1680 611 1737 P
635 1679 718 1740 facie.
769 1681 861 1740 Drole.
884 1680 1005 1758 fecere.)
1044 1687 1074 1739 II
1104 1682 1145 1758 (P
1164 1701 1335 1759 compares·

265 1773 309 1819 set
331 1763 451 1820 cladem.
473 1764 553 1823 Fert.
577 1781 727 1837 compares
749 1763 857 1821 scilieet
879 1765 914 1826 cl.
930 1765 994 1822 Em.
1016 1765 1089 1838 253)
1108 1763 1114 1842 1
1133 1783 1245 1824 cessere
1267 1767 1342 1839 [in],

264 1847 415 1920 veeIIgelis
441 1847 515 1920 (My.
536 1847 566 1903 P
583 1864 695 1903 cessere
715 1846 821 1904 inuecti
850 1847 944 1922 gellis.
988 1848 1081 1908 Drolr.
1104 1867 1231 1920 cessere,
1264 1850 1335 1908 hinc

265 1930 369 2004 vectig.
418 1929 476 1986 Sed
496 1931 576 1986 uuiue
599 1931 726 2003 temporis
747 1931 803 1988 luce
816 1932 953 2004 suerunt.)
977 1932 1042 2001 LV,
1067 1934 1083 1988 3
1108 1932 1281 2006 mortuique,
1304 1943 1336 1990 et

264 2030 316 2087 per
338 2010 431 2088 (codd.
456 2031 526 2071 rece.
548 2013 577 2070 P
595 2012 758 2086 mortuique
776 2024 804 2070 et
819 2033 900 2089 paene
922 2032 1022 2070 omnes
1044 2014 1137 2090 poene)
1162 2019 1177 2071 t
1203 2014 1334 2089 (aliquos

264 2093 410 2170 profecto.
423 2137 453 2156 ..
480 2094 544 2152 iore
564 2095 624 2154 Ioe.
648 2093 734 2152 Grou.
751 2115 807 2170 pro
829 2097 942 2170 aliquos
963 2096 1123 2171 profectos.
1136 2141 1165 2157 ..
1194 2097 1284 2170 forte)
1313 2102 1332 2156 8

265 2178 433 2235 conuenerit
446 2186 532 2249 recte,
552 2178 698 2247 tumultus,
720 2188 780 2235 tum
797 2178 887 2255 (Ues,
910 2180 1005 2236 Weiss.
1020 2180 1114 2238 Drolr.
1129 2189 1224 2236 oouuo
1246 2182 1330 2237 codd.

248 2327 251 2333 Ι
264 2261 368 2321 contio.
380 2261 527 2329 turnultus,
541 2271 619 2318 recte
630 2270 700 2317 tum.
742 2261 838 2320 Ortum
850 2272 928 2319 recte
939 2283 972 2318 eu
986 2262 1053 2320 rittu
1064 2265 1207 2337 pemiuutio
1223 2265 1331 2322 litteus.

263 2343 328 2400 Nou
349 2347 438 2402 miuus
455 2363 577 2418 prauum
598 2353 639 2400 est
659 2353 792 2405 recte...
820 2345 1023 2418 revocandos.)
1057 2347 1153 2414 LVII,
1186 2352 1194 2403 l
1222 2359 1331 2421 prsete-

262 2445 324 2484 rem
353 2446 403 2487 om.
437 2425 476 2503 (iu
501 2427 585 2500 suppl
626 2426 647 2498 .)
686 2429 702 2482 3
726 2427 922 2498 (Probabilr'ter
950 2429 1114 2486 Vaasseuius
1145 2438 1171 2486 et
1197 2429 1332 2487 Herter‘m

263 2509 438 2586 pontificius)
464 2512 481 2568 6
503 2511 557 2566 sub
579 2519 657 2565 terra
679 2509 779 2583 (Dulr.)
803 2514 819 2567 9
843 2511 921 2585 (iude
943 2512 1068 2570 dictator
1092 2511 1170 2571 Creu.
1193 2512 1222 2567 P
1237 2513 1330 2570 indic·

180 2611 184 2618 *
263 2603 350 2650 tator.
376 2593 468 2649 Dralr.
497 2611 547 2648 om.
570 2591 658 2665 inde.)
700 2595 734 2649 12
757 2593 899 2652 redimere
939 2596 994 2668 (ed.
1018 2595 1131 2656 Aeeeus.
1152 2596 1182 2651 P
1206 2595 1329 2666 redime;

262 2679 313 2750 csr.
334 2675 384 2746 58,
409 2677 438 2735 4.
488 2674 585 2749 Neque
605 2675 711 2744 XXV,
735 2678 785 2746 11,
809 2680 846 2733 10
869 2678 967 2734 Liuius
988 2681 1114 2752 sempsit:
1142 2679 1167 2734 is
1199 2678 1322 2740 finis...

262 2776 433 2834 oppugnare
449 2766 488 2814 vet
516 2757 670 2829 XXXIV,
700 2759 755 2828 13,
787 2763 807 2816 5
836 2770 966 2835 potestas
996 2762 1132 2820 lieret...
1177 2763 1329 2818 ostendere

264 2861 297 2898 eu
317 2861 370 2898 uuo
392 2849 540 2898 uuuototur
554 2840 653 2898 Bomh.
676 2842 752 2898 Miro
776 2861 868 2900 errore
888 2847 989 2900 citetur
1013 2843 1066 2900 Cic.
1082 2843 1163 2900 Foru.
1184 2843 1258 2910 XII,
1281 2846 1329 2913 17,

263 2925 304 2994 2.)
343 2929 357 2982 7
382 2924 545 2998 (inclinaret
567 2925 679 2981 animus
707 2925 779 2982 Lou.
801 2929 831 2982 5.
851 2928 880 2983 P
898 2926 1049 2984 inclinaret
1079 2926 1201 2984 animos.
1234 2926 1328 2984 Drulc.

262 3007 433 3064 inclinarent
457 3007 581 3080 animos)
608 3008 692 3076 LIX,
717 3009 734 3064 9
758 3009 871 3082 quidem
894 3008 1062 3081 refugerunt
1084 3009 1156 3081 (My.
1171 3009 1235 3065 Em.
1253 3011 1328 3082 253)

266 3094 297 3148 tt
328 3088 400 3164 (Sed
422 3099 450 3146 et
470 3090 527 3146 illis
551 3089 628 3146 Creu.
647 3105 702 3165 pro
725 3091 783 3150 Sed
805 3092 860 3149 illis
882 3090 922 3167 et)
951 3095 983 3148 13
1000 3090 1069 3166 (iam
1087 3090 1217 3148 duriores
1246 3092 1329 3150 Vallo

258 3191 313 3248 pro
335 3181 394 3229 tem
410 3173 475 3234 dur.
496 3172 588 3246 Drolr.
604 3184 701 3230 temen
716 3174 791 3247 dur.)
829 3179 863 3232 14
881 3174 929 3249 qui
945 3175 1023 3246 [vos]
1045 3174 1191 3249 hospitum
1213 3174 1328 3248 (Fabri)

268 3261 301 3313 17
326 3253 389 3311 est?
421 3256 473 3312 sed
494 3256 534 3325 si,
567 3256 678 3312 medius
710 3257 801 3329 (codd.
823 3275 893 3316 rece.
919 3258 948 3313 P
969 3267 1012 3312 est
1025 3266 1077 3314 »set
1097 3257 1123 3314 si
1144 3276 1203 3314 eum
1224 3277 1329 3316 rasura
1403 3319 1404 3344 ἰ

234 3353 237 3359 ·
263 3341 333 3395 iuter
354 3347 399 3395 set
422 3347 447 3395 et
461 3338 495 3396 si.
513 3337 699 3396 Gemiuuu'oue
714 3341 866 3396 litterarum
887 3349 949 3396 ortu
965 3341 1109 3414 particule
1129 3359 1182 3396 uou
1203 3342 1294 3414 apte.)
1322 3339 1325 3420 J

264 3440 283 3479 e
303 3423 360 3478 elue
381 3424 457 3478 uuer'e
479 3422 552 3494 (My.
574 3421 669 3480 Vobis
690 3441 750 3479 euru
768 3423 823 3479 visi
845 3426 969 3496 eouiuupr'
981 3421 1079 3499 debet.)
1100 3425 1103 3495 Ι
1123 3422 1225 3498 (simus
1248 3424 1328 3481 Mur.

259 3524 314 3580 pro
336 3505 446 3577 sumus)
468 3505 535 3575 LX,
562 3509 578 3562 5
601 3505 734 3562 videatur
758 3505 830 3577 (Pru.
851 3507 880 3577 2,
905 3505 995 3583 O.)·6
1020 3507 1064 3562 his
1088 3507 1105 3562 9
1129 3503 1193 3580 (per
1213 3505 1327 3564 confer·

263 3597 309 3646 tos
332 3587 428 3645 Aleclt.
449 3589 534 3646 Pom.
557 3607 617 3664 per.
632 3589 724 3649 Drulr.
747 3607 987 3664 perrumpere...
1017 3585 1174 3663 confertos)
1202 3592 1229 3644 It
1252 3589 1327 3648 sicut

264 3690 443 3734 avorum...
473 3672 504 3730 in
532 3671 668 3742 Somnio,
701 3671 774 3728 sicut
801 3673 886 3728 nobis
916 3673 990 3745 (Mp.
1013 3672 1077 3728 Eun.
1100 3672 1169 3745 147)
1214 3675 1249 3727 12
1272 3692 1326 3730 nec

263 3755 341 3812 viros
374 3755 488 3830 quidem
521 3755 600 3831 (Ues.
623 3755 665 3826 Et
690 3773 743 3812 nec
770 3755 941 3828 ...quidem
965 3764 990 3812 et
1011 3774 1102 3816 ne...
1131 3754 1245 3828 quidem
1266 3755 1324 3814 ut.

258 3857 380 3914 pravum
400 3857 471 3908 esse,
502 3857 521 3894 a
552 3839 736 3912 compluribus
756 3838 916 3894 iutelleetum
938 3840 992 3894 ium
1013 3847 1081 3898 erat.
1124 3836 1182 3894 Sed
1205 3857 1257 3895 nou
1278 3843 1328 3912 aqi

264 3922 298 3978 de
319 3923 406 3996 uretur
420 3921 574 3996 Sempronii
593 3922 702 3987 iudicio,
723 3921 774 3978 sed
795 3921 829 3977 de
843 3923 975 3978 communi
997 3923 1123 3989 oliorum,
1147 3930 1173 3977 et
1193 3925 1324 3979 sententie

160 4038 164 4044 -
264 4012 291 4064 et
308 4006 501 4061 verberante
524 4003 637 4060 virtutis
661 4002 837 4077 (Semproulr')
859 4005 1023 4076 ostendunt.)
1057 4009 1090 4062 15
1115 4012 1143 4060 et
1163 4003 1246 4061 liberi
1268 4001 1324 4078 (ecl.

263 4087 350 4146 Proh.
368 4087 458 4144 1531.
471 4087 512 4144 Et
526 4095 616 4144 ortum
632 4104 665 4143 eu
679 4087 776 4144 ultimo
791 4087 900 4162 syllaba
913 4087 990 4145 uerbi
1001 4086 1098 4158 faciet,
1120 4096 1151 4143 ut
1164 4091 1179 4156 ξ
1202 4088 1239 4143 18
1257 4090 1285 4144 iu
1299 4089 1329 4144 P
