2678 4560
307 241 345 298 90
570 235 650 286 utun
668 200 795 288 xxvu(
822 234 872 296 (s.
886 247 913 284 ιι.
925 249 946 283 0.
962 233 1034 297 sss.)

264 420 457 495 supplicatum
484 438 536 493 per
563 417 690 496 compita
709 425 772 476 tota
792 417 865 474 urbe
886 425 945 489 est,
973 425 1003 474 et
1023 417 1061 474 P.
1084 415 1219 474 Licinius
1238 415 1321 472 Varus

264 535 371 600 prator
392 525 520 582 urbanus
541 524 634 598 legem
657 521 734 580 ferre
756 523 793 580 ad
815 521 954 598 populum
976 521 1091 591 iussus,
1128 529 1163 577 ut
1183 520 1206 577 ii
1227 519 1323 576 ludiiu

262 639 432 706 perpetuum
457 629 486 686 in
509 637 616 686 statam
638 627 713 685 diem
736 636 921 686 voverentur.
971 627 1040 701 Ipse
1060 626 1176 700 primus
1192 625 1323 694 itavcvit,

264 735 390 808 fecitque
419 744 486 792 ante
514 734 588 792 diem
616 733 733 790 tertium
760 751 853 789 nonas
886 731 1037 804 Quintiles.
1088 732 1121 788 ls
1151 731 1215 788 dies
1236 728 1324 786 deiude

265 839 412 898 sollemnis
434 847 575 897 servatus.

168 931 212 1000 24
349 943 397 1000 De
419 941 563 1000 Arretinis
593 951 622 1000 et
652 941 733 999 fama
760 942 790 998 in
818 940 881 996 dies
908 939 1029 1025 grauior
1060 950 1090 998 et
1113 959 1188 998 cura
1211 957 1326 998 messere

263 1047 403 1122 patribus.
447 1047 552 1121 Itaque
574 1046 607 1104 0.
627 1045 754 1104 Hostilio
777 1045 915 1118 scripturn
938 1053 990 1116 est,
1012 1063 1050 1102 ne
1070 1042 1209 1102 differret
1223 1045 1325 1102 obsides

264 1153 301 1210 ab
324 1152 468 1210 Arretinis
490 1152 637 1227 accipere,
664 1161 701 1220 et,
724 1150 770 1207 cui
790 1152 919 1208 traderet
933 1151 1058 1208 Romam
1082 1151 1281 1220 deducendos,
1299 1149 1325 1208 C.

233 1253 418 1314 2Terentius
442 1257 540 1314 Varro
562 1275 627 1312 cum
650 1255 771 1328 imperio
794 1255 908 1316 missus.
955 1255 1013 1328 Qui
1029 1264 1062 1311 ut
1073 1257 1168 1327 venit,
1193 1255 1327 1330 extemplo

263 1361 407 1418 Hostilius
433 1361 576 1435 legionem
608 1379 712 1431 uuam,
748 1377 813 1434 qua
841 1369 910 1418 ante
938 1361 1040 1418 urbem
1071 1371 1175 1418 eastra
1203 1362 1326 1421 habeba.

263 1467 347 1541 sigua
367 1466 397 1523 in
418 1467 518 1524 urbem
540 1466 617 1524 farre
637 1466 720 1524 iussit
741 1464 934 1540 praesidiaque
952 1465 1024 1522 locis
1043 1465 1164 1522 idoneis
1185 1465 1327 1540 disposuit,

233 1573 324 1630 dtum
360 1572 390 1628 iu
422 1570 487 1628 foro
520 1572 614 1630 citatis
650 1570 832 1628 senatoribus
872 1569 988 1627 obsides
1019 1571 1194 1645 imperavit.
1244 1572 1328 1644 Quum

266 1686 383 1734 senatus
405 1676 523 1734 biduum
544 1676 582 1732 ad
604 1675 843 1732 considerandum
868 1671 1011 1752 [tempus]
1036 1684 1166 1750 peteret,
1190 1687 1241 1734 aut
1261 1677 1327 1752 ipsu

264 1782 409 1857 extemplo
441 1782 511 1838 dare
536 1787 588 1836 ant
614 1797 645 1836 se
675 1788 792 1854 postero
822 1779 869 1835 die
896 1788 1062 1837 senatorum
1097 1799 1205 1840 omues
1233 1783 1328 1839 liberos

263 1897 445 1963 sumpturum
459 1886 556 1945 edixit.
602 1885 675 1942 lude
696 1895 796 1960 portas
819 1883 964 1962 cuqtodire
985 1885 1056 1942 iussi
1079 1885 1195 1944 tribuni
1218 1888 1328 1962 militum,

223 2073 250 2155 '4
263 2098 298 2155 Id
326 2097 442 2172 segnius
467 2095 717 2171 negligentiusque
744 2093 867 2171 factum3
903 2103 1012 2170 septem
1035 2095 1189 2170 principes
1212 2116 1282 2154 sena

264 2203 433 2276 priusquam
466 2201 604 2259 custodiae
631 2200 662 2257 in
679 2200 779 2276 portis
807 2200 989 2268 locarentur,
1021 2207 1089 2256 ante
1118 2211 1242 2260 noctem
1275 2217 1322 2258 cun

234 2306 362 2364 iliberis
384 2316 546 2363 evaserunt.
595 2307 720 2362 Postero
750 2302 797 2360 die
816 2303 882 2360 luce
902 2303 1016 2377 prima,
1050 2323 1140 2379 quum
1166 2318 1287 2365 senatus
1302 2305 1327 2386 in,

266 2409 362 2466 forium
384 2410 467 2467 citari
482 2420 593 2484 coeptus
606 2419 691 2480 esset,
712 2407 878 2479 desiderati,
900 2407 1036 2485 bonaque
1047 2428 1150 2466 eorum
1168 2389 1327 2468 venierunt

264 2534 283 2570 a
312 2514 413 2570 ceteris
442 2515 625 2572 senatoribus
654 2523 767 2572 cantum
791 2512 894 2586 viginti
915 2513 1049 2584 obsides,
1085 2515 1175 2572 liberi
1197 2517 1323 2592 ipsorum,

198 2674 203 2686 ,
233 2619 373 2693 decerpti
407 2620 564 2694 traditique
590 2616 622 2678 0.
644 2617 783 2674 Terentio
810 2618 935 2674 Romam
963 2618 1132 2676 deducendi.
1184 2622 1218 2678 Is
1242 2619 1321 2678 omnis

263 2725 457 2800 suspectiora,
496 2743 584 2798 quam
627 2731 694 2780 aute
726 2722 857 2792 fuerant,
889 2724 919 2779 in
955 2732 1057 2780 senatu
1090 2722 1172 2780 fecit.
1232 2728 1320 2798 Itaque

263 1991 449 2067 praefectique
470 1991 580 2048 socium
603 1999 632 2048 et
655 1989 851 2060 centuriones,
884 2008 922 2046 ne
943 1989 1007 2064 quis
1029 1999 1118 2046 nocte
1140 1994 1218 2050 urbe
1240 1993 1328 2254 Ἢ

262 2840 400 2905 tauquam
413 2830 579 2888 imminente
589 2829 714 2886 Etrusco
727 2829 860 2898 tumultu,
880 2828 1023 2901 legionem
1036 2847 1136 2898 unam,
1160 2829 1285 2886 alteram
1295 2843 1320 2883 ex

262 2936 394 3006 urbanis,
417 2934 563 2992 Arretium
597 2934 701 2990 ducere
732 2934 827 2990 iussus
860 2910 923 3007 ipae
952 2931 985 2991 Ο.
1014 2933 1174 2990 Terentius
1211 2949 1319 3007 eamque

233 3043 369 3098 'lhabere
397 3040 425 3096 in
455 3039 588 3114 praesidio
619 3038 714 3109 urbis;
751 3037 784 3098 C.
808 3037 964 3095 Hostilium
993 3055 1057 3095 enm
1081 3047 1181 3095 celero
1205 3039 1325 3097 exercitu

261 3145 357 3219 placet
377 3153 468 3201 totam
492 3143 671 3216 provinciam
694 3161 852 3219 peragrare
874 3150 903 3200 et
925 3161 1043 3212 cavere,
1074 3161 1112 3198 ne
1134 3161 1197 3217 qua
1217 3142 1325 3218 occasio,

232 3254 371 3308 ductare
403 3249 583 3324 cupientibus
618 3267 664 3305 res
697 3249 823 3306 daretur.
871 3246 905 3304 Ο.
935 3246 1090 3304 Terentius
1117 3259 1151 3304 ut
1183 3249 1316 3307 Arretiuu

261 3373 325 3411 cum
354 3354 467 3429 legione
493 3353 586 3422 venit,
618 3353 715 3410 claves
743 3361 893 3427 portarurn
916 3370 1004 3426 quum
1027 3352 1220 3426 magistratus
1240 3369 1316 3428 popo·

261 3461 379 3529 scisset,
402 3457 576 3534 negantibus
597 3456 632 3514 iia
655 3474 841 3532 comparere,
868 3455 972 3514 fraude
992 3464 1109 3513 amotas
1133 3458 1230 3532 magis
1252 3467 1314 3514 ratu

261 3583 347 3638 quam
371 3563 545 3639 negligentia
570 3561 757 3631 intercidisse,
778 3561 841 3636 ipse
865 3561 937 3618 alias
959 3561 1056 3618 claves
1078 3563 1218 3620 omnibus
1240 3561 1324 3637 pons

259 3668 413 3742 imposuit,
447 3669 582 3741 cavitque
616 3686 681 3724 oum
715 3685 803 3737 cura,
839 3676 869 3723 ut
903 3666 1002 3724 omnia
1039 3666 1068 3723 in
1101 3675 1252 3741 potestate
1277 3683 1313 3724 sut

230 3771 369 3842 llessent3
391 3772 549 3830 Hostilium
574 3772 710 3830 intentius
722 3771 844 3841 monuit,
865 3779 897 3827 ut
912 3769 942 3828 iu
961 3788 997 3828 eo
1016 3789 1109 3846 spem,
1127 3791 1189 3831 non
1202 3783 1313 3832 moturos

263 3878 418 3952 quicquam
430 3877 579 3947 Etruscos,
596 3886 725 3952 poneret.
748 3878 781 3947 si,
804 3897 840 3934 ne
857 3877 926 3951 quid
942 3877 1052 3934 moveri
1064 3889 1177 3950 posset,
1197 3880 1312 3938 oarusat

164 3973 208 4042 25
346 3981 393 4038 De
423 3982 589 4039 Tarentinis
618 3982 684 4038 inde
713 4000 820 4056 magna
842 3981 1027 4040 contentione
1049 3983 1079 4038 iu
1105 3993 1213 4042 senatu
1234 3993 1323 4085 aotunp
