2812 4556
388 251 468 299 arser
484 249 558 298 xxi.
595 247 704 312 (acu.
720 211 798 309 sis.)¹
1047 255 1082 308 ts

47 441 234 508 pugnantem
263 434 481 508 deposcebatis;
511 441 639 490 ceterum
670 435 731 490 hec
758 432 866 506 legatio
898 431 995 490 verbis
1028 432 1123 492 adhue

47 537 140 594 lenior
163 548 224 606 est,
245 557 277 594 re
299 539 440 613 asperior.
483 539 568 595 Tunc
590 538 664 594 enim
686 536 837 595 Hannibal
854 543 883 592 et
903 537 1154 598 insimulabaturb

47 649 74 696 et
106 629 345 716 deposcebatur3
377 661 454 700 nuno
485 645 522 699 ab
549 643 634 700 nobis
665 651 695 700 et
725 641 870 699 confessio
906 643 998 717 culpa
1028 645 1125 720 expri-

48 747 137 802 mitur
179 756 214 802 et
253 758 285 805 nt
320 767 340 804 a
375 748 515 806 confessis
557 767 604 805 res
640 748 786 821 extemplo
821 755 999 821 repetuntur.
1059 751 1156 826 Egob

48 860 146 908 autem
170 870 246 920 non,
272 854 389 928 privato
415 846 571 928 publicone
598 852 719 910 oonsilio
742 852 904 927 Saguntum
925 863 1125 928 oppugnatum

48 958 93 1024 sit,
117 960 312 1032 quaerendum
341 977 492 1028 censeam,
519 959 571 1014 sed
592 967 689 1014 utrum
718 958 781 1015 iure
810 977 848 1015 an
874 957 994 1028 inierim
1025 964 1154 1019 nostrai

49 1062 124 1118 enim
147 1064 217 1120 haec
241 1065 363 1137 questio
392 1074 481 1139 atque
503 1064 718 1121 animadversio
743 1065 775 1122 in
803 1063 895 1120 civem
921 1071 1050 1121 nostrum
1073 1076 1125 1134 est,

50 1167 120 1239 quid
138 1180 247 1226 nostro
270 1180 321 1226 aut
341 1189 395 1228 sno
417 1169 519 1227 fecerit
542 1169 678 1237 arbitri03
699 1169 849 1226 vobiscum
872 1187 931 1226 una
954 1169 1125 1246 disceptatio

52 1281 103 1334 est.
125 1273 282 1332 licueritne
303 1294 357 1350 per
368 1263 550 1352 ioedusffieri.
592 1275 697 1348 Itaque
718 1274 855 1347 quoniam
877 1275 1001 1332 disoemi
1021 1273 1155 1352 placet8

54 1378 123 1451 quid
153 1381 278 1454 publico
310 1381 446 1448 consilio,
480 1377 550 1454 quid
580 1397 635 1435 sua
664 1388 768 1453 sponte
794 1379 985 1454 imperatores
1006 1380 1126 1452 faciant,

54 1485 137 1539 nobis
172 1486 325 1542 vobiscum
359 1482 454 1538 foedus
482 1495 526 1540 eat
553 1503 572 1540 a
602 1482 636 1544 (l.
666 1485 784 1542 Lutatio
812 1485 930 1541 consule
957 1485 1061 1555 ictum,
1095 1488 1125 1544 in
1181 1469 1186 1476 ”

55 1605 110 1659 quo
135 1607 229 1662 quum
264 1597 416 1645 caveretur
443 1565 645 1664 utrorumque·
663 1589 764 1656 sociis,
797 1589 867 1644 nihil
897 1590 933 1646 de
959 1590 1125 1664 Saguntinis
1148 1605 1150 1613 ’

58 1693 195 1764 (necdum
228 1693 304 1750 enim
328 1702 409 1750 erant
435 1694 507 1750 socii
527 1693 631 1764 vestri)
664 1701 780 1759 cautum
810 1705 863 1750 est.
910 1697 954 1753 At
985 1696 1060 1752 enim
1090 1693 1156 1752 eo9

57 1797 176 1868 ledere,
199 1800 365 1874 quodcum
388 1798 574 1855 Hasdrubale
596 1798 685 1853 ictum
707 1805 765 1866 est,
796 1798 950 1872 Saguntini
977 1800 1126 1875 excipiun-

59 1911 112 1962 tur.
163 1906 320 1962 Adversus
350 1904 427 1978 qnod
451 1921 506 1977 ego
538 1901 609 1958 nihil
642 1899 770 1959 dicturus
803 1923 877 1972 sum,
909 1905 965 1961 nisi
998 1905 1076 1978 quod
1109 1925 1127 1962 a
1201 1953 1205 1960 .

62 2009 143 2064 vobis
176 2007 273 2069 didici.
332 2009 396 2066 Vos
430 2010 522 2077 enim,
556 2007 635 2080 quod
665 2005 698 2065 Ο.
729 2007 865 2064 Lutatius
898 2009 999 2065 consul
1031 2009 1125 2084 primo
1142 2007 1177 2061 10

62 2113 211 2170 nobiscum
239 2112 335 2170 foedus
363 2113 428 2182 icit,
456 2113 525 2186 quia
548 2130 643 2185 neque
665 2112 838 2168 auctoritate
859 2121 974 2188 patrum
996 2132 1049 2170 nec
1070 2133 1125 2188 po·

64 2216 121 2288 puli
141 2219 222 2274 iussn
246 2219 335 2274 ictum
359 2225 430 2285 erat,
451 2217 580 2292 negastis
601 2235 655 2273 vos
677 2235 713 2274 eo
733 2217 840 2286 teneri;
868 2218 968 2292 itaque
990 2219 1069 2275 aliud
1089 2219 1125 2276 de

63 2319 172 2395 integro
193 2321 288 2380 foedus
310 2323 426 2396 publico
455 2322 575 2380 oonsilio
604 2323 691 2379 ictum
720 2330 773 2378 est.
821 2321 853 2380 Si
874 2341 928 2378 vos
949 2341 1008 2380 non
1029 2321 1173 2380 tenentll

66 2422 172 2483 foedera
192 2437 292 2484 vestra
312 2427 427 2484 nisiex
449 2427 622 2484 auctoritate
644 2435 695 2483 aut
712 2427 791 2482 iussu
806 2435 904 2484 vestro
926 2428 993 2498 iota,
1015 2447 1052 2486 ne
1072 2445 1126 2485 nos

68 2530 178 2601 quidem
204 2532 403 2590 Hasdrubalis
427 2531 538 2600 foedus,
567 2534 646 2606 quod
677 2530 762 2589 nobis
781 2530 880 2588 insciis
901 2532 966 2602 icit,
996 2533 1127 2607 obligare

69 2637 166 2706 potuit.
195 2637 324 2694 Proinde
339 2636 462 2695 omittite
476 2637 600 2712 Sagunti
615 2645 703 2711 atque
713 2636 817 2693 Hiberi
832 2636 1006 2694 mentionem
1021 2637 1127 2710 facere,
1143 2634 1178 2689 ¹2

70 2747 104 2807 et,
124 2743 201 2814 quod
223 2741 272 2799 diu
294 2743 420 2817 parturit
440 2742 554 2800 animus
569 2751 675 2810 vester,
697 2741 855 2816 aliquando
877 2741 1003 2817 pariat,“
1050 2744 1127 2800 Tum
1143 2740 1178 2795 13

72 2843 223 2917 Romarm,
248 2847 314 2903 sinu
341 2865 378 2904 ex
399 2857 470 2922 toga
490 2846 582 2914 facto,
606 2848 702 2915 „Hio“
728 2846 822 2920 inquit
846 2845 950 2914 „vobis
971 2847 1078 2904 bellum
1100 2857 1129 2904 et

72 2964 165 3018 pacem
186 2959 356 3026 portamus;
385 2961 480 3009 utrum
503 2951 614 3026 placet,
645 2949 777 3008 sumite.“
826 2951 887 3010 Sub
918 2952 994 3007 hauc
1025 2969 1128 3010 vocem

75 3051 146 3112 haud
167 3058 261 3114 minus
284 3056 439 3128 ferociter,
462 3035 555 3126 daret,
582 3066 678 3113 nuum
709 3057 811 3125 vellet,
838 3056 1044 3134 succlamatum
1073 3065 1127 3125 est;

63 3155 102 3212 'tl
123 3179 208 3234 quum
229 3164 255 3220 is
276 3163 391 3227 iterum,
413 3162 477 3239 sinu
500 3160 602 3231 effuso,
624 3161 731 3219 bellum
754 3161 824 3218 dare
846 3161 975 3230 dixisset,
998 3159 1129 3235 accipere
1145 3159 1179 3213 tt

75 3277 103 3318 ⁵0
128 3284 223 3324 omnes
244 3267 458 3343 responderunt
484 3275 528 3336 et,
558 3265 663 3340 quibus
691 3268 856 3340 acciperent
881 3265 999 3334 animis,
1026 3266 1128 3322 iisdem

77 3381 104 3422 fle
122 3381 259 3444 gesturos.
770 3448 775 3454 1
978 3430 981 3440 ,
1210 3427 1214 3434 ,

149 3478 219 3534 Haeo
252 3477 363 3533 directa
391 3476 574 3550 percontatio
606 3495 642 3533 ao
671 3476 850 3533 denuntiatio
877 3475 945 3533 belli
971 3474 1066 3547 magis
1092 3492 1130 3531 ex
1184 3463 1223 3532 lii

80 3573 205 3658 dignitate
226 3566 329 3655 populi
348 3581 476 3637 Romani
493 3549 563 3664 'vise
585 3591 629 3638 est
650 3599 738 3654 quam
760 3580 796 3636 do
817 3571 959 3636 foderum
980 3579 1043 3636 iure
1064 3597 1129 3635 ver·
1193 3633 1199 3642 ,

80 3675 117 3734 bis
147 3684 323 3759 disceptare,
362 3703 451 3758 quum
485 3661 583 3754 ante(
602 3694 664 3742 tum
697 3684 825 3740 maxime
859 3683 990 3764 Sagunto
1023 3683 1130 3740 excisa.

81 3782 145 3844 Nam
167 3789 192 3846 si
212 3788 368 3846 ve'rbornm
392 3790 610 3864 disceptationis
641 3807 689 3846 res
715 3798 804 3857 esset,
836 3789 906 3860 qnid
934 3785 1029 3843 foedus
1051 3783 1159 3843 Has-2

80 3887 196 3950 drubalis
217 3913 284 3950 cum
305 3893 415 3950 Lutatii
438 3855 537 3968 priori
558 3893 677 3961 foedere,
698 3893 777 3966 quod
799 3899 940 3950 mutatum
962 3898 1021 3957 est,
1051 3909 1130 3948 com·

83 3999 230 4064 parandum
251 4008 323 4072 erat,
345 4017 434 4072 quum
455 3998 485 4054 in
507 3998 618 4056 Lutatii
638 3995 747 4054 foedere
768 3997 874 4054 diserte
894 3995 1024 4052 additum
1046 3995 1160 4064 esset3
