2704 4552
274 249 276 254 ’
309 220 346 278 84
583 218 663 270 Liber
680 218 769 274 XXII.
807 220 857 283 (A.
870 235 896 269 u.
910 235 931 270 c.
945 218 1017 283 5³7.)

266 401 414 459 inmunem
444 419 542 472 suam,
572 402 598 459 si
626 402 751 460 dictator
771 403 802 460 in
835 402 1018 460 cunctatione
1047 421 1082 460 ac
1116 402 1245 477 segnitie
1271 401 1305 456 da:
1343 415 1344 430 ¹

237 511 331 566 brum
366 507 573 582 hominumque
608 507 715 565 iudicio
754 508 894 565 damnata
931 515 1085 582 perstaret.
1135 509 1247 581 Itaque
1278 525 1317 580 qa
1343 496 1344 538 ³

268 612 315 670 dis
336 611 461 686 primum
476 629 648 686 congressus
671 622 715 669 est
738 631 802 670 cum
826 611 861 684 Q.
878 611 982 683 Fabio,
1004 613 1195 669 statuendum
1343 622 1344 653 1

237 717 392 792 bprimum
415 716 456 773 ait
477 734 555 786 osse,
584 716 829 790 quemadmodum
857 716 979 791 imperio
1002 725 1117 791 aequato
1142 711 1276 773 utantur:
1307 744 1308 759 2
1343 739 1344 760 1

268 822 409 896 optimum
431 821 546 890 ducere,
569 829 620 877 aut
641 820 742 880 diebus
765 821 883 878 alternis
915 829 979 889 aut,
1001 821 1027 878 si
1049 821 1163 877 maiora
1185 819 1320 879 intervalb

268 926 425 1002 placerent,
446 924 561 1001 partitis
577 926 756 1000 temporibus
772 926 890 984 alterins
905 943 1050 982 summurn
1064 925 1110 982 ius
1124 925 1320 1002 imperiumque
1343 939 1344 972 t

239 1034 342 1103 lesse,
364 1042 396 1088 ut
410 1049 465 1106 par
485 1030 562 1086 hosti
583 1049 642 1086 nou
663 1030 757 1088 solum
780 1031 911 1100 consilio,
932 1031 984 1086 sed
1007 1030 1119 1088 viribus
1142 1031 1234 1088 etiam
1254 1015 1316 1098 esset,
1343 1057 1344 1060 ¹

238 1136 294 1194 ssi
317 1155 405 1210 quam
430 1133 612 1192 occasionem
633 1134 675 1191 rei
696 1135 829 1209 gerendae
850 1137 1009 1194 habuisset.
1063 1135 1099 1208 Q.
1124 1135 1223 1192 Fabio
1248 1131 1316 1190 haud-
1343 1180 1344 1186 ,

270 1259 417 1316 quaquam
440 1240 469 1296 id
487 1239 616 1315 placere:
639 1241 738 1297 omnia
758 1240 904 1298 fortunam
928 1260 992 1298 eam
1008 1241 1155 1310 habitura,
1177 1255 1315 1313 quamcuu·
1343 1261 1344 1293 1

271 1365 327 1422 que
362 1345 510 1402 temeritas
545 1344 663 1419 collegae
701 1344 867 1414 habuisset;
903 1344 958 1401 sibi
991 1344 1238 1401 communicatum
1270 1359 1315 1399 cun
1343 1367 1344 1398 t

240 1450 329 1519 9illo,
352 1468 410 1506 nou
434 1449 601 1524 ademptum
623 1450 774 1524 imperium
799 1467 877 1519 esse;
898 1450 998 1523 itaque
1019 1467 1051 1505 se
1072 1467 1224 1522 nunquam
1239 1446 1314 1504 volen-
1343 1471 1344 1526 3

270 1564 329 1612 tem
350 1563 449 1629 parte,
478 1570 537 1626 qua
558 1563 670 1628 posset,
692 1572 788 1610 rerum
812 1554 932 1612 consilio
954 1555 1149 1629 gerendarum
1179 1569 1314 1616 cessurum,

270 1678 324 1716 nec
345 1677 376 1716 se
397 1668 531 1733 tempora
552 1666 603 1714 aut
623 1657 685 1714 dies
706 1657 820 1733 imperii
834 1677 898 1715 cum
921 1677 965 1727 eo,
988 1659 1146 1716 exercitum
1170 1659 1314 1722 divisurum
1343 1685 1344 1718 q

225 1787 228 1794 ⁴
273 1765 390 1839 suisque
408 1762 544 1833 consiliis,
567 1763 706 1837 quoniam
728 1763 826 1820 omnia
849 1783 908 1821 non
928 1764 1036 1836 liceret,
1060 1783 1125 1838 quae
1145 1772 1255 1838 posset,
1273 1779 1313 1816 ser·
1343 1791 1344 1821 a

223 1876 258 1930 10
271 1878 418 1928 saturum.
465 1869 513 1925 Ita
534 1869 667 1940 obtinuit,
689 1876 721 1924 ut
735 1868 875 1942 legiones,
896 1871 970 1928 sicut
984 1870 1151 1927 consulibus
1167 1888 1231 1927 mos
1252 1874 1313 1930 esset,
1343 1896 1344 1928 ³

270 1974 346 2032 inter
375 1992 406 2031 se
436 1973 605 2030 dividerent.
660 1972 763 2030 Prima
792 1985 821 2030 et
850 1986 955 2050 quarta
976 1975 1121 2044 Minucio,
1153 1973 1276 2030 secunda
1295 1975 1314 2023 tl

224 2085 254 2139 ll
272 2080 359 2136 tertia
379 2079 475 2137 Fabio
498 2086 664 2138 evenerunt.
706 2079 781 2135 Item
804 2080 915 2154 equites
937 2079 1002 2156 pari
1024 2097 1146 2136 numero
1169 2078 1312 2147 sociumque
1343 2107 1344 2138 t

271 2192 301 2240 et
322 2183 420 2240 Latini
440 2184 564 2240 nominis
588 2183 698 2242 auxilia
719 2183 887 2242 diviserunt.
927 2183 1038 2242 Castris
1061 2201 1179 2258 quoque
1201 2200 1232 2240 se
1248 2196 1312 2254 sept·
1343 2213 1344 2244 3

271 2288 331 2346 rari
357 2287 495 2362 magister
517 2289 644 2362 equitum
666 2288 768 2346 voluit.

176 2390 223 2457 28
355 2393 474 2467 Duplex
494 2394 562 2450 inde
583 2393 743 2450 Hannibali
772 2392 911 2468 gaudium
939 2392 1010 2462 init3
1036 2410 1131 2467 neque
1160 2394 1236 2451 enim
1257 2389 1312 2464 quic·
1343 2421 1344 2451 t

272 2517 359 2573 quam
382 2517 497 2568 eorum,
530 2517 595 2572 qum
624 2499 702 2573 apud
731 2501 829 2556 hostes
861 2507 1030 2574 agerentur,
1064 2517 1130 2555 eum
1159 2497 1273 2556 fallebat
1295 2499 1312 2546 el
1343 2521 1344 2554 3

240 2602 400 2678 2perfugis
421 2603 513 2660 multa
533 2603 727 2661 indicantibus
754 2612 782 2660 et
803 2623 856 2678 per
879 2623 947 2662 suos
975 2605 1193 2681 explorantem:
1219 2621 1279 2660 nam
1294 2605 1311 2650 el
1343 2587 1344 2655 t

269 2709 392 2766 liberam
422 2707 544 2766 Minucii
573 2709 765 2766 temeritatem
794 2727 826 2765 se
858 2727 911 2766 suo
947 2711 1034 2768 modo
1076 2718 1270 2786 captaturum,
1294 2714 1311 2758 et

240 2815 407 2877 3sollertiae
437 2814 525 2871 Fabii
558 2813 708 2871 dimidium
738 2812 843 2870 virium
877 2814 1044 2874 decessisse.
1098 2815 1241 2872 Tumulus
1270 2817 1311 2867 erat

271 2922 346 2978 inter
369 2929 466 2978 castra
486 2918 607 2976 Minucii
628 2927 657 2975 et
678 2919 846 2989 Poenorum,
869 2937 955 2993 quem
978 2921 1028 2993 qui
1050 2929 1235 2995 occupasset,
1255 2912 1311 2975 baud

240 3027 358 3087 tdubie
388 3023 561 3096 iniquiorem
591 3031 654 3080 erat
683 3022 760 3079 hosti
787 3022 882 3080 locum
913 3022 1053 3083 factiuns.
1097 3026 1174 3083 Eum
1196 3031 1309 3083 nontam

270 3149 375 3206 capere
398 3130 460 3186 sine
482 3127 639 3184 certamine
663 3127 782 3185 volebat
802 3128 967 3198 Hannibal,
995 3147 1165 3204 quanquam
1186 3133 1216 3188 id
1239 3143 1310 3204 opera

270 3236 393 3312 pretium
416 3243 492 3303 erat,
524 3250 612 3305 quam
640 3250 757 3291 causam
788 3235 953 3290 certaminis
982 3253 1048 3292 cum
1076 3235 1221 3307 Minucio,
1246 3249 1309 3308 quen

239 3326 475 3418 bprocursurum
499 3337 536 3393 ad
558 3338 754 3395 obsistendum
778 3339 849 3394 satis
871 3338 996 3408 sciebat,
1026 3343 1207 3402 contrahere.
1249 3342 1309 3411 Ager

246 3477 249 3484 ·
271 3446 364 3504 omnis
386 3442 497 3500 medius
518 3450 581 3498 erat
601 3442 697 3530 prima
718 3442 814 3516 specie
835 3442 943 3500 inutilis
965 3445 1143 3516 insidiatori,
1162 3447 1243 3521 quia
1268 3457 1307 3498 nou

271 3550 357 3608 modo
380 3549 512 3606 silvestre
541 3549 706 3623 quicquam,
735 3547 786 3604 sed
819 3565 855 3604 ne
884 3550 1021 3625 vepribus
1052 3551 1169 3624 quidem
1198 3550 1306 3608 vestitum

238 3657 413 3726 dhabebat,
446 3673 479 3712 re
502 3656 567 3731 ipsa
594 3664 680 3712 natus
708 3654 838 3728 tegendis
859 3654 987 3724 insidiis,
1018 3673 1053 3711 eo
1082 3656 1176 3730 magis
1205 3650 1306 3730 quadiu

269 3763 347 3819 nuda
368 3761 445 3818 valle
475 3761 556 3818 nulla
584 3759 650 3818 tulis
682 3757 763 3816 fraus
792 3759 886 3816 timeri
907 3769 1036 3834 poterat3
1064 3768 1093 3816 et
1127 3770 1210 3818 erant
1228 3760 1254 3816 iu
1272 3773 1305 3812 au·

268 3867 407 3925 fractibus
423 3884 503 3923 cavas
524 3883 620 3939 rupes,
642 3873 674 3922 ut
697 3866 828 3939 quaedam
852 3883 951 3922 earum
974 3865 1100 3922 ducenos
1116 3875 1241 3922 armatos
1258 3875 1305 3937 pot·

237 3973 332 4028 lsent
358 3987 470 4043 capere.
514 3971 550 4026 ln
571 3972 624 4027 hus
645 3969 788 4037 latebras,
814 3979 886 4043 quot
908 3987 1052 4043 quemque
1080 3971 1177 4028 locum
1201 3980 1261 4045 apte
1277 3966 1305 4020 it·
1342 3942 1343 4009 l
