2704 4552
319 247 356 302 64
590 243 669 293 Liber
686 242 776 296 XXII.
812 243 860 306 (A.
874 257 898 291 n.
914 257 936 296 c.
950 242 1024 304 bul.)

276 429 474 486 Romanorum
510 427 540 485 iu
572 427 635 486 ucis
667 445 755 498 cusum
793 427 893 484 decem
926 424 1017 482 millie
1048 442 1154 500 sparse
1184 424 1262 502 fug·
1292 443 1350 500 pu,

247 536 389 591 3emnem
419 533 567 591 Etruriam
590 533 711 590 diversis
733 531 882 590 itineribus
904 533 1004 590 urben
1026 530 1149 606 petiere;
1171 531 1235 590 due
1287 533 1317 546 ''

276 637 425 712 quingenti
454 638 579 697 bostium
608 639 638 695 in
662 638 740 707 scie,
761 636 845 694 multi
869 645 971 712 pestes
994 633 1158 712 [utrinque]
1182 655 1224 694 ex
1245 637 1350 700 vulne,

273 741 353 800 ribus
368 742 488 817 periere.
535 744 689 820 Multiplex
704 743 796 800 coedes
812 743 946 818 utrinque
967 741 1047 800 fucta
1067 739 1195 798 truditur
1209 742 1251 798 eb
1267 741 1330 810 eliiu
1349 773 1350 808 1

242 853 261 928 Ι4
275 865 330 922 ego
348 857 542 923 praeterquam
566 850 644 925 quod
666 849 737 906 nihil
758 857 875 906 auctum
899 866 936 904 ex
950 866 1028 905 veno
1051 846 1149 915 velim,
1173 863 1235 920 quo
1259 847 1327 903 nimis

274 952 413 1010 inclinant
434 951 525 1010 ferme
548 952 734 1010 scribentium
758 953 856 1020 animi,
878 953 1014 1022 Fabium,
1036 951 1178 1025 sequulem
1201 951 1328 1026 tempori·

243 1058 326 1114 bbus
340 1057 462 1115 huiusce
477 1059 555 1129 belli,
576 1058 759 1135 potissimum
776 1067 924 1116 auctorem
939 1057 1039 1116 hebui.
1084 1056 1247 1127 Hannibal,
1271 1075 1326 1130 cup·
1349 1093 1350 1102 κ

272 1163 396 1221 tivcrum
423 1163 472 1237 qui
489 1164 585 1222 Latini
607 1163 731 1220 nominis
747 1172 851 1234 essent,
873 1165 935 1221 sine
956 1163 1049 1238 pretio
1070 1161 1208 1232 dimissis,
1232 1164 1326 1220 Mne
1349 1199 1350 1229 ,

271 1268 315 1323 nis
330 1267 359 1324 in
374 1267 491 1326 vincula
505 1268 589 1338 datis,
605 1279 760 1344 segregate
775 1287 812 1326 ex
823 1270 950 1326 hostium
963 1275 1204 1326 coacervatorum
1220 1265 1325 1324 cumulis

270 1389 395 1447 corpore
414 1391 535 1432 suorum
552 1393 640 1449 quum
655 1374 771 1450 sepeliri
791 1375 931 1443 iussisset,
948 1372 1086 1432 Flaminii
1101 1390 1222 1448 queque
1236 1389 1325 1446 cerpus
1349 1413 1350 1416 η

271 1475 380 1534 funeris
412 1495 503 1535 causa
531 1497 639 1554 magne
670 1497 735 1535 cum
758 1497 828 1537 cura
848 1479 1016 1554 inquisitum
1041 1497 1099 1535 uon
1121 1476 1249 1540 invenit„
1349 1511 1350 1544 2

240 1585 256 1638 6
358 1582 461 1639 Romae
483 1584 519 1640 sd
542 1584 666 1658 primum
689 1584 820 1641 nuntium
847 1584 938 1642 cludis
966 1584 1026 1642 eius
1049 1602 1114 1641 cum
1142 1583 1254 1657 ingenti
1284 1591 1325 1637 ter·

240 1690 255 1742 7
277 1703 344 1742 rore
366 1703 400 1742 ec
422 1688 545 1745 tumultu
572 1707 727 1748 coneursus
753 1689 782 1746 in
809 1688 905 1747 forum
935 1687 1035 1764 pupuli
1062 1696 1107 1744 est
1126 1687 1234 1744 lactus.
1275 1687 1324 1742 blu-

280 1800 370 1866 tronm
392 1810 474 1867 vugae
495 1813 548 1868 per
568 1793 643 1865 vius,
664 1813 728 1869 quae
745 1813 849 1870 repens
870 1794 967 1852 eludes
990 1792 1078 1850 silete
1101 1811 1205 1866 quaeve
1225 1791 1325 1850 fertum

269 1897 414 1954 exereitus
436 1909 530 1971 esset,
553 1901 656 1958 obvios
677 1909 900 1976 percontantur-3
932 1912 960 1957 et
983 1917 1071 1974 quum
1093 1897 1254 1972 frequentis
1272 1915 1324 1952 ecu-

270 2001 355 2059 tionis
388 2004 475 2060 modo
508 2007 594 2062 turba
622 2005 652 2061 in
678 2005 825 2063 comitium
857 2018 885 2063 et
913 2005 1021 2064 curiam
1044 2021 1131 2062 verse
1153 2003 1324 2078 magistratus

237 2110 403 2179 8vocaret,
434 2110 550 2167 tandem
572 2111 652 2172 haud
667 2110 766 2167 multo
793 2117 860 2166 unte
882 2109 951 2166 solis
982 2126 1119 2167 oceasum
1147 2109 1188 2164 M.
1213 2109 1323 2179 Pompu-

269 2212 331 2269 nius
353 2224 461 2288 praetor
484 2217 626 2288 „Pugna“
650 2214 744 2288 inquit
767 2233 893 2290 ,magus
913 2215 983 2273 vieti
1003 2217 1131 2273 sumus.“
1153 2271 1161 2288 ,
1180 2213 1223 2270 Et
1244 2229 1319 2286 qusu-

268 2336 355 2391 quem
384 2319 456 2375 nihil
482 2320 587 2377 certius
617 2337 654 2376 ex
676 2337 711 2377 eo
741 2320 871 2376 anditum
899 2329 957 2390 est,
989 2329 1086 2376 tumen
1115 2317 1190 2374 alins
1219 2318 1256 2374 ub
1276 2315 1319 2371 atio

175 2431 217 2466 s
236 2421 377 2498 tlimpleti
399 2425 565 2480 rumoribus
587 2425 690 2481 domos
711 2423 848 2495 referunt,
871 2424 1018 2483 consulem
1039 2441 1103 2480 cum
1120 2439 1230 2496 magne
1250 2432 1318 2497 perte

267 2528 416 2603 copiarum
453 2547 572 2599 esesum;
610 2548 761 2604 superesse
796 2549 906 2605 paucos
942 2538 994 2587 eut
1027 2527 1100 2603 fuge
1137 2528 1247 2601 passim
1280 2543 1319 2600 per

219 2633 414 2691 temerariam
436 2651 555 2709 sparsos
578 2643 629 2691 aut
650 2645 750 2711 captos
773 2637 811 2693 ub
838 2637 930 2694 hoste.
975 2634 1055 2707 Quot
1083 2649 1168 2690 casus
1192 2631 1318 2688 exercitus

267 2737 337 2794 victi
356 2736 487 2811 fuerunt,
509 2739 604 2796 tutin
626 2757 711 2796 curus
732 2740 874 2816 dispertiti
896 2739 985 2796 enimi
1007 2755 1107 2796 eorum
1130 2745 1227 2804 erunt,
1259 2753 1318 2809 qne·

266 2863 331 2900 rum
358 2844 514 2920 propinqui
540 2825 595 2902 sub
627 2843 661 2902 C.
683 2845 829 2902 Flaminio
857 2845 974 2904 consule
999 2851 1175 2912 meruerunt,
1196 2842 1317 2916 ignorun-

236 3011 238 3015 ,
267 2951 348 3021 tium,
371 2969 435 3025 quse
459 2951 598 3025 cuiusque
619 2967 737 3008 suorum
760 2950 878 3009 fortuna
900 2959 1064 3020 esset3'nee
1086 2945 1242 3022 quisquam
1262 2944 1318 3001 setis

218 3051 250 3106 ll
267 3065 375 3113 certum
397 3057 495 3126 habet,
519 3055 588 3129 quid
610 3063 661 3111 eut
674 3065 772 3130 speret
786 3066 837 3115 eut
851 3056 960 3116 timeat.
1006 3055 1132 3111 Postero
1148 3070 1183 3108 sc
1199 3051 1317 3122 deinceps

267 3161 378 3236 aliquot
400 3161 501 3218 diebus
524 3161 561 3217 ad
583 3169 683 3234 portus
696 3161 790 3219 maior
804 3180 896 3237 prope
918 3160 1069 3218 mulierum
1093 3175 1182 3233 quum
1206 3157 1317 3214 virorum

267 3266 420 3323 multitude
443 3267 536 3334 stetit,
559 3275 610 3323 eut
630 3285 749 3324 sucrum
772 3267 897 3340 aliquem
928 3277 979 3324 aut
1006 3265 1122 3322 nuntios
1151 3263 1190 3320 de
1216 3261 1252 3318 iis
1277 3279 1316 3332 up

266 3373 397 3447 periens3
421 3371 783 3447 circumfundebanturque
801 3371 895 3428 obviis
917 3369 1105 3438 sciscitantes,
1127 3386 1223 3442 neque
1237 3363 1316 3430 avelli,

268 3477 368 3550 utique
382 3478 420 3534 ab
443 3478 528 3549 notis,
550 3479 720 3554 priusquam
735 3477 836 3534 ordine
857 3476 956 3532 omniu
969 3474 1166 3549 inquisissent,
1186 3477 1315 3548 poterent.

220 3576 254 3632 12
267 3581 339 3638 Inde
360 3583 460 3641 varios
475 3584 572 3640 vultus
594 3581 814 3658 digredientium
834 3582 872 3637 ub
892 3579 999 3636 nuntiis
1013 3595 1155 3648 cernercs,
1176 3587 1209 3634 ut
1229 3575 1316 3648 cuique

265 3684 334 3742 laete
372 3697 422 3744 eut
457 3688 555 3745 tristia
594 3687 816 3756 nuntiabantur,
858 3686 1096 3761 gratulantesque
1136 3693 1189 3740 eut
1229 3696 1315 3739 cunse-

267 3792 360 3850 lentes
381 3793 569 3850 redeuntibus
590 3794 693 3850 dumos
725 3790 922 3850 circumfusum
971 3788 1158 3848 Feminarum
1188 3786 1315 3864 precipue

218 3898 427 3973 teotgaudus
447 3898 573 3973 insignia
593 3907 676 3956 erant
704 3904 731 3956 et
751 3896 857 3957 luctus.
904 3896 1002 3955 Unum
1034 3895 1063 3952 in
1085 3895 1151 3967 ipse
1177 3903 1261 3970 perta
1279 3905 1316 3944 su·

267 4001 335 4075 spiti
357 4001 416 4058 filio
439 4011 557 4076 repente
579 4000 708 4058 oblatum
729 4001 759 4056 in
781 3999 934 4074 complexu
956 4000 1017 4058 eius
1036 3999 1202 4074 exspirasse
1222 3995 1316 4057 foranu
