2812 4556
331 263 369 320 34
609 261 687 310 Lrbsr
705 259 779 308 XXI.
816 260 863 323 (Δ.
877 273 903 309 u.
918 275 941 310 e.
955 259 1029 322 aad.)

289 443 441 520 exegistis,
462 461 480 501 e
501 443 606 519 quibus
629 453 716 518 cepta
738 443 806 501 belli
826 444 948 518 praemia
969 444 1098 503 Siciliam
1130 462 1166 501 ee
1188 442 1383 504 Sardiniam

259 550 411 608 bhebetis.
458 549 524 607 Erit
551 551 640 626 igitur
664 549 695 606 in
722 550 779 608 boc
809 549 966 607 certamine
994 549 1020 607 is
1045 549 1131 608 vobis
1154 549 1282 625 illisque
1311 549 1383 606 ani·

290 642 616 730 mus,qui'victoribus
640 655 773 712 strictis
797 655 964 712 essesolet.
1013 655 1078 713 Nec
1099 673 1176 713 nnnc
1196 643 1257 726 illi,
1299 655 1380 729 quia

260 761 411 829 iaudent,
444 760 496 816 sed
523 759 593 835 quia
614 779 732 818 necesse
761 768 819 829 est,
851 761 1007 835 pugnaturi
1028 769 1109 832 sunt3
1141 760 1197 818 nisi
1231 757 1380 821 creditis

290 864 339 940 qui
355 865 482 923 exercitu
503 865 640 923 incolumi
661 870 790 940 pugnam
813 865 1021 935 detrectavere,
1046 861 1105 936 ebs,
1129 865 1246 922 duabus
1269 865 1378 940 parti·

289 973 343 1028 bns
370 971 499 1046 peditum
528 972 715 1046 equitumque
743 970 917 1060 intransitu
947 969 1221 1046 Alpium,amissis,
1252 967 1376 1047 [quum

289 1078 387 1153 plures
408 1093 490 1152 prens
510 1077 649 1152 perierint
674 1093 762 1150 quam
784 1073 953 1152 supersint]
975 1077 1040 1153 plus
1067 1077 1130 1152 spei
1152 1085 1258 1134 nactos
1287 1095 1374 1135 osse.

259 1187 276 1243 8
290 1185 333 1241 At
353 1183 429 1240 euim
450 1182 537 1257 pauci
553 1181 669 1256 quidem
684 1191 760 1252 sunt,
781 1182 833 1238 sed
848 1181 978 1256 vigentes
996 1182 1099 1240 animis
1114 1159 1374 1257 corporibusque,

259 1289 413 1384 liquorpm
434 1288 544 1345 robore
572 1305 608 1344 ac
629 1288 705 1344 vires
734 1287 785 1343 vix
811 1289 952 1344 sustinere
982 1287 1027 1344 vis
1056 1287 1116 1344 nlla
1142 1283 1246 1363 possit.
1312 1286 1373 1344 Ei·

288 1395 371 1472 figies
392 1395 491 1463 immo,
514 1393 625 1450 umbras
645 1391 804 1461 bominum,
825 1389 912 1460 fame,
934 1390 1059 1468 frigore,
1074 1392 1195 1463 illuvie,
1216 1393 1373 1468 squalore

290 1499 392 1568 enecti,
416 1497 529 1554 contusi
551 1515 586 1553 sc
605 1495 746 1554 debilitati
767 1497 842 1553 inter
864 1515 939 1553 saxa
956 1515 1119 1573 rupesque;
1141 1499 1259 1556 adhoc
1281 1517 1391 1574 prse-

290 1605 347 1662 usti
368 1613 458 1674 artus,
479 1602 547 1659 nive
567 1602 693 1677 rigentes
715 1603 805 1672 nervi,
829 1604 959 1660 membra
980 1603 1091 1659 torrida
1112 1603 1189 1682 gelu,
1214 1613 1369 1677 quassata
1390 1611 1391 1628 ¹

241 1710 442 1784 lobactaque
473 1727 570 1777 arma,
599 1707 695 1765 claudi
730 1727 765 1766 sc
790 1709 899 1767 debiles
926 1704 1002 1782 oqui.
1059 1707 1133 1766 Cum
1163 1711 1220 1766 boc
1250 1709 1368 1782 equite,

290 1835 354 1874 cum
376 1816 433 1872 boc
454 1815 551 1890 pedite
578 1815 736 1890 pugnaturi
766 1816 850 1884 estis,
877 1813 1015 1887 reliquias
1043 1823 1190 1871 extremas
1218 1814 1365 1899 hostium.

290 1941 348 1978 non
369 1923 482 1978 bostem
503 1918 661 1988 habebitis3
687 1938 722 1976 ac
742 1920 812 1976 nibil
834 1921 927 1995 magis
952 1937 1055 1976 vereor
1076 1937 1164 1993 quem
1189 1938 1241 1988 ne,
1266 1937 1364 1994 quum

240 2032 275 2086 11
290 2045 344 2086 vos
364 2024 577 2102 pugnaveritis,
606 2025 699 2099 Alpes
726 2025 831 2082 vicisse
858 2023 1053 2083 Hannibalem
1082 2025 1244 2082 videantur.
1297 2025 1362 2084 Sed

289 2135 331 2192 ita
352 2132 475 2189 forsitan
497 2129 601 2200 decuit,
624 2110 844 2187 cum‘fcederum
866 2138 985 2204 ruptore
1006 2130 1079 2187 duce
1101 2147 1137 2186 sc
1150 2129 1262 2205 populo
1287 2131 1361 2202 deos

289 2240 369 2314 ip'sos
391 2237 452 2294 sine
473 2234 533 2291 ulle
554 2235 683 2291 bumana
713 2241 770 2310 op'e
800 2236 979 2294 committere
1001 2253 1035 2293 ec
1055 2217 1213 2310 profligare
1234 2235 1357 2304 bellum,

289 2361 361 2411 nos,
392 2341 441 2416 qui
469 2340 627 2398 secuudum
650 2340 720 2396 deos
742 2337 843 2396 violati
864 2357 976 2411 sumus,
1010 2341 1196 2397 commissum
1221 2357 1256 2396 ac
1288 2359 1358 2416 prc-

196 2444 236 2512 41
289 2447 419 2522 fligatum
444 2447 594 2505 conficere.
641 2444 711 2502 Non
731 2462 849 2514 vereor,
882 2445 1004 2519 nequis
1026 2463 1072 2502 me
1098 2446 1160 2502 haec
1182 2445 1273 2502 vestri
1306 2445 1357 2501 ud-

289 2552 425 2610 hortandi
447 2568 537 2608 causa
559 2551 710 2625 magnifice
729 2550 809 2624 loqui
832 2551 990 2622 existimet,
1018 2551 1114 2626 ipsum
1142 2551 1226 2608 aliter
1253 2550 1354 2606 animo

261 2656 427 2716 2effeotum
450 2673 522 2714 esse.
572 2655 668 2713 Licuit
690 2655 720 2712 in
741 2654 926 2730 Hispaniam,
954 2657 1134 2732 provinciam
1157 2675 1263 2726 rusam,
1295 2672 1352 2729 quo

289 2763 348 2822 iem
370 2761 518 2839 profectus
540 2779 636 2832 eram,
666 2778 731 2818 cum
762 2761 889 2818 exercitu
911 2762 954 2818 ire
976 2781 1057 2831 meu,
1090 2761 1140 2818 ubi
1158 2770 1199 2817 -st
1231 2759 1355 2817 barrem
1389 2833 1390 2844 ἵ

290 2867 403 2925 consilii
424 2868 595 2944 participem
626 2886 660 2925 ae
681 2865 802 2942 periculi
823 2866 933 2924 socium
962 2868 1099 2926 haberem
1130 2877 1160 2924 et
1179 2866 1355 2923 Hasdrube·

206 3041 209 3046 ¹
289 2974 346 3032 lem
367 2974 465 3050 potius
487 2993 576 3050 quam
599 2971 795 3030 Hannibalem
815 2973 929 3030 hostem
951 2979 980 3028 et
1000 2971 1141 3029 minorem
1164 2971 1245 3028 haud
1267 2970 1354 3028 dubie
1389 2977 1390 2982 ’

259 3079 492 3150 smolembell13
514 3090 620 3151 tamen,
643 3097 731 3154 quum
747 3079 973 3153 praeterveherer
993 3077 1116 3134 navibus
1133 3076 1240 3136 Gallia
1263 3095 1354 3144 oram,

290 3185 328 3241 ed
350 3183 459 3241 famem
482 3186 567 3243 buius
588 3186 680 3242 bostis
702 3183 732 3239 in
755 3192 861 3242 terrem
878 3200 1020 3258 egressus,
1042 3182 1192 3258 praemisso
1215 3184 1353 3257 equitatu,

260 3288 328 3346 sad
349 3290 525 3348 Rhodanum
547 3290 626 3348 movi
648 3298 755 3348 cestre.
805 3288 942 3362 Equestri
956 3288 1067 3365 proelio,
1091 3307 1149 3363 qus
1170 3298 1256 3364 parte
1276 3289 1351 3364 eopi-

291 3413 373 3452 arum
397 3397 566 3455 conserendi
589 3416 707 3455 manum
729 3393 847 3452 fortuna
870 3394 941 3452 deta
965 3403 1017 3465 est,
1038 3395 1152 3452 bostem
1172 3392 1249 3463 fuce
1272 3393 1347 3469 pedi·

291 3510 351 3558 tum
374 3519 488 3576 agmen,
512 3504 590 3577 quod
612 3504 642 3560 in
657 3503 774 3560 modum
797 3499 967 3574 fugientium
983 3500 1089 3575 raptim
1112 3500 1264 3573 agebatur,
1287 3499 1350 3574 quis

292 3606 408 3681 assequi
421 3615 500 3665 terra
514 3626 573 3665 nou
587 3616 730 3684 poteram,
749 3623 898 3682 regressus
921 3606 959 3662 ad
972 3623 1071 3676 naves,
1095 3612 1206 3679 quante
1227 3605 1350 3662 maxime

291 3711 373 3786 potui
394 3713 550 3785 celeritate,
573 3722 655 3771 teuto
678 3713 767 3770 meris
788 3721 988 3787 terrarumque
1003 3712 1133 3782 circuitu,
1155 3711 1185 3767 iu
1206 3709 1350 3767 radicibus

261 3817 382 3893 bprope
404 3819 524 3896 Alpium
546 3819 614 3878 huic
642 3817 770 3876 timendo
792 3817 869 3876 hosti
893 3818 996 3875 obvius
1016 3818 1067 3878 fui.
1114 3817 1236 3886 Utrum,
1267 3834 1351 3890 quum

291 3923 465 3984 declinarem
481 3936 636 3997 certamen,
653 3922 828 3998 improvisus
843 3922 977 3980 incidisse
992 3922 1094 3981 videor
1109 3939 1146 3980 an
1160 3938 1313 3980 occurrere
1326 3923 1352 3978 iu

261 4029 420 4104 6vestigiis
442 4031 518 4100 eius,
540 4031 683 4088 lacessere
707 4047 741 4087 ac
762 4030 877 4086 trahere
901 4027 939 4084 ed
960 4025 1194 4086 decernendum?
1222 4027 1353 4102 Experiri
