2700 4426
422 217 500 268 biber
517 216 618 266 xxlv.
654 216 702 280 (a.
718 216 765 270 (th.
779 218 853 281 ara.)
1043 259 1047 264 -
1071 222 1127 281 187

105 401 186 475 quod
213 400 252 456 ad
280 401 400 458 volones
428 401 578 469 attineret,
607 419 707 457 omnes
734 401 775 457 ait
807 401 892 458 malle
919 401 1054 459 laudatos
1084 422 1102 460 a
1130 421 1172 474 se,
1228 418 1230 422 ’

107 506 212 581 dignos
237 505 438 579 indiguosque,
462 523 549 579 quam
575 523 749 578 quemquam
772 524 806 561 eo
829 506 875 562 die
897 506 1070 580 castigatum
1094 526 1171 577 esse3

108 612 187 686 quod
208 613 326 679 bonum,
348 609 476 666 faustum
498 609 627 683 felixque
650 611 691 667 rei
713 611 835 685 publicae
856 611 984 685 ipsisque
1003 621 1087 680 esset,
1110 631 1171 669 om·

105 735 159 774 nes
184 734 234 773 eos
256 716 363 772 liberos
386 733 449 772 esse
470 716 578 775 iubere.
626 717 677 772 Ad
707 735 794 789 quam
817 733 918 771 vocem
952 732 1039 788 quum
1062 717 1173 774 clamor
1189 720 1222 772 10

105 823 217 898 ingenti
250 821 401 878 alacritate
429 821 559 878 sublatus
592 831 668 876 esset
700 838 735 876 ao
761 839 837 876 nunc
866 797 1010 894 complexi
1039 821 1113 876 inter
1140 840 1172 878 se

106 927 362 1007 gratulantesque,
391 945 467 985 nuuc
496 944 598 982 manus
630 925 667 980 ad
690 923 789 980 caelum
819 924 952 981 tollentes
975 927 1052 981 boua
1074 927 1172 982 omnia
1251 999 1253 1004 1

107 1030 217 1106 populo
248 1031 382 1087 Romano
405 1030 600 1104 Gracchoque
630 1031 685 1104 ipsi
712 1040 913 1103 precarentur,
936 1040 996 1086 tum
1019 1029 1171 1088 Gracchus
1200 1058 1207 1067 x

109 1136 305 1208 „Priusquam
328 1154 428 1193 omnes
451 1136 512 1191 iure
534 1136 653 1192 libertas
680 1140 842 1208 aequasset“
868 1135 975 1208 inquit,
1009 1136 1170 1204 „nemiuem
1189 1141 1220 1194 11

106 1251 179 1297 nota
204 1241 313 1297 streuui
333 1250 384 1297 aut
404 1240 504 1315 ignavi
529 1241 627 1296 militis
653 1251 770 1296 notasse
793 1239 880 1295 volui.
930 1240 1017 1295 Nunc
1039 1241 1172 1298 exsoluta
1190 1245 1223 1300 12

106 1346 168 1402 iam
189 1346 246 1402 fide
268 1345 399 1418 publica,
429 1363 465 1401 ne
487 1345 640 1400 discrimen
662 1363 747 1401 omne
768 1345 881 1401 virtutis
903 1345 1085 1419 ignaviaeque
1106 1365 1172 1420 per·
1270 1360 1274 1368 ’

107 1460 172 1519 eat,
200 1450 319 1506 nomina
341 1469 457 1519 eorum,
479 1450 528 1523 qui
551 1450 715 1507 detractatae
737 1469 841 1524 pugnae
864 1467 1007 1506 memores
1034 1451 1171 1507 secessio·

108 1575 175 1612 nem
208 1554 297 1629 paulo
329 1563 395 1610 ante
422 1553 565 1624 fecerunt,
596 1554 698 1611 referri
725 1556 763 1612 ad
787 1573 833 1610 me
862 1555 983 1624 iubebo,
1012 1555 1172 1628 citatosque
1190 1559 1223 1613 13

108 1661 240 1735 singulos
261 1661 324 1716 iure
344 1661 467 1716 iurando
489 1660 614 1733 adigam,
636 1659 691 1715 uisi
713 1661 757 1715 cui
780 1663 899 1743 morbus
921 1680 1010 1719 causa
1032 1662 1094 1731 erit,
1115 1681 1173 1718 non

109 1765 194 1822 aliter
216 1784 302 1838 quam
326 1773 436 1820 stantes
464 1765 557 1821 cibum
586 1764 806 1840 potionemque,
836 1766 933 1839 quoad
956 1767 1100 1840 stipendia
1127 1766 1171 1823 fa·

107 1873 194 1939 cient,
216 1880 353 1945 capturos
368 1887 439 1925 esse.
486 1870 572 1925 Hanc
593 1868 714 1924 multam
737 1870 779 1925 ita
800 1888 884 1944 aequo
899 1871 996 1926 animo
1018 1871 1125 1940 feretis,
1148 1873 1172 1928 si
1191 1936 1194 1943 ,

108 1976 290 2051 reputabitis,
312 1975 392 2031 nulla
412 1975 536 2049 ignaviae
550 1983 618 2029 nota
641 1974 749 2030 leviore
772 1992 825 2030 vos
847 1974 992 2048 designari
1013 1976 1170 2049 potuisse.“

108 2082 231 2156 Signum
255 2081 357 2137 deiude
380 2080 533 2153 colligendi
554 2097 627 2134 vasa
648 2078 739 2146 dedit;
771 2078 932 2152 militesque
954 2080 1081 2153 praedam
1104 2101 1172 2155 por·
1190 2084 1224 2136 14

107 2198 203 2244 tantas
226 2196 402 2261 agentesque
425 2203 476 2259 per
497 2183 646 2240 lasciviam
670 2201 704 2240 ac
725 2184 820 2240 iocum
842 2185 884 2240 ita
905 2185 1055 2241 ludibundi
1078 2186 1171 2242 Beue-

107 2303 227 2352 ventum
260 2291 388 2358 rediere,
421 2298 453 2344 ut
482 2290 520 2345 ab
547 2289 637 2362 epulis
664 2307 718 2362 per
748 2289 888 2346 celebrem
910 2289 1074 2362 ¹festumque
1096 2291 1170 2346 diem
1188 2295 1223 2348 15

108 2397 196 2466 actis,
229 2415 286 2452 non
316 2415 352 2452 ex
381 2394 443 2450 acie
474 2394 580 2450 reverti
614 2394 788 2450 viderentur.
840 2395 1039 2451 Beneventani
1072 2414 1172 2452 omues
1188 2401 1223 2454 16

108 2502 197 2557 turba
218 2499 311 2557 effusa
334 2519 420 2574 quum
444 2499 561 2555 obviam
584 2500 621 2554 ad
644 2509 744 2575 portas
767 2501 907 2567 exissent,
937 2489 1089 2574 complecti
1119 2502 1172 2557 mi-

107 2606 184 2674 lites,
205 2605 356 2680 gratulari,
377 2624 484 2662 vocare
506 2605 535 2660 in
556 2605 721 2679 hospitium.
762 2608 926 2680 ,Apparata
953 2605 1088 2661 convivia
1110 2625 1172 2662 om·
1188 2613 1222 2665 17

108 2711 194 2767 nibus
222 2711 252 2766 in
279 2710 435 2785 propatulo
459 2710 562 2765 aedium
583 2709 712 2779 fuerant3
746 2711 782 2767 ad
808 2730 845 2767 ea
873 2710 1050 2780 invitabant,
1078 2710 1172 2768 Grac-

107 2817 252 2889 chumque
274 2817 407 2883 orabant,
430 2824 460 2871 ut
475 2813 588 2888 epulari
609 2815 785 2887 permitteret
801 2815 952 2883 militibus3
976 2824 1005 2869 et
1020 2813 1172 2872 Gracchus

108 2921 151 2978 ita
190 2923 335 2998 permisit,
370 2923 396 2976 si
425 2921 454 2975 iu
492 2919 608 2994 publico
642 2897 827 2993 epularentur
860 2936 961 2993 omnes
997 2928 1064 2974 ante
1104 2938 1172 2976 suas
1188 2924 1222 2979 18

109 3028 233 3101 quisque
255 3027 342 3084 fores.
390 3026 513 3082 Prolata
535 3024 641 3081 omnia.
692 3024 797 3082 Pileati
819 3033 869 3080 aut
890 3024 958 3087 lana
980 3024 1048 3079 alba
1069 3025 1172 3081 velatis

109 3131 252 3205 capitibus
275 3130 395 3188 volones
423 3130 531 3205 epulati
560 3139 640 3197 sunt,
673 3129 723 3185 alii
755 3131 946 3199 accubantes,
978 3129 1026 3185 alii
1053 3139 1171 3200 stantes,
1233 3147 1238 3161 ¹

110 3236 160 3309 qui
189 3235 274 3292 simul
304 3236 507 3292 ministrabant
535 3237 790 3310 vescebanturque.
838 3234 949 3308 Digna¹
968 3252 1014 3290 res
1035 3235 1112 3303 visu,
1142 3245 1173 3290 ut
1190 3239 1224 3294 19

107 3340 295 3397 simulacrum
327 3340 463 3398 celebrati
496 3342 557 3396 eius
585 3340 641 3395 diei
664 3339 831 3409 Gracchus,
866 3349 1020 3412 postquam
1047 3341 1171 3396 Romam

109 3445 208 3516 rediit,
239 3445 319 3520 pingi
349 3445 460 3500 iuberet
485 3445 514 3499 iu
542 3445 602 3501 aede
624 3445 797 3515 Libertatis,
828 3462 915 3517 quam
944 3453 1027 3517 pater
1054 3444 1115 3500 eius
1143 3445 1173 3500 in

109 3549 258 3606 Aventino
274 3569 312 3606 ex
334 3547 492 3605 multaticia
508 3550 630 3623 pecunia
648 3549 811 3607 faciendam
835 3549 947 3606 curavit
962 3548 1172 3621 dedicavitque.

194 3656 273 3710 Dum
295 3655 357 3710 haeo
385 3654 422 3710 ad
450 3655 648 3711 Beneventum
679 3664 833 3730 geruntur,
866 3653 1016 3709 Hannibal
1044 3653 1173 3727 depopu·
1228 3652 1267 3722 1⁵1

109 3758 187 3817 latus
209 3777 311 3833 agrum
333 3760 560 3834 Neapohtauum
592 3759 630 3814 ad
656 3759 765 3815 Nolam
794 3766 890 3814 castra
919 3766 1025 3815 movet.
1080 3757 1203 3828 Quem2

112 3866 161 3922 ubi
193 3865 351 3921 adventare
375 3864 475 3920 oousul
504 3865 607 3934 sensit,
643 3864 806 3939 Pomponio
835 3870 1015 3936 propraetore
1043 3881 1107 3918 oum
1137 3881 1172 3918 eo
1309 3931 1313 3937 ⁶
1338 3894 1349 3935 Α

110 3968 321 4045 θιθτοίω,“ᾳιιί
342 3988 429 4044 super
450 3968 617 4028 Suessulam
639 3969 667 4025 in
691 3969 793 4025 castris
816 3977 895 4035 erat,
920 3968 1028 4037 accito,
1057 3968 1098 4024 ire
1120 3968 1172 4025 ob·

1342 4096 1349 4133 l
