2700 4426
427 109 506 162 Liber
522 109 623 164 xxm
660 108 770 174 (mut.
784 112 858 175 ²⁰⁵«)
1075 114 1131 183 18³

108 303 183 363 erat,
204 294 320 352 tertiam
341 293 481 351 decimam
503 293 645 368 legionem
667 312 705 355 ex
725 293 861 352 subsidiis
882 293 913 351 in
934 293 1173 370 primumdum

107 400 323 457 firmamentum
352 397 448 469 ducit,
483 406 637 472 postquam
660 406 777 472 aequata
799 398 840 456 ibi
861 415 960 472 pugna
982 406 1043 469 est,
1059 416 1062 422 ·
1076 399 1115 466 ad
1136 399 1171 467 L.
1188 400 1223 457 10

109 503 251 561 Manlium
277 503 353 560 inter
371 502 467 577 primu
488 503 572 577 signa
593 504 757 561 hortantem
779 520 816 560 ac
836 502 976 574 subsidia,
998 503 1171 578 quibusssres

108 608 287 684 postulabat,
310 607 382 664 locis
403 606 584 666 inducentem
607 608 703 677 venit3
724 607 842 678 indicet,
864 616 928 672 tuta
942 610 980 665 ab
996 608 1070 666 loevo
1082 627 1171 666 cornu

108 731 188 783 esse3
209 714 269 770 iam
291 713 409 769 missum
432 712 470 768 ab
491 729 523 770 se
538 711 703 771 Cornelium
717 709 880 789 [Servium]
900 712 1029 787 procella
1045 714 1172 787 equestri
1186 714 1220 770 il
1289 727 1291 732 ·

108 820 208 876 hostes
232 815 479 875 circumfusumm.
528 816 588 875 Vix
608 817 670 875 haec
691 816 768 874 dicta
790 816 920 888 dederat,
942 836 1037 892 quum.
1046 817 1172 884 Romani
1188 817 1221 872 12

108 924 221 997 equites
249 923 280 980 in
308 922 419 978 medios
446 921 552 979 invecti
579 922 679 978 hostes
701 922 787 979 simul
804 920 953 995 pedestres
975 922 1051 979 acies
1072 924 1172 989 turbe-

108 1036 192 1096 runt,
229 1026 314 1084 simul
353 1025 497 1100 equitibus
531 1025 730 1101 Hispanorum
763 1025 840 1083 viam
876 1025 1048 1085 immittendi
1081 1046 1172 1101 equos

108 1133 282 1190 clauserunt.
330 1131 436 1204 Itaque
466 1129 575 1187 omissa
595 1148 695 1205 pugna
717 1129 843 1203 equestri
867 1129 905 1186 ad
926 1131 1089 1203 pedestrem
1111 1133 1172 1195 Hi·
1187 1130 1222 1186 13

106 1238 194 1312 spani
215 1235 431 1294 descenderunt
483 1234 610 1293 Romani
630 1235 819 1310 imperatores
839 1242 873 1290 ut
893 1236 1026 1292 turbatos
1043 1237 1171 1301 hostium

108 1343 225 1400 ordines
252 1352 280 1400 et
312 1340 532 1415 trepidationem
561 1356 760 1413 pavoremque
787 1347 816 1396 et
841 1339 1011 1407 fluctuantia
1037 1341 1171 1400 viderunt

105 1448 209 1522 signa,
242 1447 408 1516 hortantur,
445 1451 530 1502 orant
565 1443 684 1513 milites,
722 1451 754 1499 ut
784 1443 933 1518 perculsos
962 1445 1094 1503 invadant
1113 1465 1171 1510 neu

105 1552 219 1609 restitui
253 1551 344 1607 aciem
377 1549 533 1626 patiantur.
592 1549 662 1607 Non
700 1547 903 1605 sustinuissent
939 1557 999 1605 tam
1033 1548 1169 1608 infestum
1187 1557 1221 1610 14

106 1658 245 1731 impetum
268 1655 403 1725 barbari,
437 1655 468 1713 ni
494 1653 612 1729 regulus
641 1653 704 1728 ipse
725 1652 857 1710 Indibilis
876 1671 942 1711 cnm
963 1654 1108 1728 equitibus
1132 1656 1170 1712 ad

106 1760 195 1835 pedes
225 1760 367 1834 degressis
395 1769 462 1817 ante
491 1758 587 1834 prima
610 1759 694 1833 sigua
717 1757 846 1833 peditum
864 1775 895 1814 se
918 1757 1079 1816 obiecisset.
1123 1761 1171 1823 Ibi
1187 1766 1221 1820 15

105 1865 285 1940 aliquamdiu
308 1874 393 1922 atrox
418 1882 516 1939 pugna
536 1862 629 1932 stetit3
650 1862 777 1931 tandem,
798 1871 955 1936 postquam
970 1861 1000 1933 ii,
1023 1864 1073 1937 qui
1092 1865 1171 1923 circa

105 1987 204 2044 regem
227 1969 398 2026 seminecem
419 1977 586 2036 restantem,
610 1966 714 2023 deinde
735 1966 794 2040 pilo
818 1975 902 2025 terrae
922 1965 1043 2025 affixum
1058 1987 1170 2043 pugna·

106 2076 187 2143 bant,
209 2073 306 2130 obruti
319 2073 384 2130 telis
401 2073 605 2142 occubuerunt,
626 2080 689 2128 tum
704 2069 774 2144 fuga
792 2071 902 2145 passim
923 2080 1029 2146 coepta.
1065 2073 1170 2132 Plures
1186 2078 1221 2133 16

107 2179 194 2249 caesi,
226 2178 295 2252 quia
324 2193 415 2249 equos
440 2175 651 2232 conscendendi
673 2175 817 2249 equitibus
839 2177 964 2250 spatium
985 2193 1045 2232 non
1065 2176 1170 2245 fuerat,

106 2292 136 2340 et
158 2283 227 2357 quia
248 2280 387 2357 perculsis
407 2279 512 2341 acriter
532 2279 697 2342 institerunt
717 2281 858 2350 Romani;
891 2299 944 2339 nec
965 2292 1032 2340 ante
1052 2284 1170 2347 absces-

106 2406 171 2444 sum
194 2395 253 2458 est,
276 2403 363 2460 quem
386 2384 488 2441 cestris
511 2402 627 2458 quoque
649 2394 789 2442 exuerunt
811 2387 933 2444 hostem.
981 2388 1092 2447 Decem
1112 2389 1170 2446 ‘tria
1185 2390 1220 2444 17

109 2491 199 2572 millia
219 2491 418 2564 Hispanorum
441 2506 516 2545 caesa
540 2507 575 2544 eo
598 2488 659 2557 die,
689 2489 766 2546 mille
788 2491 943 2566 octingenti
965 2491 1056 2550 ferme
1078 2492 1171 2568 capti3

108 2597 308 2651 Romanorum
339 2593 537 2665 sociorumque
567 2593 655 2667 paulo
684 2593 808 2666 amplius
830 2595 958 2666 ducenti,
993 2598 1120 2654 maxime
1141 2598 1170 2654 in

108 2699 182 2756 laevo
207 2717 315 2767 cornu,
345 2696 517 2754 ceciderunt.
564 2696 647 2754 Pulsi
675 2696 778 2753 castris
806 2697 933 2772 Hispani
965 2709 1016 2770 aut
1053 2702 1103 2775 qui
1134 2721 1171 2758 ex
1186 2701 1222 2758 18

108 2804 212 2879 proelio
234 2801 410 2876 effugerant,
445 2800 539 2874 sparsi
567 2800 661 2874 primo
695 2819 748 2874 per
774 2819 877 2875 agros,
915 2802 1018 2862 deinde
1043 2805 1074 2861 in
1100 2823 1169 2869 suas

109 2909 232 2982 quisque
267 2906 398 2964 civitates
429 2904 585 2962 redierunt.
647 2905 724 2960 Tum
761 2923 781 2960 a
812 2906 972 2966 Mandonio
999 2909 1114 2966 evocati
1138 2910 1169 2967 in
1222 2910 1244 2979 3

108 3011 261 3069 concilium
293 3009 501 3083 conquestique
528 3008 569 3064 ibi
598 3007 694 3065 clades
716 3026 801 3080 suas,
833 3010 981 3087 increpitis
1003 3013 1169 3073 auctoribus

106 3117 184 3186 belli,
204 3116 318 3190 legatos
340 3114 495 3171 mittendos
517 3113 555 3170 ad
577 3131 660 3169 erma
681 3112 822 3171 tradenda
847 3115 1078 3190 deditionemque
1098 3117 1170 3176 faci·

108 3223 212 3279 endam
235 3238 382 3277 censuere.
432 3218 544 3290 Quibus
564 3217 679 3292 culpam
707 3217 737 3274 in
758 3228 905 3284 auctorem
928 3221 996 3279 belli
1017 3222 1201 3283 Indibilemt

108 3336 276 3407 ceterosque
297 3323 451 3399 principes,
469 3341 592 3397 quorum
618 3322 747 3398 plerique
768 3322 798 3379 in
820 3324 883 3382 acie
902 3326 1080 3397 cecidissent,
1102 3344 1170 3384 con·

107 3427 266 3489 ferentibus
296 3427 535 3500 tradentibusque
557 3410 641 3484 arma
662 3436 691 3484 et
724 3426 893 3485 dedentibus
914 3447 980 3487 sese
999 3448 1170 3504 responsum
1223 3482 1226 3487 ,

108 3541 168 3603 est,
203 3533 233 3590 in
257 3534 432 3592 deditionem
460 3532 502 3591 ita
531 3530 623 3607 accipi
645 3548 711 3602 eos,
744 3530 768 3588 si
789 3532 980 3593 Mandonium
1002 3540 1200 3610 ceterosqued

109 3637 178 3694 belli
208 3640 368 3696 concitores
390 3638 576 3700 tradidissent
597 3636 695 3704 vivom
732 3636 758 3693 ai
779 3637 889 3708 minus,
911 3638 1068 3697 exercitum
1090 3658 1121 3698 se
1141 3639 1171 3696 in

106 3758 211 3816 mum
240 3742 397 3817 Ilergetum
418 3744 694 3813 Ausetanorumque
724 3747 753 3796 et
774 3741 909 3817 deinceps
931 3743 1052 3801 aliorum
1078 3762 1171 3820 popu-

106 3846 203 3905 lorum
219 3847 364 3906 ducturos.
410 3850 483 3907 Haec
504 3848 582 3905 dicte
607 3843 711 3920 legatis
729 3846 950 3921 renuntiataque
965 3848 996 3911 in
1010 3847 1202 3912 condiunt
