<?xml version="1.0" encoding="UTF-8"?>
<!DOCTYPE html PUBLIC "-//W3C//DTD XHTML 1.0 Transitional//EN"
    "http://www.w3.org/TR/xhtml1/DTD/xhtml1-transitional.dtd">
<html xmlns="http://www.w3.org/1999/xhtml" xml:lang="en" lang="en">
 <head>
  <title>
</title>
<meta http-equiv="Content-Type" content="text/html;charset=utf-8" />
  <meta name='ocr-system' content='tesseract 3.04.00' />
  <meta name='ocr-capabilities' content='ocr_page ocr_carea ocr_par ocr_line ocrx_word'/>
</head>
<body>
  <div class='ocr_page' id='page_1' title='image "./titiliviihistor01ussigoog/titiliviihistor01ussigoog_0162.png"; bbox 0 0 2700 4426; ppageno 0'>
   <div class='ocr_carea' id='block_1_1' title="bbox 380 204 1083 270">
    <p class='ocr_par' dir='ltr' id='par_1_1' title="bbox 380 204 1083 270">
     <span class='ocr_line' id='line_1_1' title="bbox 380 204 1083 270; baseline 0.016 -14"><span class='ocrx_word' id='word_1_1' title='bbox 380 206 459 259; x_wconf 76' lang='lat' dir='ltr'>Liber</span> <span class='ocrx_word' id='word_1_2' title='bbox 474 205 575 258; x_wconf 83' lang='lat' dir='ltr'>xxm.</span> <span class='ocrx_word' id='word_1_3' title='bbox 599 204 660 270; x_wconf 58' lang='lat' dir='ltr'>ru.</span> <span class='ocrx_word' id='word_1_4' title='bbox 672 205 806 267; x_wconf 64' lang='lat' dir='ltr'>cums.)</span> <span class='ocrx_word' id='word_1_5' title='bbox 1029 211 1083 267; x_wconf 82' lang='lat'>121</span> 
     </span>
    </p>
   </div>
   <div class='ocr_carea' id='block_1_2' title="bbox 61 387 1126 462">
    <p class='ocr_par' dir='ltr' id='par_1_2' title="bbox 61 387 1126 462">
     <span class='ocr_line' id='line_1_2' title="bbox 61 387 1126 462; baseline 0.002 -16"><span class='ocrx_word' id='word_1_6' title='bbox 61 399 163 446; x_wconf 90' lang='lat' dir='ltr'>natum</span> <span class='ocrx_word' id='word_1_7' title='bbox 186 388 277 444; x_wconf 88' lang='lat' dir='ltr'>multo</span> <span class='ocrx_word' id='word_1_8' title='bbox 299 388 354 446; x_wconf 89' lang='lat' dir='ltr'>sibi</span> <span class='ocrx_word' id='word_1_9' title='bbox 375 387 469 461; x_wconf 89' lang='lat' dir='ltr'>magis</span> <span class='ocrx_word' id='word_1_10' title='bbox 491 406 579 461; x_wconf 84' lang='lat' dir='ltr'>quam</span> <span class='ocrx_word' id='word_1_11' title='bbox 603 388 680 462; x_wconf 92' lang='lat' dir='ltr'>plebi</span> <span class='ocrx_word' id='word_1_12' title='bbox 704 387 828 458; x_wconf 80' lang='lat' dir='ltr'>fecisset,</span> <span class='ocrx_word' id='word_1_13' title='bbox 859 389 921 445; x_wconf 90' lang='lat' dir='ltr'>sine</span> <span class='ocrx_word' id='word_1_14' title='bbox 943 391 1046 460; x_wconf 89' lang='lat' dir='ltr'>armis,</span> <span class='ocrx_word' id='word_1_15' title='bbox 1069 392 1126 448; x_wconf 87' lang='lat' dir='ltr'>iam</span> 
     </span>
    </p>
   </div>
   <div class='ocr_carea' id='block_1_3' title="bbox 63 492 1262 562">
    <p class='ocr_par' dir='ltr' id='par_1_3' title="bbox 63 492 1262 562">
     <span class='ocr_line' id='line_1_3' title="bbox 63 492 1262 562; baseline 0.001 -10"><span class='ocrx_word' id='word_1_16' title='bbox 63 495 197 552; x_wconf 91' lang='lat' dir='ltr'>omnibus</span> <span class='ocrx_word' id='word_1_17' title='bbox 221 492 453 562; x_wconf 77' lang='lat' dir='ltr'>concedentibus,</span> <span class='ocrx_word' id='word_1_18' title='bbox 476 492 689 551; x_wconf 80' lang='lat' dir='ltr'><strong>dominabatur.</strong></span> <span class='ocrx_word' id='word_1_19' title='bbox 733 493 811 550; x_wconf 90' lang='lat' dir='ltr'>Hinc</span> <span class='ocrx_word' id='word_1_20' title='bbox 832 502 997 562; x_wconf 74' lang='lat' dir='ltr'>senatores,</span> <span class='ocrx_word' id='word_1_21' title='bbox 1019 496 1157 553; x_wconf 85' lang='lat' dir='ltr'>omissa2</span> <span class='ocrx_word' id='word_1_22' title='bbox 1259 524 1262 527; x_wconf 55' lang='lat'><strong>&gt;</strong></span> 
     </span>
    </p>
   </div>
   <div class='ocr_carea' id='block_1_4' title="bbox 62 597 1159 1511">
    <p class='ocr_par' dir='ltr' id='par_1_4' title="bbox 62 597 1159 1511">
     <span class='ocr_line' id='line_1_4' title="bbox 63 597 1157 674; baseline 0.003 -19"><span class='ocrx_word' id='word_1_23' title='bbox 63 599 212 674; x_wconf 87' lang='lat' dir='ltr'>dignitatis</span> <span class='ocrx_word' id='word_1_24' title='bbox 247 597 447 671; x_wconf 79' lang='lat' dir='ltr'>libertatisque</span> <span class='ocrx_word' id='word_1_25' title='bbox 482 598 638 668; x_wconf 88' lang='lat' dir='ltr'>memoria,</span> <span class='ocrx_word' id='word_1_26' title='bbox 673 598 787 674; x_wconf 85' lang='lat' dir='ltr'>plebem</span> <span class='ocrx_word' id='word_1_27' title='bbox 827 598 954 667; x_wconf 85' lang='lat' dir='ltr'>adulari;</span> <span class='ocrx_word' id='word_1_28' title='bbox 990 600 1157 669; x_wconf 85' lang='lat' dir='ltr'>salutare,3</span> 
     </span>
     <span class='ocr_line' id='line_1_5' title="bbox 62 701 1127 778; baseline -0.002 -18"><span class='ocrx_word' id='word_1_29' title='bbox 62 703 189 778; x_wconf 84' lang='lat' dir='ltr'>benigne</span> <span class='ocrx_word' id='word_1_30' title='bbox 208 702 348 772; x_wconf 88' lang='lat' dir='ltr'>invitare,</span> <span class='ocrx_word' id='word_1_31' title='bbox 371 701 520 776; x_wconf 86' lang='lat' dir='ltr'>apparetis</span> <span class='ocrx_word' id='word_1_32' title='bbox 543 701 674 777; x_wconf 89' lang='lat' dir='ltr'>accipere</span> <span class='ocrx_word' id='word_1_33' title='bbox 695 703 802 776; x_wconf 91' lang='lat' dir='ltr'>epulis,</span> <span class='ocrx_word' id='word_1_34' title='bbox 831 721 881 758; x_wconf 89' lang='lat' dir='ltr'>eas</span> <span class='ocrx_word' id='word_1_35' title='bbox 911 719 1015 760; x_wconf 87' lang='lat' dir='ltr'>causas</span> <span class='ocrx_word' id='word_1_36' title='bbox 1037 703 1127 760; x_wconf 87' lang='lat' dir='ltr'>susci-</span> 
     </span>
     <span class='ocr_line' id='line_1_6' title="bbox 63 806 1128 882; baseline 0.001 -18"><span class='ocrx_word' id='word_1_37' title='bbox 63 826 148 882; x_wconf 88' lang='lat' dir='ltr'>pere,</span> <span class='ocrx_word' id='word_1_38' title='bbox 178 807 205 864; x_wconf 90' lang='lat' dir='ltr'>ei</span> <span class='ocrx_word' id='word_1_39' title='bbox 228 825 343 881; x_wconf 84' lang='lat' dir='ltr'>semper</span> <span class='ocrx_word' id='word_1_40' title='bbox 373 806 451 881; x_wconf 90' lang='lat' dir='ltr'>parti</span> <span class='ocrx_word' id='word_1_41' title='bbox 479 806 597 875; x_wconf 88' lang='lat' dir='ltr'>adesse,</span> <span class='ocrx_word' id='word_1_42' title='bbox 629 807 786 863; x_wconf 88' lang='lat' dir='ltr'>secundnm</span> <span class='ocrx_word' id='word_1_43' title='bbox 819 825 883 863; x_wconf 89' lang='lat' dir='ltr'>eam</span> <span class='ocrx_word' id='word_1_44' title='bbox 911 806 990 865; x_wconf 90' lang='lat' dir='ltr'>litem</span> <span class='ocrx_word' id='word_1_45' title='bbox 1019 809 1128 866; x_wconf 89' lang='lat' dir='ltr'>iudices</span> 
     </span>
     <span class='ocr_line' id='line_1_7' title="bbox 64 909 1128 986; baseline -0.001 -17"><span class='ocrx_word' id='word_1_46' title='bbox 64 914 144 984; x_wconf 88' lang='lat' dir='ltr'>dare,</span> <span class='ocrx_word' id='word_1_47' title='bbox 174 930 239 985; x_wconf 85' lang='lat' dir='ltr'>quae</span> <span class='ocrx_word' id='word_1_48' title='bbox 262 911 355 986; x_wconf 85' lang='lat' dir='ltr'>magis</span> <span class='ocrx_word' id='word_1_49' title='bbox 377 909 527 985; x_wconf 90' lang='lat' dir='ltr'>popularis</span> <span class='ocrx_word' id='word_1_50' title='bbox 554 912 707 986; x_wconf 82' lang='lat' dir='ltr'>aptiorque</span> <span class='ocrx_word' id='word_1_51' title='bbox 738 913 767 968; x_wconf 85' lang='lat' dir='ltr'>in</span> <span class='ocrx_word' id='word_1_52' title='bbox 800 913 903 986; x_wconf 88' lang='lat' dir='ltr'>vulgus</span> <span class='ocrx_word' id='word_1_53' title='bbox 935 911 1031 971; x_wconf 81' lang='lat' dir='ltr'>favori</span> <span class='ocrx_word' id='word_1_54' title='bbox 1060 932 1128 970; x_wconf 90' lang='lat' dir='ltr'>con-</span> 
     </span>
     <span class='ocr_line' id='line_1_8' title="bbox 64 1013 1159 1092; baseline -0.003 -19"><span class='ocrx_word' id='word_1_55' title='bbox 64 1017 189 1074; x_wconf 83' lang='lat' dir='ltr'>ciliando</span> <span class='ocrx_word' id='word_1_56' title='bbox 211 1025 301 1085; x_wconf 83' lang='lat' dir='ltr'>esset3</span> <span class='ocrx_word' id='word_1_57' title='bbox 329 1016 388 1071; x_wconf 89' lang='lat' dir='ltr'>iam</span> <span class='ocrx_word' id='word_1_58' title='bbox 418 1032 488 1071; x_wconf 92' lang='lat' dir='ltr'>vero</span> <span class='ocrx_word' id='word_1_59' title='bbox 510 1013 581 1070; x_wconf 91' lang='lat' dir='ltr'>nihil</span> <span class='ocrx_word' id='word_1_60' title='bbox 599 1015 629 1071; x_wconf 89' lang='lat' dir='ltr'>in</span> <span class='ocrx_word' id='word_1_61' title='bbox 651 1024 752 1073; x_wconf 87' lang='lat' dir='ltr'>senatu</span> <span class='ocrx_word' id='word_1_62' title='bbox 783 1018 832 1090; x_wconf 86' lang='lat' dir='ltr'>agi</span> <span class='ocrx_word' id='word_1_63' title='bbox 862 1017 954 1085; x_wconf 91' lang='lat' dir='ltr'>aliter,</span> <span class='ocrx_word' id='word_1_64' title='bbox 987 1037 1074 1092; x_wconf 90' lang='lat' dir='ltr'>qnam</span> <span class='ocrx_word' id='word_1_65' title='bbox 1103 1018 1159 1075; x_wconf 71' lang='lat' dir='ltr'>sit</span> 
     </span>
     <span class='ocr_line' id='line_1_9' title="bbox 63 1118 1126 1196; baseline 0.002 -19"><span class='ocrx_word' id='word_1_66' title='bbox 63 1121 164 1196; x_wconf 80' lang='lat' dir='ltr'>plebis</span> <span class='ocrx_word' id='word_1_67' title='bbox 175 1121 216 1179; x_wconf 92' lang='lat' dir='ltr'>ibi</span> <span class='ocrx_word' id='word_1_68' title='bbox 238 1128 314 1177; x_wconf 89' lang='lat' dir='ltr'>esset</span> <span class='ocrx_word' id='word_1_69' title='bbox 335 1118 498 1176; x_wconf 88' lang='lat' dir='ltr'>concilium.</span> <span class='ocrx_word' id='word_1_70' title='bbox 544 1120 646 1176; x_wconf 89' lang='lat' dir='ltr'>Prona</span> <span class='ocrx_word' id='word_1_71' title='bbox 670 1139 785 1195; x_wconf 87' lang='lat' dir='ltr'>semper</span> <span class='ocrx_word' id='word_1_72' title='bbox 805 1120 908 1177; x_wconf 88' lang='lat' dir='ltr'>civitas</span> <span class='ocrx_word' id='word_1_73' title='bbox 931 1123 960 1178; x_wconf 92' lang='lat' dir='ltr'>in</span> <span class='ocrx_word' id='word_1_74' title='bbox 983 1122 1126 1179; x_wconf 88' lang='lat' dir='ltr'>luxuriam</span> 
     </span>
     <span class='ocr_line' id='line_1_10' title="bbox 63 1222 1127 1301; baseline 0.003 -21"><span class='ocrx_word' id='word_1_75' title='bbox 63 1243 123 1282; x_wconf 91' lang='lat' dir='ltr'>non</span> <span class='ocrx_word' id='word_1_76' title='bbox 152 1224 332 1299; x_wconf 88' lang='lat' dir='ltr'>ingeniorum</span> <span class='ocrx_word' id='word_1_77' title='bbox 357 1223 444 1281; x_wconf 92' lang='lat' dir='ltr'>modo</span> <span class='ocrx_word' id='word_1_78' title='bbox 469 1222 555 1293; x_wconf 85' lang='lat' dir='ltr'>vitio,</span> <span class='ocrx_word' id='word_1_79' title='bbox 585 1225 635 1280; x_wconf 89' lang='lat' dir='ltr'>sed</span> <span class='ocrx_word' id='word_1_80' title='bbox 658 1223 787 1281; x_wconf 83' lang='lat' dir='ltr'>affluenti</span> <span class='ocrx_word' id='word_1_81' title='bbox 819 1227 905 1300; x_wconf 89' lang='lat' dir='ltr'>copia</span> <span class='ocrx_word' id='word_1_82' title='bbox 937 1227 1127 1301; x_wconf 83' lang='lat' dir='ltr'>voluptatium</span> 
     </span>
     <span class='ocr_line' id='line_1_11' title="bbox 64 1326 1158 1405; baseline -0.001 -20"><span class='ocrx_word' id='word_1_83' title='bbox 64 1338 94 1386; x_wconf 92' lang='lat' dir='ltr'>et</span> <span class='ocrx_word' id='word_1_84' title='bbox 125 1329 269 1386; x_wconf 87' lang='lat' dir='ltr'>illecebris</span> <span class='ocrx_word' id='word_1_85' title='bbox 301 1329 395 1386; x_wconf 91' lang='lat' dir='ltr'>omnis</span> <span class='ocrx_word' id='word_1_86' title='bbox 433 1326 609 1384; x_wconf 87' lang='lat' dir='ltr'>amoenitatis</span> <span class='ocrx_word' id='word_1_87' title='bbox 636 1329 788 1386; x_wconf 85' lang='lat' dir='ltr'>maritimae</span> <span class='ocrx_word' id='word_1_88' title='bbox 819 1332 1036 1405; x_wconf 89' lang='lat' dir='ltr'>terrestrisque,</span> <span class='ocrx_word' id='word_1_89' title='bbox 1067 1333 1158 1388; x_wconf 78' lang='lat' dir='ltr'>tumb</span> 
     </span>
     <span class='ocr_line' id='line_1_12' title="bbox 64 1431 1129 1511; baseline -0.001 -21"><span class='ocrx_word' id='word_1_90' title='bbox 64 1452 136 1490; x_wconf 86' lang='lat' dir='ltr'>vero</span> <span class='ocrx_word' id='word_1_91' title='bbox 168 1433 211 1489; x_wconf 89' lang='lat' dir='ltr'>ita</span> <span class='ocrx_word' id='word_1_92' title='bbox 238 1432 377 1506; x_wconf 90' lang='lat' dir='ltr'>obsequio</span> <span class='ocrx_word' id='word_1_93' title='bbox 408 1431 569 1506; x_wconf 89' lang='lat' dir='ltr'>principum</span> <span class='ocrx_word' id='word_1_94' title='bbox 598 1442 627 1488; x_wconf 87' lang='lat' dir='ltr'>et</span> <span class='ocrx_word' id='word_1_95' title='bbox 650 1434 766 1492; x_wconf 88' lang='lat' dir='ltr'>licentia</span> <span class='ocrx_word' id='word_1_96' title='bbox 794 1436 889 1511; x_wconf 90' lang='lat' dir='ltr'>plebei</span> <span class='ocrx_word' id='word_1_97' title='bbox 917 1435 1064 1504; x_wconf 88' lang='lat' dir='ltr'>lascivire,</span> <span class='ocrx_word' id='word_1_98' title='bbox 1098 1443 1129 1490; x_wconf 93' lang='lat' dir='ltr'>ut</span> 
     </span>
    </p>
   </div>
   <div class='ocr_carea' id='block_1_5' title="bbox 64 1643 1223 3912">
    <p class='ocr_par' dir='ltr' id='par_1_5' title="bbox 64 1643 1129 1718">
     <span class='ocr_line' id='line_1_13' title="bbox 64 1643 1129 1718; baseline 0 -18"><span class='ocrx_word' id='word_1_99' title='bbox 64 1644 178 1718; x_wconf 91' lang='lat' dir='ltr'>legum,</span> <span class='ocrx_word' id='word_1_100' title='bbox 210 1643 447 1718; x_wconf 83' lang='lat' dir='ltr'>magistratuum,</span> <span class='ocrx_word' id='word_1_101' title='bbox 480 1650 596 1696; x_wconf 89' lang='lat' dir='ltr'>senatus</span> <span class='ocrx_word' id='word_1_102' title='bbox 630 1643 751 1700; x_wconf 87' lang='lat' dir='ltr'>accessit</span> <span class='ocrx_word' id='word_1_103' title='bbox 783 1651 861 1712; x_wconf 89' lang='lat' dir='ltr'>tum,</span> <span class='ocrx_word' id='word_1_104' title='bbox 894 1652 961 1717; x_wconf 91' lang='lat' dir='ltr'>post</span> <span class='ocrx_word' id='word_1_105' title='bbox 994 1643 1129 1701; x_wconf 84' lang='lat' dir='ltr'>Cannen-</span> 
     </span>
    </p>

    <p class='ocr_par' dir='ltr' id='par_1_6' title="bbox 66 1745 1128 1819">
     <span class='ocr_line' id='line_1_14' title="bbox 66 1745 1128 1819; baseline 0 -15"><span class='ocrx_word' id='word_1_106' title='bbox 66 1767 128 1805; x_wconf 85' lang='lat' dir='ltr'>sem</span> <span class='ocrx_word' id='word_1_107' title='bbox 157 1748 283 1817; x_wconf 87' lang='lat' dir='ltr'>cladem,</span> <span class='ocrx_word' id='word_1_108' title='bbox 320 1756 364 1815; x_wconf 90' lang='lat' dir='ltr'>ut,</span> <span class='ocrx_word' id='word_1_109' title='bbox 398 1746 478 1802; x_wconf 88' lang='lat' dir='ltr'>cuius</span> <span class='ocrx_word' id='word_1_110' title='bbox 511 1745 611 1819; x_wconf 85' lang='lat' dir='ltr'>aliqua</span> <span class='ocrx_word' id='word_1_111' title='bbox 642 1749 817 1805; x_wconf 87' lang='lat' dir='ltr'>verecundia</span> <span class='ocrx_word' id='word_1_112' title='bbox 855 1758 934 1812; x_wconf 89' lang='lat' dir='ltr'>erat,</span> <span class='ocrx_word' id='word_1_113' title='bbox 964 1750 1128 1806; x_wconf 86' lang='lat' dir='ltr'>Romanum</span> 
     </span>
    </p>

    <p class='ocr_par' dir='ltr' id='par_1_7' title="bbox 66 1850 1158 2031">
     <span class='ocr_line' id='line_1_15' title="bbox 66 1850 1158 1926; baseline 0.002 -16"><span class='ocrx_word' id='word_1_114' title='bbox 66 1870 185 1926; x_wconf 90' lang='lat' dir='ltr'>quoque</span> <span class='ocrx_word' id='word_1_115' title='bbox 221 1861 401 1926; x_wconf 87' lang='lat' dir='ltr'>spernerent·</span> <span class='ocrx_word' id='word_1_116' title='bbox 429 1850 591 1924; x_wconf 86' lang='lat' dir='ltr'>imperium.</span> <span class='ocrx_word' id='word_1_117' title='bbox 664 1854 701 1909; x_wconf 94' lang='lat' dir='ltr'>Id</span> <span class='ocrx_word' id='word_1_118' title='bbox 741 1853 830 1909; x_wconf 92' lang='lat' dir='ltr'>modo</span> <span class='ocrx_word' id='word_1_119' title='bbox 870 1861 934 1908; x_wconf 91' lang='lat' dir='ltr'>erat</span> <span class='ocrx_word' id='word_1_120' title='bbox 971 1853 1001 1908; x_wconf 93' lang='lat' dir='ltr'>in</span> <span class='ocrx_word' id='word_1_121' title='bbox 1037 1862 1158 1921; x_wconf 87' lang='lat' dir='ltr'>mora,7</span> 
     </span>
     <span class='ocr_line' id='line_1_16' title="bbox 67 1956 1129 2031; baseline 0.001 -19"><span class='ocrx_word' id='word_1_122' title='bbox 67 1977 103 2014; x_wconf 92' lang='lat' dir='ltr'>ne</span> <span class='ocrx_word' id='word_1_123' title='bbox 139 1957 285 2031; x_wconf 86' lang='lat' dir='ltr'>extemplo</span> <span class='ocrx_word' id='word_1_124' title='bbox 321 1957 488 2025; x_wconf 87' lang='lat' dir='ltr'>deficerent,</span> <span class='ocrx_word' id='word_1_125' title='bbox 525 1956 603 2027; x_wconf 91' lang='lat' dir='ltr'>qnod</span> <span class='ocrx_word' id='word_1_126' title='bbox 638 1957 813 2014; x_wconf 92' lang='lat' dir='ltr'>connubium</span> <span class='ocrx_word' id='word_1_127' title='bbox 844 1965 988 2013; x_wconf 88' lang='lat' dir='ltr'>vetustum</span> <span class='ocrx_word' id='word_1_128' title='bbox 1025 1956 1129 2013; x_wconf 90' lang='lat' dir='ltr'>multas</span> 
     </span>
    </p>

    <p class='ocr_par' dir='ltr' id='par_1_8' title="bbox 66 2061 1160 2242">
     <span class='ocr_line' id='line_1_17' title="bbox 66 2061 1160 2134; baseline -0.002 -15"><span class='ocrx_word' id='word_1_129' title='bbox 66 2061 194 2120; x_wconf 78' lang='lat' dir='ltr'>familias</span> <span class='ocrx_word' id='word_1_130' title='bbox 231 2062 326 2119; x_wconf 90' lang='lat' dir='ltr'>claras</span> <span class='ocrx_word' id='word_1_131' title='bbox 355 2078 389 2116; x_wconf 91' lang='lat' dir='ltr'>ac</span> <span class='ocrx_word' id='word_1_132' title='bbox 424 2067 556 2134; x_wconf 87' lang='lat' dir='ltr'>potentes</span> <span class='ocrx_word' id='word_1_133' title='bbox 592 2064 732 2119; x_wconf 88' lang='lat' dir='ltr'>Romanis</span> <span class='ocrx_word' id='word_1_134' title='bbox 769 2061 939 2130; x_wconf 88' lang='lat' dir='ltr'>miscuerat,</span> <span class='ocrx_word' id='word_1_135' title='bbox 978 2069 1006 2117; x_wconf 91' lang='lat' dir='ltr'>et</span> <span class='ocrx_word' id='word_1_136' title='bbox 1042 2061 1160 2133; x_wconf 88' lang='lat' dir='ltr'>quod,8</span> 
     </span>
     <span class='ocr_line' id='line_1_18' title="bbox 67 2164 1129 2242; baseline -0.004 -18"><span class='ocrx_word' id='word_1_137' title='bbox 67 2186 156 2242; x_wconf 89' lang='lat' dir='ltr'>quum</span> <span class='ocrx_word' id='word_1_138' title='bbox 179 2166 336 2222; x_wconf 84' lang='lat' dir='ltr'>militarent</span> <span class='ocrx_word' id='word_1_139' title='bbox 358 2164 469 2239; x_wconf 87' lang='lat' dir='ltr'>aliquot</span> <span class='ocrx_word' id='word_1_140' title='bbox 490 2165 567 2239; x_wconf 90' lang='lat' dir='ltr'>apud</span> <span class='ocrx_word' id='word_1_141' title='bbox 595 2167 760 2235; x_wconf 88' lang='lat' dir='ltr'>Romanos,</span> <span class='ocrx_word' id='word_1_142' title='bbox 795 2167 954 2223; x_wconf 86' lang='lat' dir='ltr'>maximum</span> <span class='ocrx_word' id='word_1_143' title='bbox 984 2164 1129 2222; x_wconf 87' lang='lat' dir='ltr'>vinculum</span> 
     </span>
    </p>

    <p class='ocr_par' dir='ltr' id='par_1_9' title="bbox 66 2268 1130 2346">
     <span class='ocr_line' id='line_1_19' title="bbox 66 2268 1130 2346; baseline -0.003 -18"><span class='ocrx_word' id='word_1_144' title='bbox 66 2280 150 2329; x_wconf 86' lang='lat' dir='ltr'>erant</span> <span class='ocrx_word' id='word_1_145' title='bbox 170 2270 290 2327; x_wconf 87' lang='lat' dir='ltr'>trecenti</span> <span class='ocrx_word' id='word_1_146' title='bbox 314 2268 441 2342; x_wconf 91' lang='lat' dir='ltr'>equites,</span> <span class='ocrx_word' id='word_1_147' title='bbox 471 2269 667 2327; x_wconf 88' lang='lat' dir='ltr'>nobilissimus</span> <span class='ocrx_word' id='word_1_148' title='bbox 689 2273 811 2346; x_wconf 90' lang='lat' dir='ltr'>quisque</span> <span class='ocrx_word' id='word_1_149' title='bbox 839 2269 1072 2344; x_wconf 87' lang='lat' dir='ltr'>Campanorum,</span> <span class='ocrx_word' id='word_1_150' title='bbox 1100 2269 1130 2325; x_wconf 91' lang='lat' dir='ltr'>in</span> 
     </span>
    </p>

    <p class='ocr_par' dir='ltr' id='par_1_10' title="bbox 66 2372 1130 2450">
     <span class='ocr_line' id='line_1_20' title="bbox 66 2372 1130 2450; baseline -0.004 -17"><span class='ocrx_word' id='word_1_151' title='bbox 66 2375 215 2450; x_wconf 18' lang='lat' dir='ltr'>presidia,</span> <span class='ocrx_word' id='word_1_152' title='bbox 235 2373 398 2432; x_wconf 88' lang='lat' dir='ltr'>Sicularum</span> <span class='ocrx_word' id='word_1_153' title='bbox 432 2372 544 2429; x_wconf 90' lang='lat' dir='ltr'>urbium</span> <span class='ocrx_word' id='word_1_154' title='bbox 582 2374 684 2432; x_wconf 86' lang='lat' dir='ltr'>delecti</span> <span class='ocrx_word' id='word_1_155' title='bbox 720 2377 758 2432; x_wconf 90' lang='lat' dir='ltr'>ab</span> <span class='ocrx_word' id='word_1_156' title='bbox 790 2375 932 2434; x_wconf 86' lang='lat' dir='ltr'>Romanis</span> <span class='ocrx_word' id='word_1_157' title='bbox 966 2393 1001 2430; x_wconf 86' lang='lat' dir='ltr'>ac</span> <span class='ocrx_word' id='word_1_158' title='bbox 1041 2374 1130 2430; x_wconf 90' lang='lat' dir='ltr'>missi.</span> 
     </span>
    </p>

    <p class='ocr_par' dir='ltr' id='par_1_11' title="bbox 67 2477 1132 2555">
     <span class='ocr_line' id='line_1_21' title="bbox 67 2477 1132 2555; baseline -0.003 -19"><span class='ocrx_word' id='word_1_159' title='bbox 67 2481 182 2536; x_wconf 89' lang='lat' dir='ltr'>Horum</span> <span class='ocrx_word' id='word_1_160' title='bbox 212 2486 348 2553; x_wconf 90' lang='lat' dir='ltr'>parentes</span> <span class='ocrx_word' id='word_1_161' title='bbox 381 2477 555 2551; x_wconf 85' lang='lat' dir='ltr'>cognatique</span> <span class='ocrx_word' id='word_1_162' title='bbox 579 2497 656 2552; x_wconf 87' lang='lat' dir='ltr'>aegre</span> <span class='ocrx_word' id='word_1_163' title='bbox 683 2481 882 2555; x_wconf 88' lang='lat' dir='ltr'>pervicerunt,</span> <span class='ocrx_word' id='word_1_164' title='bbox 915 2488 948 2536; x_wconf 91' lang='lat' dir='ltr'>ut</span> <span class='ocrx_word' id='word_1_165' title='bbox 974 2478 1063 2553; x_wconf 90' lang='lat' dir='ltr'>legati</span> <span class='ocrx_word' id='word_1_166' title='bbox 1094 2479 1132 2534; x_wconf 90' lang='lat' dir='ltr'>ad</span> 
     </span>
    </p>

    <p class='ocr_par' dir='ltr' id='par_1_12' title="bbox 67 2583 615 2640">
     <span class='ocr_line' id='line_1_22' title="bbox 67 2583 615 2640; baseline -0.004 0"><span class='ocrx_word' id='word_1_167' title='bbox 67 2583 215 2640; x_wconf 87' lang='lat' dir='ltr'>consulem</span> <span class='ocrx_word' id='word_1_168' title='bbox 238 2585 402 2640; x_wconf 88' lang='lat' dir='ltr'>Romanum</span> <span class='ocrx_word' id='word_1_169' title='bbox 426 2583 615 2640; x_wconf 88' lang='lat' dir='ltr'>mitterentur.</span> 
     </span>
    </p>

    <p class='ocr_par' dir='ltr' id='par_1_13' title="bbox 151 2687 1132 2764">
     <span class='ocr_line' id='line_1_23' title="bbox 151 2687 1132 2764; baseline 0 -20"><span class='ocrx_word' id='word_1_170' title='bbox 151 2688 178 2744; x_wconf 95' lang='lat' dir='ltr'>Ii</span> <span class='ocrx_word' id='word_1_171' title='bbox 199 2688 325 2745; x_wconf 89' lang='lat' dir='ltr'>nondum</span> <span class='ocrx_word' id='word_1_172' title='bbox 342 2687 499 2744; x_wconf 88' lang='lat' dir='ltr'>Canusium</span> <span class='ocrx_word' id='word_1_173' title='bbox 522 2688 693 2763; x_wconf 81' lang='lat' dir='ltr'>proiectum,</span> <span class='ocrx_word' id='word_1_174' title='bbox 715 2690 766 2745; x_wconf 89' lang='lat' dir='ltr'>sed</span> <span class='ocrx_word' id='word_1_175' title='bbox 787 2690 924 2746; x_wconf 76' lang='lat' dir='ltr'>Venusiae</span> <span class='ocrx_word' id='word_1_176' title='bbox 945 2708 1009 2746; x_wconf 90' lang='lat' dir='ltr'>cum</span> <span class='ocrx_word' id='word_1_177' title='bbox 1031 2688 1132 2764; x_wconf 87' lang='lat' dir='ltr'>paucis</span> 
     </span>
    </p>

    <p class='ocr_par' dir='ltr' id='par_1_14' title="bbox 69 2792 1223 2972">
     <span class='ocr_line' id='line_1_24' title="bbox 69 2792 1223 2868; baseline -0.001 -20"><span class='ocrx_word' id='word_1_178' title='bbox 69 2811 104 2849; x_wconf 91' lang='lat' dir='ltr'>ac</span> <span class='ocrx_word' id='word_1_179' title='bbox 133 2792 332 2848; x_wconf 89' lang='lat' dir='ltr'>semiermibus</span> <span class='ocrx_word' id='word_1_180' title='bbox 363 2792 510 2848; x_wconf 88' lang='lat' dir='ltr'>consulem</span> <span class='ocrx_word' id='word_1_181' title='bbox 537 2793 723 2862; x_wconf 88' lang='lat' dir='ltr'>invenerunt,</span> <span class='ocrx_word' id='word_1_182' title='bbox 755 2812 842 2867; x_wconf 89' lang='lat' dir='ltr'>quam</span> <span class='ocrx_word' id='word_1_183' title='bbox 868 2802 984 2868; x_wconf 87' lang='lat' dir='ltr'>poterat</span> <span class='ocrx_word' id='word_1_184' title='bbox 1006 2793 1132 2850; x_wconf 87' lang='lat' dir='ltr'>maxime</span> <span class='ocrx_word' id='word_1_185' title='bbox 1219 2838 1223 2847; x_wconf 42' lang='lat' dir='ltr'><em>s</em></span> 
     </span>
     <span class='ocr_line' id='line_1_25' title="bbox 69 2896 1133 2972; baseline 0 -20"><span class='ocrx_word' id='word_1_186' title='bbox 69 2896 262 2954; x_wconf 87' lang='lat' dir='ltr'>miserabilem</span> <span class='ocrx_word' id='word_1_187' title='bbox 284 2897 367 2952; x_wconf 91' lang='lat' dir='ltr'>bonis</span> <span class='ocrx_word' id='word_1_188' title='bbox 389 2897 490 2966; x_wconf 87' lang='lat' dir='ltr'>sociis,</span> <span class='ocrx_word' id='word_1_189' title='bbox 517 2897 649 2972; x_wconf 88' lang='lat' dir='ltr'>superbis</span> <span class='ocrx_word' id='word_1_190' title='bbox 679 2905 767 2970; x_wconf 91' lang='lat' dir='ltr'>atque</span> <span class='ocrx_word' id='word_1_191' title='bbox 788 2899 967 2968; x_wconf 90' lang='lat' dir='ltr'>infidelibus,</span> <span class='ocrx_word' id='word_1_192' title='bbox 998 2906 1030 2954; x_wconf 93' lang='lat' dir='ltr'>ut</span> <span class='ocrx_word' id='word_1_193' title='bbox 1051 2907 1133 2953; x_wconf 88' lang='lat' dir='ltr'>erant</span> 
     </span>
    </p>

    <p class='ocr_par' dir='ltr' id='par_1_15' title="bbox 69 2999 1164 3286">
     <span class='ocr_line' id='line_1_26' title="bbox 69 2999 1162 3075; baseline -0.002 -19"><span class='ocrx_word' id='word_1_194' title='bbox 69 2999 228 3075; x_wconf 87' lang='lat' dir='ltr'>Campani,</span> <span class='ocrx_word' id='word_1_195' title='bbox 260 3002 461 3075; x_wconf 89' lang='lat' dir='ltr'>spernendum.</span> <span class='ocrx_word' id='word_1_196' title='bbox 506 3002 545 3058; x_wconf 86' lang='lat' dir='ltr'>Et</span> <span class='ocrx_word' id='word_1_197' title='bbox 575 3003 656 3058; x_wconf 88' lang='lat' dir='ltr'>auxit</span> <span class='ocrx_word' id='word_1_198' title='bbox 676 3021 772 3059; x_wconf 91' lang='lat' dir='ltr'>rerum</span> <span class='ocrx_word' id='word_1_199' title='bbox 795 3021 912 3060; x_wconf 86' lang='lat' dir='ltr'>suarum</span> <span class='ocrx_word' id='word_1_200' title='bbox 938 3002 1040 3074; x_wconf 91' lang='lat' dir='ltr'>suique</span> <span class='ocrx_word' id='word_1_201' title='bbox 1061 2999 1162 3056; x_wconf 80' lang='lat' dir='ltr'>con-2</span> 
     </span>
     <span class='ocr_line' id='line_1_27' title="bbox 69 3104 1164 3180; baseline -0.001 -20"><span class='ocrx_word' id='word_1_202' title='bbox 69 3114 210 3178; x_wconf 90' lang='lat' dir='ltr'>temptum</span> <span class='ocrx_word' id='word_1_203' title='bbox 232 3106 334 3162; x_wconf 90' lang='lat' dir='ltr'>consul</span> <span class='ocrx_word' id='word_1_204' title='bbox 365 3107 450 3163; x_wconf 92' lang='lat' dir='ltr'>nimis</span> <span class='ocrx_word' id='word_1_205' title='bbox 472 3107 632 3180; x_wconf 88' lang='lat' dir='ltr'>detegendo</span> <span class='ocrx_word' id='word_1_206' title='bbox 662 3106 772 3162; x_wconf 90' lang='lat' dir='ltr'>cladem</span> <span class='ocrx_word' id='word_1_207' title='bbox 806 3106 1011 3179; x_wconf 84' lang='lat' dir='ltr'>nudandoque.</span> <span class='ocrx_word' id='word_1_208' title='bbox 1054 3104 1164 3162; x_wconf 83' lang='lat' dir='ltr'>Nam3</span> 
     </span>
     <span class='ocr_line' id='line_1_28' title="bbox 71 3209 1133 3286; baseline 0 -21"><span class='ocrx_word' id='word_1_209' title='bbox 71 3228 159 3282; x_wconf 92' lang='lat' dir='ltr'>quum</span> <span class='ocrx_word' id='word_1_210' title='bbox 182 3210 279 3284; x_wconf 88' lang='lat' dir='ltr'>legati,</span> <span class='ocrx_word' id='word_1_211' title='bbox 302 3229 377 3284; x_wconf 81' lang='lat' dir='ltr'>aegre</span> <span class='ocrx_word' id='word_1_212' title='bbox 398 3211 475 3270; x_wconf 83' lang='lat' dir='ltr'>ferre</span> <span class='ocrx_word' id='word_1_213' title='bbox 496 3220 625 3267; x_wconf 90' lang='lat' dir='ltr'>senatum</span> <span class='ocrx_word' id='word_1_214' title='bbox 649 3212 847 3286; x_wconf 90' lang='lat' dir='ltr'>populumque</span> <span class='ocrx_word' id='word_1_215' title='bbox 868 3209 1060 3285; x_wconf 79' lang='lat' dir='ltr'>Campanum,</span> <span class='ocrx_word' id='word_1_216' title='bbox 1082 3209 1133 3266; x_wconf 88' lang='lat' dir='ltr'>ad·</span> 
     </span>
    </p>

    <p class='ocr_par' dir='ltr' id='par_1_16' title="bbox 69 3314 1214 3600">
     <span class='ocr_line' id='line_1_29' title="bbox 69 3314 1214 3391; baseline -0.001 -21"><span class='ocrx_word' id='word_1_217' title='bbox 69 3314 147 3372; x_wconf 88' lang='lat' dir='ltr'>versi</span> <span class='ocrx_word' id='word_1_218' title='bbox 170 3315 323 3388; x_wconf 90' lang='lat' dir='ltr'>quicquam</span> <span class='ocrx_word' id='word_1_219' title='bbox 347 3316 476 3372; x_wconf 86' lang='lat' dir='ltr'>evenisse</span> <span class='ocrx_word' id='word_1_220' title='bbox 497 3317 653 3384; x_wconf 86' lang='lat' dir='ltr'>Romanis,</span> <span class='ocrx_word' id='word_1_221' title='bbox 675 3316 855 3373; x_wconf 89' lang='lat' dir='ltr'>nuntiassent</span> <span class='ocrx_word' id='word_1_222' title='bbox 875 3317 1134 3391; x_wconf 86' lang='lat' dir='ltr'>pollicerenturque</span> <span class='ocrx_word' id='word_1_223' title='bbox 1212 3356 1214 3361; x_wconf 81' lang='grc'>.</span> 
     </span>
     <span class='ocr_line' id='line_1_30' title="bbox 70 3419 1163 3495; baseline -0.005 -17"><span class='ocrx_word' id='word_1_224' title='bbox 70 3421 178 3490; x_wconf 89' lang='lat' dir='ltr'>omnia,</span> <span class='ocrx_word' id='word_1_225' title='bbox 211 3438 276 3493; x_wconf 85' lang='lat' dir='ltr'>qnae</span> <span class='ocrx_word' id='word_1_226' title='bbox 298 3421 336 3477; x_wconf 87' lang='lat' dir='ltr'>ad</span> <span class='ocrx_word' id='word_1_227' title='bbox 368 3420 473 3478; x_wconf 90' lang='lat' dir='ltr'>bellum</span> <span class='ocrx_word' id='word_1_228' title='bbox 505 3438 578 3494; x_wconf 92' lang='lat' dir='ltr'>opus</span> <span class='ocrx_word' id='word_1_229' title='bbox 608 3428 716 3489; x_wconf 88' lang='lat' dir='ltr'>essent,</span> <span class='ocrx_word' id='word_1_230' title='bbox 748 3421 879 3488; x_wconf 88' lang='lat' dir='ltr'>„Morem</span> <span class='ocrx_word' id='word_1_231' title='bbox 901 3420 1011 3495; x_wconf 90' lang='lat' dir='ltr'>magis“</span> <span class='ocrx_word' id='word_1_232' title='bbox 1042 3419 1163 3492; x_wconf 77' lang='lat' dir='ltr'>inquitl</span> 
     </span>
     <span class='ocr_line' id='line_1_31' title="bbox 73 3508 1131 3600; baseline -0.003 -18"><span class='ocrx_word' id='word_1_233' title='bbox 73 3525 229 3600; x_wconf 84' lang='lat' dir='ltr'>„loquendi</span> <span class='ocrx_word' id='word_1_234' title='bbox 251 3545 314 3583; x_wconf 88' lang='lat' dir='ltr'>cum</span> <span class='ocrx_word' id='word_1_235' title='bbox 338 3525 423 3581; x_wconf 88' lang='lat' dir='ltr'>sociis</span> <span class='ocrx_word' id='word_1_236' title='bbox 445 3508 602 3594; x_wconf 82' lang='lat' dir='ltr'>servastis,</span> <span class='ocrx_word' id='word_1_237' title='bbox 627 3521 784 3598; x_wconf 86' lang='lat' dir='ltr'>Campani,</span> <span class='ocrx_word' id='word_1_238' title='bbox 806 3525 947 3595; x_wconf 87' lang='lat' dir='ltr'>iubentes,</span> <span class='ocrx_word' id='word_1_239' title='bbox 972 3543 1036 3598; x_wconf 85' lang='lat' dir='ltr'>quae</span> <span class='ocrx_word' id='word_1_240' title='bbox 1058 3541 1131 3599; x_wconf 91' lang='lat' dir='ltr'>opus</span> 
     </span>
    </p>

    <p class='ocr_par' dir='ltr' id='par_1_17' title="bbox 71 3628 1201 3912">
     <span class='ocr_line' id='line_1_32' title="bbox 71 3628 1201 3703; baseline -0.005 -16"><span class='ocrx_word' id='word_1_241' title='bbox 71 3639 168 3687; x_wconf 89' lang='lat' dir='ltr'>essent</span> <span class='ocrx_word' id='word_1_242' title='bbox 189 3631 228 3686; x_wconf 86' lang='lat' dir='ltr'>ad</span> <span class='ocrx_word' id='word_1_243' title='bbox 249 3630 366 3699; x_wconf 90' lang='lat' dir='ltr'>bellum,</span> <span class='ocrx_word' id='word_1_244' title='bbox 389 3628 547 3703; x_wconf 86' lang='lat' dir='ltr'>imperare,</span> <span class='ocrx_word' id='word_1_245' title='bbox 571 3647 658 3702; x_wconf 91' lang='lat' dir='ltr'>quam</span> <span class='ocrx_word' id='word_1_246' title='bbox 680 3631 885 3687; x_wconf 86' lang='lat' dir='ltr'>convenienter</span> <span class='ocrx_word' id='word_1_247' title='bbox 906 3629 944 3686; x_wconf 85' lang='lat' dir='ltr'>ad</span> <span class='ocrx_word' id='word_1_248' title='bbox 965 3636 1134 3702; x_wconf 80' lang='lat' dir='ltr'>praesentem</span> <span class='ocrx_word' id='word_1_249' title='bbox 1197 3649 1201 3658; x_wconf 81' lang='grc'><em>·</em></span> 
     </span>
     <span class='ocr_line' id='line_1_33' title="bbox 71 3731 1165 3808; baseline -0.006 -16"><span class='ocrx_word' id='word_1_250' title='bbox 71 3736 195 3792; x_wconf 70' lang='lat' dir='ltr'>fortunat</span> <span class='ocrx_word' id='word_1_251' title='bbox 230 3745 336 3794; x_wconf 72' lang='lat' dir='ltr'>nostre</span> <span class='ocrx_word' id='word_1_252' title='bbox 365 3743 472 3790; x_wconf 87' lang='lat' dir='ltr'>statum</span> <span class='ocrx_word' id='word_1_253' title='bbox 502 3733 591 3790; x_wconf 91' lang='lat' dir='ltr'>locuti</span> <span class='ocrx_word' id='word_1_254' title='bbox 621 3734 698 3793; x_wconf 89' lang='lat' dir='ltr'>estis.</span> <span class='ocrx_word' id='word_1_255' title='bbox 756 3735 834 3808; x_wconf 80' lang='lat' dir='ltr'>Quid</span> <span class='ocrx_word' id='word_1_256' title='bbox 870 3734 944 3790; x_wconf 89' lang='lat' dir='ltr'>enim</span> <span class='ocrx_word' id='word_1_257' title='bbox 979 3731 1063 3787; x_wconf 90' lang='lat' dir='ltr'>nobis</span> <span class='ocrx_word' id='word_1_258' title='bbox 1097 3731 1165 3786; x_wconf 88' lang='lat' dir='ltr'>ad5</span> 
     </span>
     <span class='ocr_line' id='line_1_34' title="bbox 72 3837 1135 3912; baseline -0.005 -15"><span class='ocrx_word' id='word_1_259' title='bbox 72 3839 190 3897; x_wconf 86' lang='lat' dir='ltr'>Cannas</span> <span class='ocrx_word' id='word_1_260' title='bbox 211 3841 339 3898; x_wconf 88' lang='lat' dir='ltr'>relictum</span> <span class='ocrx_word' id='word_1_261' title='bbox 356 3846 408 3907; x_wconf 78' lang='lat' dir='ltr'>est,</span> <span class='ocrx_word' id='word_1_262' title='bbox 430 3847 470 3908; x_wconf 88' lang='lat' dir='ltr'>ut,</span> <span class='ocrx_word' id='word_1_263' title='bbox 493 3838 543 3911; x_wconf 88' lang='lat' dir='ltr'>qui</span> <span class='ocrx_word' id='word_1_264' title='bbox 564 3838 673 3912; x_wconf 91' lang='lat' dir='ltr'>aliquid</span> <span class='ocrx_word' id='word_1_265' title='bbox 691 3839 861 3906; x_wconf 91' lang='lat' dir='ltr'>habeamus,</span> <span class='ocrx_word' id='word_1_266' title='bbox 884 3837 922 3906; x_wconf 94' lang='lat' dir='ltr'>id,</span> <span class='ocrx_word' id='word_1_267' title='bbox 945 3837 1024 3910; x_wconf 92' lang='lat' dir='ltr'>quod</span> <span class='ocrx_word' id='word_1_268' title='bbox 1046 3837 1135 3904; x_wconf 88' lang='lat' dir='ltr'>deest,</span> 
     </span>
    </p>
   </div>
   <div class='ocr_carea' id='block_1_6' title="bbox 72 3941 1135 4022">
    <p class='ocr_par' dir='ltr' id='par_1_18' title="bbox 72 3941 1135 4022">
     <span class='ocr_line' id='line_1_35' title="bbox 72 3941 1135 4022; baseline -0.006 -21"><span class='ocrx_word' id='word_1_269' title='bbox 72 3947 181 4020; x_wconf 88' lang='lat' dir='ltr'>expleri</span> <span class='ocrx_word' id='word_1_270' title='bbox 199 3946 242 4004; x_wconf 76' lang='lat' dir='ltr'>&#39;ab</span> <span class='ocrx_word' id='word_1_271' title='bbox 270 3944 356 4002; x_wconf 88' lang='lat' dir='ltr'>sociis</span> <span class='ocrx_word' id='word_1_272' title='bbox 382 3941 524 4022; x_wconf 70' lang='lat' dir='ltr'>pelimus?</span> <span class='ocrx_word' id='word_1_273' title='bbox 546 3943 663 4001; x_wconf 89' lang='lat' dir='ltr'>Pedites</span> <span class='ocrx_word' id='word_1_274' title='bbox 685 3943 769 4000; x_wconf 86' lang='lat' dir='ltr'>vobis</span> <span class='ocrx_word' id='word_1_275' title='bbox 792 3944 974 4017; x_wconf 90' lang='lat' dir='ltr'>imperemus,</span> <span class='ocrx_word' id='word_1_276' title='bbox 997 3949 1135 4014; x_wconf 86' lang='lat' dir='ltr'>tanquam</span> 
     </span>
    </p>
   </div>
   <div class='ocr_carea' id='block_1_7' title="bbox 0 0 1368 4426">
    <p class='ocr_par' dir='ltr' id='par_1_19' title="bbox 0 0 1368 4426">
     <span class='ocr_line' id='line_1_36' title="bbox 0 0 1368 4426; baseline 0 0"><span class='ocrx_word' id='word_1_277' title='bbox 0 0 1368 4426; x_wconf 95' lang='lat' dir='ltr'> </span> 
     </span>
    </p>
   </div>
  </div>
 </body>
</html>
