<?xml version="1.0" encoding="UTF-8"?>
<!DOCTYPE html PUBLIC "-//W3C//DTD XHTML 1.0 Transitional//EN"
    "http://www.w3.org/TR/xhtml1/DTD/xhtml1-transitional.dtd">
<html xmlns="http://www.w3.org/1999/xhtml" xml:lang="en" lang="en">
 <head>
  <title>
</title>
<meta http-equiv="Content-Type" content="text/html;charset=utf-8" />
  <meta name='ocr-system' content='tesseract 3.04.00' />
  <meta name='ocr-capabilities' content='ocr_page ocr_carea ocr_par ocr_line ocrx_word'/>
</head>
<body>
  <div class='ocr_page' id='page_1' title='image "./titiliviihistor01ussigoog/titiliviihistor01ussigoog_0277.png"; bbox 0 0 2674 4542; ppageno 0'>
   <div class='ocr_carea' id='block_1_1' title="bbox 296 227 995 294">
    <p class='ocr_par' dir='ltr' id='par_1_1' title="bbox 296 227 995 294">
     <span class='ocr_line' id='line_1_1' title="bbox 296 227 995 294; baseline -0.02 -4"><span class='ocrx_word' id='word_1_1' title='bbox 296 233 356 290; x_wconf 84' lang='lat'><strong>236</strong></span> <span class='ocrx_word' id='word_1_2' title='bbox 565 229 644 280; x_wconf 87' lang='lat' dir='ltr'><strong>Liber</strong></span> <span class='ocrx_word' id='word_1_3' title='bbox 661 227 747 278; x_wconf 83' lang='lat' dir='ltr'>XXV.</span> <span class='ocrx_word' id='word_1_4' title='bbox 784 229 830 294; x_wconf 87' lang='lat' dir='ltr'><strong>(A.</strong></span> <span class='ocrx_word' id='word_1_5' title='bbox 842 244 867 279; x_wconf 87' lang='lat' dir='ltr'><strong>u.</strong></span> <span class='ocrx_word' id='word_1_6' title='bbox 883 243 906 284; x_wconf 87' lang='lat' dir='ltr'><strong>c.</strong></span> <span class='ocrx_word' id='word_1_7' title='bbox 920 229 995 292; x_wconf 79' lang='lat' dir='ltr'><strong>sta.)</strong></span> 
     </span>
    </p>
   </div>
   <div class='ocr_carea' id='block_1_2' title="bbox 191 409 1323 4040">
    <p class='ocr_par' dir='ltr' id='par_1_2' title="bbox 191 409 1323 4040">
     <span class='ocr_line' id='line_1_2' title="bbox 253 409 1302 483; baseline -0.006 -13"><span class='ocrx_word' id='word_1_8' title='bbox 253 423 371 470; x_wconf 85' lang='lat' dir='ltr'><strong>senatus</strong></span> <span class='ocrx_word' id='word_1_9' title='bbox 404 413 535 478; x_wconf 85' lang='lat' dir='ltr'><strong>consulto</strong></span> <span class='ocrx_word' id='word_1_10' title='bbox 566 412 667 470; x_wconf 89' lang='lat' dir='ltr'><strong>talium</strong></span> <span class='ocrx_word' id='word_1_11' title='bbox 696 411 835 469; x_wconf 89' lang='lat' dir='ltr'><strong>librorum</strong></span> <span class='ocrx_word' id='word_1_12' title='bbox 865 412 960 481; x_wconf 80' lang='lat' dir='ltr'><strong>fieret,</strong></span> <span class='ocrx_word' id='word_1_13' title='bbox 989 411 1020 467; x_wconf 92' lang='lat' dir='ltr'><strong>in</strong></span> <span class='ocrx_word' id='word_1_14' title='bbox 1044 411 1087 470; x_wconf 88' lang='lat' dir='ltr'><strong>M.</strong></span> <span class='ocrx_word' id='word_1_15' title='bbox 1112 409 1230 469; x_wconf 84' lang='lat' dir='ltr'><strong>AEmilii</strong></span> <span class='ocrx_word' id='word_1_16' title='bbox 1247 425 1302 483; x_wconf 64' lang='lat' dir='ltr'><strong>praa</strong></span> 
     </span>
     <span class='ocr_line' id='line_1_3' title="bbox 253 513 1303 591; baseline -0.004 -17"><span class='ocrx_word' id='word_1_17' title='bbox 253 518 324 574; x_wconf 90' lang='lat' dir='ltr'><strong>toris</strong></span> <span class='ocrx_word' id='word_1_18' title='bbox 346 518 459 588; x_wconf 78' lang='lat' dir='ltr'><strong>urbani,</strong></span> <span class='ocrx_word' id='word_1_19' title='bbox 482 517 532 591; x_wconf 90' lang='lat' dir='ltr'><strong>qni</strong></span> <span class='ocrx_word' id='word_1_20' title='bbox 553 535 617 574; x_wconf 84' lang='lat' dir='ltr'><strong>eam</strong></span> <span class='ocrx_word' id='word_1_21' title='bbox 639 536 701 574; x_wconf 89' lang='lat' dir='ltr'><strong>rem</strong></span> <span class='ocrx_word' id='word_1_22' title='bbox 726 518 847 591; x_wconf 81' lang='lat' dir='ltr'><strong>agebat,</strong></span> <span class='ocrx_word' id='word_1_23' title='bbox 872 533 974 572; x_wconf 84' lang='lat' dir='ltr'>manus</span> <span class='ocrx_word' id='word_1_24' title='bbox 996 527 1159 585; x_wconf 82' lang='lat' dir='ltr'><strong>venerent3</strong></span> <span class='ocrx_word' id='word_1_25' title='bbox 1187 515 1211 572; x_wconf 89' lang='lat' dir='ltr'><strong>is</strong></span> <span class='ocrx_word' id='word_1_26' title='bbox 1232 513 1303 588; x_wconf 87' lang='lat' dir='ltr'><strong>proti·</strong></span> 
     </span>
     <span class='ocr_line' id='line_1_4' title="bbox 222 619 1305 698; baseline -0.007 -16"><span class='ocrx_word' id='word_1_27' title='bbox 222 630 307 682; x_wconf 74' lang='lat' dir='ltr'>Anus</span> <span class='ocrx_word' id='word_1_28' title='bbox 328 641 405 678; x_wconf 90' lang='lat' dir='ltr'><strong>novo</strong></span> <span class='ocrx_word' id='word_1_29' title='bbox 427 621 545 698; x_wconf 85' lang='lat' dir='ltr'><strong>praetori</strong></span> <span class='ocrx_word' id='word_1_30' title='bbox 567 621 654 680; x_wconf 83' lang='lat' dir='ltr'><strong>Sullae</strong></span> <span class='ocrx_word' id='word_1_31' title='bbox 677 621 845 678; x_wconf 74' lang='lat' dir='ltr'><strong>tradiderat.</strong></span> <span class='ocrx_word' id='word_1_32' title='bbox 890 621 936 678; x_wconf 88' lang='lat' dir='ltr'><strong>Ex</strong></span> <span class='ocrx_word' id='word_1_33' title='bbox 964 621 1050 678; x_wconf 91' lang='lat' dir='ltr'><strong>huius</strong></span> <span class='ocrx_word' id='word_1_34' title='bbox 1072 619 1186 678; x_wconf 86' lang='lat' dir='ltr'><strong>Marcii</strong></span> <span class='ocrx_word' id='word_1_35' title='bbox 1214 619 1305 674; x_wconf 79' lang='lat' dir='ltr'><strong>dnobtn</strong></span> 
     </span>
     <span class='ocr_line' id='line_1_5' title="bbox 253 725 1305 800; baseline -0.008 -16"><span class='ocrx_word' id='word_1_36' title='bbox 253 727 429 784; x_wconf 77' lang='lat' dir='ltr'>carminibus</span> <span class='ocrx_word' id='word_1_37' title='bbox 453 727 571 783; x_wconf 87' lang='lat' dir='ltr'><strong>alterius</strong></span> <span class='ocrx_word' id='word_1_38' title='bbox 598 735 665 800; x_wconf 90' lang='lat' dir='ltr'><strong>post</strong></span> <span class='ocrx_word' id='word_1_39' title='bbox 686 745 747 783; x_wconf 90' lang='lat' dir='ltr'><strong>rem</strong></span> <span class='ocrx_word' id='word_1_40' title='bbox 770 726 879 784; x_wconf 84' lang='lat' dir='ltr'><strong>factem</strong></span> <span class='ocrx_word' id='word_1_41' title='bbox 908 725 977 782; x_wconf 86' lang='lat' dir='ltr'><strong>editi</strong></span> <span class='ocrx_word' id='word_1_42' title='bbox 1003 727 1207 800; x_wconf 84' lang='lat' dir='ltr'><strong>comprobata</strong></span> <span class='ocrx_word' id='word_1_43' title='bbox 1228 731 1305 778; x_wconf 82' lang='lat' dir='ltr'><strong>sucto-</strong></span> 
     </span>
     <span class='ocr_line' id='line_1_6' title="bbox 252 823 1323 906; baseline -0.002 -16"><span class='ocrx_word' id='word_1_44' title='bbox 252 833 323 890; x_wconf 80' lang='lat' dir='ltr'>ritas</span> <span class='ocrx_word' id='word_1_45' title='bbox 343 841 446 888; x_wconf 89' lang='lat' dir='ltr'><strong>eventu</strong></span> <span class='ocrx_word' id='word_1_46' title='bbox 469 831 552 888; x_wconf 87' lang='lat' dir='ltr'><strong>alteri</strong></span> <span class='ocrx_word' id='word_1_47' title='bbox 574 849 704 906; x_wconf 76' lang='lat' dir='ltr'><strong>quoque,</strong></span> <span class='ocrx_word' id='word_1_48' title='bbox 727 830 808 887; x_wconf 89' lang='lat' dir='ltr'><strong>cuius</strong></span> <span class='ocrx_word' id='word_1_49' title='bbox 828 831 957 887; x_wconf 90' lang='lat' dir='ltr'><strong>nondum</strong></span> <span class='ocrx_word' id='word_1_50' title='bbox 979 829 1096 906; x_wconf 80' lang='lat' dir='ltr'><strong>¹tempus</strong></span> <span class='ocrx_word' id='word_1_51' title='bbox 1120 837 1251 895; x_wconf 71' lang='lat' dir='ltr'><strong>venerat,</strong></span> <span class='ocrx_word' id='word_1_52' title='bbox 1274 823 1323 888; x_wconf 62' lang='lat' dir='ltr'><strong>tir</strong></span> 
     </span>
     <span class='ocr_line' id='line_1_7' title="bbox 222 911 1305 1011; baseline -0.008 -16"><span class='ocrx_word' id='word_1_53' title='bbox 222 935 366 995; x_wconf 75' lang='lat' dir='ltr'><strong>dferebat</strong></span> <span class='ocrx_word' id='word_1_54' title='bbox 393 936 489 994; x_wconf 87' lang='lat' dir='ltr'><strong>fidem.</strong></span> <span class='ocrx_word' id='word_1_55' title='bbox 540 937 643 994; x_wconf 87' lang='lat' dir='ltr'><strong>Priore</strong></span> <span class='ocrx_word' id='word_1_56' title='bbox 665 935 793 992; x_wconf 77' lang='lat' dir='ltr'><strong>carmine</strong></span> <span class='ocrx_word' id='word_1_57' title='bbox 819 934 979 994; x_wconf 75' lang='lat' dir='ltr'>Cannensis</span> <span class='ocrx_word' id='word_1_58' title='bbox 1007 911 1156 1011; x_wconf 74' lang='lat' dir='ltr'><strong>praedicta</strong></span> <span class='ocrx_word' id='word_1_59' title='bbox 1179 929 1305 989; x_wconf 86' lang='lat' dir='ltr'><strong>cledesin</strong></span> 
     </span>
     <span class='ocr_line' id='line_1_8' title="bbox 250 1035 1305 1115; baseline -0.008 -16"><span class='ocrx_word' id='word_1_60' title='bbox 250 1043 312 1099; x_wconf 80' lang='lat' dir='ltr'><strong>haec</strong></span> <span class='ocrx_word' id='word_1_61' title='bbox 344 1040 406 1098; x_wconf 80' lang='lat' dir='ltr'><strong>fere</strong></span> <span class='ocrx_word' id='word_1_62' title='bbox 437 1043 626 1098; x_wconf 70' lang='lat' dir='ltr'><strong>verbumst:</strong></span> <span class='ocrx_word' id='word_1_63' title='bbox 663 1043 818 1112; x_wconf 85' lang='lat' dir='ltr'><strong>„Amnem‚</strong></span> <span class='ocrx_word' id='word_1_64' title='bbox 845 1041 1015 1113; x_wconf 77' lang='lat' dir='ltr'><strong>Troiugena</strong></span> <span class='ocrx_word' id='word_1_65' title='bbox 1047 1035 1230 1115; x_wconf 80' lang='lat' dir='ltr'><strong>[Romane],</strong></span> <span class='ocrx_word' id='word_1_66' title='bbox 1255 1035 1305 1109; x_wconf 79' lang='lat' dir='ltr'><strong>fuge</strong></span> 
     </span>
     <span class='ocr_line' id='line_1_9' title="bbox 252 1144 1306 1221; baseline -0.009 -16"><span class='ocrx_word' id='word_1_67' title='bbox 252 1146 393 1214; x_wconf 80' lang='lat' dir='ltr'>Cannam,</span> <span class='ocrx_word' id='word_1_68' title='bbox 417 1165 454 1202; x_wconf 91' lang='lat' dir='ltr'><strong>ne</strong></span> <span class='ocrx_word' id='word_1_69' title='bbox 475 1154 504 1202; x_wconf 84' lang='lat' dir='ltr'><strong>te</strong></span> <span class='ocrx_word' id='word_1_70' title='bbox 526 1146 693 1220; x_wconf 73' lang='lat' dir='ltr'><strong>alienigenae</strong></span> <span class='ocrx_word' id='word_1_71' title='bbox 720 1155 827 1221; x_wconf 86' lang='lat' dir='ltr'><strong>cogant</strong></span> <span class='ocrx_word' id='word_1_72' title='bbox 853 1147 883 1202; x_wconf 90' lang='lat' dir='ltr'><strong>in</strong></span> <span class='ocrx_word' id='word_1_73' title='bbox 905 1163 1010 1220; x_wconf 84' lang='lat' dir='ltr'><strong>eampo</strong></span> <span class='ocrx_word' id='word_1_74' title='bbox 1032 1144 1197 1200; x_wconf 89' lang='lat' dir='ltr'><strong>Diomedis</strong></span> <span class='ocrx_word' id='word_1_75' title='bbox 1227 1157 1306 1199; x_wconf 86' lang='lat' dir='ltr'><strong>conse-</strong></span> 
     </span>
     <span class='ocr_line' id='line_1_10' title="bbox 221 1245 1306 1324; baseline -0.001 -21"><span class='ocrx_word' id='word_1_76' title='bbox 221 1248 315 1306; x_wconf 82' lang='lat' dir='ltr'><strong>6rere</strong></span> <span class='ocrx_word' id='word_1_77' title='bbox 349 1266 460 1304; x_wconf 91' lang='lat' dir='ltr'>manus.</span> <span class='ocrx_word' id='word_1_78' title='bbox 518 1250 575 1308; x_wconf 85' lang='lat' dir='ltr'><strong>Sed</strong></span> <span class='ocrx_word' id='word_1_79' title='bbox 608 1269 702 1324; x_wconf 91' lang='lat' dir='ltr'><strong>neque</strong></span> <span class='ocrx_word' id='word_1_80' title='bbox 734 1251 833 1308; x_wconf 90' lang='lat' dir='ltr'><strong>credes</strong></span> <span class='ocrx_word' id='word_1_81' title='bbox 862 1261 893 1308; x_wconf 88' lang='lat' dir='ltr'><strong>tn</strong></span> <span class='ocrx_word' id='word_1_82' title='bbox 921 1249 1006 1319; x_wconf 82' lang='lat' dir='ltr'><strong>mihi,</strong></span> <span class='ocrx_word' id='word_1_83' title='bbox 1038 1249 1137 1304; x_wconf 90' lang='lat' dir='ltr'><strong>donec</strong></span> <span class='ocrx_word' id='word_1_84' title='bbox 1173 1245 1306 1321; x_wconf 82' lang='lat' dir='ltr'><strong>completis</strong></span> 
     </span>
     <span class='ocr_line' id='line_1_11' title="bbox 251 1330 1305 1430; baseline -0.008 -18"><span class='ocrx_word' id='word_1_85' title='bbox 251 1355 392 1429; x_wconf 86' lang='lat' dir='ltr'><strong>sanguine</strong></span> <span class='ocrx_word' id='word_1_86' title='bbox 419 1371 569 1430; x_wconf 76' lang='lat' dir='ltr'><strong>campum,</strong></span> <span class='ocrx_word' id='word_1_87' title='bbox 600 1355 748 1429; x_wconf 87' lang='lat' dir='ltr'><strong>multaque</strong></span> <span class='ocrx_word' id='word_1_88' title='bbox 777 1357 866 1412; x_wconf 87' lang='lat' dir='ltr'><strong>millia</strong></span> <span class='ocrx_word' id='word_1_89' title='bbox 893 1354 989 1412; x_wconf 87' lang='lat' dir='ltr'><strong>occisa</strong></span> <span class='ocrx_word' id='word_1_90' title='bbox 1013 1330 1065 1409; x_wconf 87' lang='lat' dir='ltr'><strong>tua</strong></span> <span class='ocrx_word' id='word_1_91' title='bbox 1093 1351 1214 1409; x_wconf 86' lang='lat' dir='ltr'><strong>deferet</strong></span> <span class='ocrx_word' id='word_1_92' title='bbox 1235 1349 1305 1406; x_wconf 86' lang='lat' dir='ltr'><strong>amnit</strong></span> 
     </span>
     <span class='ocr_line' id='line_1_12' title="bbox 250 1456 1305 1535; baseline -0.005 -19"><span class='ocrx_word' id='word_1_93' title='bbox 250 1461 281 1516; x_wconf 93' lang='lat' dir='ltr'><strong>in</strong></span> <span class='ocrx_word' id='word_1_94' title='bbox 302 1469 422 1534; x_wconf 92' lang='lat' dir='ltr'><strong>pontum</strong></span> <span class='ocrx_word' id='word_1_95' title='bbox 446 1478 582 1533; x_wconf 86' lang='lat' dir='ltr'>magnum</span> <span class='ocrx_word' id='word_1_96' title='bbox 606 1479 642 1516; x_wconf 90' lang='lat' dir='ltr'><strong>ex</strong></span> <span class='ocrx_word' id='word_1_97' title='bbox 665 1469 743 1516; x_wconf 86' lang='lat' dir='ltr'><strong>terre</strong></span> <span class='ocrx_word' id='word_1_98' title='bbox 770 1459 926 1535; x_wconf 80' lang='lat' dir='ltr'><strong>frugifere3</strong></span> <span class='ocrx_word' id='word_1_99' title='bbox 953 1457 1082 1532; x_wconf 82' lang='lat' dir='ltr'><strong>piscibus</strong></span> <span class='ocrx_word' id='word_1_100' title='bbox 1106 1466 1204 1531; x_wconf 87' lang='lat' dir='ltr'><strong>atque</strong></span> <span class='ocrx_word' id='word_1_101' title='bbox 1224 1456 1305 1512; x_wconf 80' lang='lat' dir='ltr'><strong>avibus</strong></span> 
     </span>
     <span class='ocr_line' id='line_1_13' title="bbox 251 1543 1306 1637; baseline -0.005 -17"><span class='ocrx_word' id='word_1_102' title='bbox 251 1543 394 1637; x_wconf 79' lang='lat' dir='ltr'><strong>ferisque,</strong></span> <span class='ocrx_word' id='word_1_103' title='bbox 426 1582 490 1637; x_wconf 82' lang='lat' dir='ltr'>qnae</span> <span class='ocrx_word' id='word_1_104' title='bbox 522 1564 652 1621; x_wconf 88' lang='lat' dir='ltr'><strong>incolunt</strong></span> <span class='ocrx_word' id='word_1_105' title='bbox 680 1573 789 1632; x_wconf 83' lang='lat' dir='ltr'><strong>terras,</strong></span> <span class='ocrx_word' id='word_1_106' title='bbox 820 1565 855 1620; x_wconf 93' lang='lat' dir='ltr'><strong>iis</strong></span> <span class='ocrx_word' id='word_1_107' title='bbox 877 1563 941 1621; x_wconf 82' lang='lat' dir='ltr'><strong>fuat</strong></span> <span class='ocrx_word' id='word_1_108' title='bbox 972 1579 1039 1618; x_wconf 89' lang='lat' dir='ltr'><strong>esca</strong></span> <span class='ocrx_word' id='word_1_109' title='bbox 1064 1579 1138 1618; x_wconf 84' lang='lat' dir='ltr'><strong>caro</strong></span> <span class='ocrx_word' id='word_1_110' title='bbox 1162 1573 1229 1630; x_wconf 79' lang='lat' dir='ltr'><strong>tua3</strong></span> <span class='ocrx_word' id='word_1_111' title='bbox 1255 1577 1306 1616; x_wconf 87' lang='lat' dir='ltr'><strong>nau</strong></span> 
     </span>
     <span class='ocr_line' id='line_1_14' title="bbox 222 1666 1305 1743; baseline -0.005 -20"><span class='ocrx_word' id='word_1_112' title='bbox 222 1669 322 1726; x_wconf 82' lang='lat' dir='ltr'><strong>&#39;lmihi</strong></span> <span class='ocrx_word' id='word_1_113' title='bbox 343 1669 385 1724; x_wconf 89' lang='lat' dir='ltr'><strong>ita</strong></span> <span class='ocrx_word' id='word_1_114' title='bbox 406 1668 538 1743; x_wconf 89' lang='lat' dir='ltr'><strong>Iuppiter</strong></span> <span class='ocrx_word' id='word_1_115' title='bbox 559 1668 636 1725; x_wconf 82' lang='lat' dir='ltr'><strong>fatus</strong></span> <span class='ocrx_word' id='word_1_116' title='bbox 659 1673 731 1726; x_wconf 83' lang='lat' dir='ltr'><strong>est.“</strong></span> <span class='ocrx_word' id='word_1_117' title='bbox 782 1669 822 1726; x_wconf 87' lang='lat' dir='ltr'><strong>Et</strong></span> <span class='ocrx_word' id='word_1_118' title='bbox 843 1666 995 1724; x_wconf 89' lang='lat' dir='ltr'><strong>Diomedis</strong></span> <span class='ocrx_word' id='word_1_119' title='bbox 1018 1666 1128 1740; x_wconf 83' lang='lat' dir='ltr'><strong>Argivi</strong></span> <span class='ocrx_word' id='word_1_120' title='bbox 1150 1673 1305 1740; x_wconf 84' lang='lat' dir='ltr'><strong>camposet</strong></span> 
     </span>
     <span class='ocr_line' id='line_1_15' title="bbox 252 1771 1305 1848; baseline -0.007 -18"><span class='ocrx_word' id='word_1_121' title='bbox 252 1772 383 1831; x_wconf 85' lang='lat' dir='ltr'>Cannam</span> <span class='ocrx_word' id='word_1_122' title='bbox 406 1775 511 1830; x_wconf 90' lang='lat' dir='ltr'><strong>flumen</strong></span> <span class='ocrx_word' id='word_1_123' title='bbox 534 1774 570 1843; x_wconf 79' lang='lat' dir='ltr'><strong>ii,</strong></span> <span class='ocrx_word' id='word_1_124' title='bbox 602 1775 651 1848; x_wconf 90' lang='lat' dir='ltr'><strong>qui</strong></span> <span class='ocrx_word' id='word_1_125' title='bbox 682 1772 876 1829; x_wconf 85' lang='lat' dir='ltr'><strong>militaverant</strong></span> <span class='ocrx_word' id='word_1_126' title='bbox 904 1774 934 1830; x_wconf 93' lang='lat' dir='ltr'><strong>in</strong></span> <span class='ocrx_word' id='word_1_127' title='bbox 955 1773 991 1828; x_wconf 91' lang='lat' dir='ltr'><strong>iis</strong></span> <span class='ocrx_word' id='word_1_128' title='bbox 1013 1772 1102 1840; x_wconf 70' lang='lat' dir='ltr'><strong>locis,</strong></span> <span class='ocrx_word' id='word_1_129' title='bbox 1126 1771 1218 1827; x_wconf 81' lang='lat' dir='ltr'><strong>iuxta</strong></span> <span class='ocrx_word' id='word_1_130' title='bbox 1238 1780 1305 1842; x_wconf 79' lang='lat' dir='ltr'><strong>atque</strong></span> 
     </span>
     <span class='ocr_line' id='line_1_16' title="bbox 222 1877 1303 1955; baseline -0.004 -21"><span class='ocrx_word' id='word_1_131' title='bbox 222 1877 345 1955; x_wconf 76' lang='lat' dir='ltr'><strong>dipsam</strong></span> <span class='ocrx_word' id='word_1_132' title='bbox 365 1878 476 1935; x_wconf 84' lang='lat' dir='ltr'><strong>cladem</strong></span> <span class='ocrx_word' id='word_1_133' title='bbox 498 1881 705 1954; x_wconf 83' lang='lat' dir='ltr'>agnoscebant.</span> <span class='ocrx_word' id='word_1_134' title='bbox 752 1879 829 1934; x_wconf 90' lang='lat' dir='ltr'><strong>Tum</strong></span> <span class='ocrx_word' id='word_1_135' title='bbox 858 1879 979 1934; x_wconf 85' lang='lat' dir='ltr'><strong>alterum</strong></span> <span class='ocrx_word' id='word_1_136' title='bbox 1007 1895 1130 1934; x_wconf 82' lang='lat' dir='ltr'><strong>carmen</strong></span> <span class='ocrx_word' id='word_1_137' title='bbox 1160 1877 1303 1934; x_wconf 83' lang='lat' dir='ltr'><strong>recitatum</strong></span> 
     </span>
     <span class='ocr_line' id='line_1_17' title="bbox 251 1967 1302 2057; baseline -0.005 -17"><span class='ocrx_word' id='word_1_138' title='bbox 251 2003 310 2040; x_wconf 92' lang='lat' dir='ltr'>non</span> <span class='ocrx_word' id='word_1_139' title='bbox 330 2003 364 2040; x_wconf 89' lang='lat' dir='ltr'><strong>eo</strong></span> <span class='ocrx_word' id='word_1_140' title='bbox 387 1971 673 2051; x_wconf 37' lang='lat' dir='ltr'><strong>tantumssobscuriua</strong></span> <span class='ocrx_word' id='word_1_141' title='bbox 696 1983 764 2057; x_wconf 89' lang='lat' dir='ltr'>qnia</span> <span class='ocrx_word' id='word_1_142' title='bbox 777 1983 933 2039; x_wconf 83' lang='lat' dir='ltr'><strong>incertiora</strong></span> <span class='ocrx_word' id='word_1_143' title='bbox 947 1967 1046 2038; x_wconf 78' lang='lat' dir='ltr'><strong>futura</strong></span> <span class='ocrx_word' id='word_1_144' title='bbox 1067 1983 1228 2055; x_wconf 68' lang='lat' dir='ltr'><strong>praeteritis</strong></span> <span class='ocrx_word' id='word_1_145' title='bbox 1248 1988 1302 2042; x_wconf 83' lang='lat' dir='ltr'><strong>sunt</strong></span> 
     </span>
     <span class='ocr_line' id='line_1_18' title="bbox 221 2081 1303 2164; baseline -0.005 -21"><span class='ocrx_word' id='word_1_146' title='bbox 221 2088 302 2146; x_wconf 85' lang='lat' dir='ltr'><strong>9sed</strong></span> <span class='ocrx_word' id='word_1_147' title='bbox 324 2089 490 2164; x_wconf 87' lang='lat' dir='ltr'><strong>perplexius</strong></span> <span class='ocrx_word' id='word_1_148' title='bbox 513 2089 599 2144; x_wconf 89' lang='lat' dir='ltr'><strong>etiam</strong></span> <span class='ocrx_word' id='word_1_149' title='bbox 619 2087 771 2162; x_wconf 81' lang='lat' dir='ltr'><strong>scripturoe</strong></span> <span class='ocrx_word' id='word_1_150' title='bbox 797 2106 911 2161; x_wconf 85' lang='lat' dir='ltr'><strong>genere.</strong></span> <span class='ocrx_word' id='word_1_151' title='bbox 964 2087 1109 2156; x_wconf 78' lang='lat' dir='ltr'><strong>‚‚Host.es‚</strong></span> <span class='ocrx_word' id='word_1_152' title='bbox 1134 2081 1303 2152; x_wconf 70' lang='lat' dir='ltr'><strong>Romanisi</strong></span> 
     </span>
     <span class='ocr_line' id='line_1_19' title="bbox 251 2187 1301 2267; baseline -0.006 -18"><span class='ocrx_word' id='word_1_153' title='bbox 251 2193 395 2267; x_wconf 83' lang='lat' dir='ltr'><strong>expellere</strong></span> <span class='ocrx_word' id='word_1_154' title='bbox 416 2194 502 2250; x_wconf 88' lang='lat' dir='ltr'><strong>vultis</strong></span> <span class='ocrx_word' id='word_1_155' title='bbox 525 2192 730 2265; x_wconf 75' lang='lat' dir='ltr'><strong>neminemque,</strong></span> <span class='ocrx_word' id='word_1_156' title='bbox 753 2209 817 2264; x_wconf 79' lang='lat' dir='ltr'><strong>quaa</strong></span> <span class='ocrx_word' id='word_1_157' title='bbox 839 2193 966 2266; x_wconf 85' lang='lat' dir='ltr'><strong>gentium</strong></span> <span class='ocrx_word' id='word_1_158' title='bbox 988 2192 1068 2248; x_wconf 86' lang='lat' dir='ltr'><strong>veuit</strong></span> <span class='ocrx_word' id='word_1_159' title='bbox 1090 2192 1198 2266; x_wconf 85' lang='lat' dir='ltr'><strong>longe,</strong></span> <span class='ocrx_word' id='word_1_160' title='bbox 1231 2187 1301 2263; x_wconf 88' lang='lat' dir='ltr'><strong>Apol·</strong></span> 
     </span>
     <span class='ocr_line' id='line_1_20' title="bbox 250 2287 1302 2370; baseline -0.004 -18"><span class='ocrx_word' id='word_1_161' title='bbox 250 2297 301 2353; x_wconf 92' lang='lat' dir='ltr'><strong>lini</strong></span> <span class='ocrx_word' id='word_1_162' title='bbox 328 2298 478 2354; x_wconf 86' lang='lat' dir='ltr'><strong>vovendos</strong></span> <span class='ocrx_word' id='word_1_163' title='bbox 505 2315 607 2354; x_wconf 83' lang='lat' dir='ltr'><strong>censeo</strong></span> <span class='ocrx_word' id='word_1_164' title='bbox 636 2297 736 2366; x_wconf 82' lang='lat' dir='ltr'><strong>ludos,</strong></span> <span class='ocrx_word' id='word_1_165' title='bbox 769 2297 819 2370; x_wconf 92' lang='lat' dir='ltr'><strong>qui</strong></span> <span class='ocrx_word' id='word_1_166' title='bbox 849 2297 1003 2370; x_wconf 87' lang='lat' dir='ltr'>quotannis</span> <span class='ocrx_word' id='word_1_167' title='bbox 1036 2297 1165 2354; x_wconf 87' lang='lat' dir='ltr'><strong>comiter</strong></span> <span class='ocrx_word' id='word_1_168' title='bbox 1192 2287 1302 2368; x_wconf 84' lang='lat' dir='ltr'><strong>Apollini</strong></span> 
     </span>
     <span class='ocr_line' id='line_1_21' title="bbox 250 2394 1302 2477; baseline -0.006 -21"><span class='ocrx_word' id='word_1_169' title='bbox 250 2401 334 2469; x_wconf 79' lang='lat' dir='ltr'>fiant3</span> <span class='ocrx_word' id='word_1_170' title='bbox 363 2419 451 2474; x_wconf 90' lang='lat' dir='ltr'><strong>quum</strong></span> <span class='ocrx_word' id='word_1_171' title='bbox 481 2399 605 2474; x_wconf 90' lang='lat' dir='ltr'><strong>populus</strong></span> <span class='ocrx_word' id='word_1_172' title='bbox 635 2400 745 2458; x_wconf 86' lang='lat' dir='ltr'><strong>dederit</strong></span> <span class='ocrx_word' id='word_1_173' title='bbox 772 2420 808 2458; x_wconf 88' lang='lat' dir='ltr'><strong>ex</strong></span> <span class='ocrx_word' id='word_1_174' title='bbox 836 2403 952 2477; x_wconf 90' lang='lat' dir='ltr'><strong>publico</strong></span> <span class='ocrx_word' id='word_1_175' title='bbox 979 2409 1111 2476; x_wconf 76' lang='lat' dir='ltr'><strong>partem,</strong></span> <span class='ocrx_word' id='word_1_176' title='bbox 1142 2399 1251 2476; x_wconf 86' lang='lat' dir='ltr'><strong>privati</strong></span> <span class='ocrx_word' id='word_1_177' title='bbox 1273 2394 1302 2451; x_wconf 88' lang='lat' dir='ltr'><strong>nti</strong></span> 
     </span>
     <span class='ocr_line' id='line_1_22' title="bbox 201 2501 1299 2580; baseline 0.002 -22"><span class='ocrx_word' id='word_1_178' title='bbox 201 2504 236 2558; x_wconf 88' lang='lat'><strong>10</strong></span> <span class='ocrx_word' id='word_1_179' title='bbox 250 2503 401 2560; x_wconf 84' lang='lat' dir='ltr'><strong>conferant</strong></span> <span class='ocrx_word' id='word_1_180' title='bbox 414 2523 468 2579; x_wconf 91' lang='lat' dir='ltr'><strong>pro</strong></span> <span class='ocrx_word' id='word_1_181' title='bbox 483 2513 515 2562; x_wconf 90' lang='lat' dir='ltr'><strong>&#39;se</strong></span> <span class='ocrx_word' id='word_1_182' title='bbox 530 2515 618 2578; x_wconf 85' lang='lat' dir='ltr'><strong>utque</strong></span> <span class='ocrx_word' id='word_1_183' title='bbox 632 2505 705 2574; x_wconf 78' lang='lat' dir='ltr'><strong>suis3</strong></span> <span class='ocrx_word' id='word_1_184' title='bbox 726 2506 762 2562; x_wconf 88' lang='lat' dir='ltr'><strong>iis</strong></span> <span class='ocrx_word' id='word_1_185' title='bbox 777 2505 851 2562; x_wconf 92' lang='lat' dir='ltr'><strong>ludis</strong></span> <span class='ocrx_word' id='word_1_186' title='bbox 866 2505 1007 2563; x_wconf 83' lang='lat' dir='ltr'><strong>faciendis</strong></span> <span class='ocrx_word' id='word_1_187' title='bbox 1020 2505 1140 2580; x_wconf 86' lang='lat' dir='ltr'><strong>praeerit</strong></span> <span class='ocrx_word' id='word_1_188' title='bbox 1157 2501 1299 2580; x_wconf 69' lang='lat' dir='ltr'><strong>pretoria</strong></span> 
     </span>
     <span class='ocr_line' id='line_1_23' title="bbox 250 2609 1298 2685; baseline -0.002 -19"><span class='ocrx_word' id='word_1_189' title='bbox 250 2611 299 2684; x_wconf 91' lang='lat' dir='ltr'><strong>qui</strong></span> <span class='ocrx_word' id='word_1_190' title='bbox 329 2610 374 2667; x_wconf 86' lang='lat' dir='ltr'><strong>ius</strong></span> <span class='ocrx_word' id='word_1_191' title='bbox 406 2611 513 2685; x_wconf 90' lang='lat' dir='ltr'><strong>populo</strong></span> <span class='ocrx_word' id='word_1_192' title='bbox 544 2609 697 2684; x_wconf 90' lang='lat' dir='ltr'><strong>plebeique</strong></span> <span class='ocrx_word' id='word_1_193' title='bbox 724 2610 805 2666; x_wconf 86' lang='lat' dir='ltr'><strong>dabit</strong></span> <span class='ocrx_word' id='word_1_194' title='bbox 832 2629 990 2680; x_wconf 77' lang='lat' dir='ltr'><strong>sumntum3</strong></span> <span class='ocrx_word' id='word_1_195' title='bbox 1018 2609 1181 2666; x_wconf 88' lang='lat' dir='ltr'><strong>decemviri</strong></span> <span class='ocrx_word' id='word_1_196' title='bbox 1215 2609 1298 2666; x_wconf 78' lang='lat' dir='ltr'><strong>Graeco</strong></span> 
     </span>
     <span class='ocr_line' id='line_1_24' title="bbox 247 2711 1301 2789; baseline -0.004 -19"><span class='ocrx_word' id='word_1_197' title='bbox 247 2714 305 2770; x_wconf 91' lang='lat' dir='ltr'><strong>ritu</strong></span> <span class='ocrx_word' id='word_1_198' title='bbox 337 2715 439 2772; x_wconf 86' lang='lat' dir='ltr'><strong>hostiis</strong></span> <span class='ocrx_word' id='word_1_199' title='bbox 467 2733 553 2771; x_wconf 86' lang='lat' dir='ltr'>sacra</span> <span class='ocrx_word' id='word_1_200' title='bbox 583 2714 701 2771; x_wconf 84' lang='lat' dir='ltr'><strong>faciant.</strong></span> <span class='ocrx_word' id='word_1_201' title='bbox 750 2715 830 2772; x_wconf 83' lang='lat' dir='ltr'><strong>Hoc¹</strong></span> <span class='ocrx_word' id='word_1_202' title='bbox 850 2716 874 2772; x_wconf 93' lang='lat' dir='ltr'><strong>si</strong></span> <span class='ocrx_word' id='word_1_203' title='bbox 896 2724 973 2772; x_wconf 86' lang='lat' dir='ltr'><strong>recte</strong></span> <span class='ocrx_word' id='word_1_204' title='bbox 994 2714 1119 2783; x_wconf 79' lang='lat' dir='ltr'><strong>iacietis,</strong></span> <span class='ocrx_word' id='word_1_205' title='bbox 1153 2711 1301 2789; x_wconf 77' lang='lat' dir='ltr'><strong>gaudebitis</strong></span> 
     </span>
     <span class='ocr_line' id='line_1_25' title="bbox 247 2819 1299 2894; baseline -0.006 -18"><span class='ocrx_word' id='word_1_206' title='bbox 247 2837 361 2894; x_wconf 90' lang='lat' dir='ltr'><strong>semper</strong></span> <span class='ocrx_word' id='word_1_207' title='bbox 392 2821 497 2893; x_wconf 89' lang='lat' dir='ltr'><strong>fietque</strong></span> <span class='ocrx_word' id='word_1_208' title='bbox 529 2838 574 2874; x_wconf 89' lang='lat' dir='ltr'><strong>res</strong></span> <span class='ocrx_word' id='word_1_209' title='bbox 605 2831 701 2876; x_wconf 86' lang='lat' dir='ltr'><strong>vestra</strong></span> <span class='ocrx_word' id='word_1_210' title='bbox 732 2820 847 2889; x_wconf 83' lang='lat' dir='ltr'><strong>melior3</strong></span> <span class='ocrx_word' id='word_1_211' title='bbox 879 2819 1004 2875; x_wconf 84' lang='lat' dir='ltr'><strong>nemis</strong></span> <span class='ocrx_word' id='word_1_212' title='bbox 1032 2819 1119 2875; x_wconf 86' lang='lat' dir='ltr'><strong>divus</strong></span> <span class='ocrx_word' id='word_1_213' title='bbox 1154 2820 1299 2891; x_wconf 80' lang='lat' dir='ltr'><strong>exstinguet</strong></span> 
     </span>
     <span class='ocr_line' id='line_1_26' title="bbox 197 2917 1323 2999; baseline -0.004 -19"><span class='ocrx_word' id='word_1_214' title='bbox 197 2925 231 2980; x_wconf 88' lang='lat'><strong>11</strong></span> <span class='ocrx_word' id='word_1_215' title='bbox 246 2925 407 2998; x_wconf 88' lang='lat' dir='ltr'><strong>perduelles</strong></span> <span class='ocrx_word' id='word_1_216' title='bbox 429 2933 550 2993; x_wconf 80' lang='lat' dir='ltr'><strong>vestros,</strong></span> <span class='ocrx_word' id='word_1_217' title='bbox 573 2924 622 2997; x_wconf 90' lang='lat' dir='ltr'><strong>qui</strong></span> <span class='ocrx_word' id='word_1_218' title='bbox 639 2933 750 2981; x_wconf 86' lang='lat' dir='ltr'><strong>vestros</strong></span> <span class='ocrx_word' id='word_1_219' title='bbox 772 2941 892 2998; x_wconf 90' lang='lat' dir='ltr'><strong>campos</strong></span> <span class='ocrx_word' id='word_1_220' title='bbox 913 2925 1007 2999; x_wconf 87' lang='lat' dir='ltr'><strong>pascit</strong></span> <span class='ocrx_word' id='word_1_221' title='bbox 1028 2925 1174 2998; x_wconf 84' lang='lat' dir='ltr'><strong>placide.“</strong></span> <span class='ocrx_word' id='word_1_222' title='bbox 1221 2923 1265 2981; x_wconf 87' lang='lat' dir='ltr'><strong>Ad</strong></span> <span class='ocrx_word' id='word_1_223' title='bbox 1279 2917 1323 2974; x_wconf 83' lang='lat' dir='ltr'><strong>id·</strong></span> 
     </span>
     <span class='ocr_line' id='line_1_27' title="bbox 246 3025 1298 3103; baseline -0.005 -18"><span class='ocrx_word' id='word_1_224' title='bbox 246 3047 363 3085; x_wconf 87' lang='lat' dir='ltr'><strong>carmen</strong></span> <span class='ocrx_word' id='word_1_225' title='bbox 396 3029 611 3102; x_wconf 82' lang='lat' dir='ltr'><strong>explanandum</strong></span> <span class='ocrx_word' id='word_1_226' title='bbox 649 3029 724 3086; x_wconf 89' lang='lat' dir='ltr'><strong>diem</strong></span> <span class='ocrx_word' id='word_1_227' title='bbox 760 3049 847 3086; x_wconf 92' lang='lat' dir='ltr'><strong>unum</strong></span> <span class='ocrx_word' id='word_1_228' title='bbox 882 3039 1080 3103; x_wconf 85' lang='lat' dir='ltr'><strong>sumpserunt3</strong></span> <span class='ocrx_word' id='word_1_229' title='bbox 1119 3041 1241 3103; x_wconf 85' lang='lat' dir='ltr'><strong>postero</strong></span> <span class='ocrx_word' id='word_1_230' title='bbox 1266 3025 1298 3080; x_wconf 85' lang='lat' dir='ltr'><strong>die</strong></span> 
     </span>
     <span class='ocr_line' id='line_1_28' title="bbox 246 3127 1298 3208; baseline -0.008 -18"><span class='ocrx_word' id='word_1_231' title='bbox 246 3144 363 3190; x_wconf 89' lang='lat' dir='ltr'><strong>senatus</strong></span> <span class='ocrx_word' id='word_1_232' title='bbox 385 3133 546 3190; x_wconf 90' lang='lat' dir='ltr'><strong>consultum</strong></span> <span class='ocrx_word' id='word_1_233' title='bbox 569 3132 677 3189; x_wconf 82' lang='lat' dir='ltr'><strong>factum</strong></span> <span class='ocrx_word' id='word_1_234' title='bbox 705 3143 762 3201; x_wconf 83' lang='lat' dir='ltr'><strong>est,</strong></span> <span class='ocrx_word' id='word_1_235' title='bbox 794 3145 827 3190; x_wconf 86' lang='lat' dir='ltr'><strong>ut</strong></span> <span class='ocrx_word' id='word_1_236' title='bbox 850 3133 1005 3190; x_wconf 85' lang='lat' dir='ltr'><strong>decemviri</strong></span> <span class='ocrx_word' id='word_1_237' title='bbox 1026 3132 1162 3189; x_wconf 88' lang='lat' dir='ltr'><strong>deludis</strong></span> <span class='ocrx_word' id='word_1_238' title='bbox 1186 3127 1298 3208; x_wconf 84' lang='lat' dir='ltr'><strong>Apollini</strong></span> 
     </span>
     <span class='ocr_line' id='line_1_29' title="bbox 198 3236 1297 3312; baseline -0.002 -20"><span class='ocrx_word' id='word_1_239' title='bbox 198 3237 335 3309; x_wconf 82' lang='lat' dir='ltr'><strong>l2reque</strong></span> <span class='ocrx_word' id='word_1_240' title='bbox 357 3236 456 3292; x_wconf 82' lang='lat' dir='ltr'><strong>divine</strong></span> <span class='ocrx_word' id='word_1_241' title='bbox 483 3237 617 3294; x_wconf 83' lang='lat' dir='ltr'><strong>faciende</strong></span> <span class='ocrx_word' id='word_1_242' title='bbox 638 3237 820 3312; x_wconf 76' lang='lat' dir='ltr'><strong>inspicerent,</strong></span> <span class='ocrx_word' id='word_1_243' title='bbox 869 3238 915 3294; x_wconf 86' lang='lat' dir='ltr'><strong>Ee</strong></span> <span class='ocrx_word' id='word_1_244' title='bbox 938 3256 1026 3312; x_wconf 90' lang='lat' dir='ltr'><strong>quum</strong></span> <span class='ocrx_word' id='word_1_245' title='bbox 1049 3238 1184 3312; x_wconf 85' lang='lat' dir='ltr'><strong>inspecta</strong></span> <span class='ocrx_word' id='word_1_246' title='bbox 1207 3239 1297 3294; x_wconf 86' lang='lat' dir='ltr'><strong>relata·</strong></span> 
     </span>
     <span class='ocr_line' id='line_1_30' title="bbox 244 3339 1297 3416; baseline -0.003 -21"><span class='ocrx_word' id='word_1_247' title='bbox 244 3358 301 3413; x_wconf 90' lang='lat' dir='ltr'><strong>que</strong></span> <span class='ocrx_word' id='word_1_248' title='bbox 331 3339 369 3395; x_wconf 86' lang='lat' dir='ltr'><strong>ed</strong></span> <span class='ocrx_word' id='word_1_249' title='bbox 402 3350 533 3396; x_wconf 85' lang='lat' dir='ltr'><strong>senatum</strong></span> <span class='ocrx_word' id='word_1_250' title='bbox 570 3351 680 3408; x_wconf 74' lang='lat' dir='ltr'><strong>essent,</strong></span> <span class='ocrx_word' id='word_1_251' title='bbox 715 3352 887 3399; x_wconf 87' lang='lat' dir='ltr'><strong>censuerunt</strong></span> <span class='ocrx_word' id='word_1_252' title='bbox 914 3353 1027 3415; x_wconf 78' lang='lat' dir='ltr'><strong>patres,</strong></span> <span class='ocrx_word' id='word_1_253' title='bbox 1062 3342 1199 3416; x_wconf 88' lang='lat' dir='ltr'><strong>Apollini</strong></span> <span class='ocrx_word' id='word_1_254' title='bbox 1231 3341 1297 3398; x_wconf 84' lang='lat' dir='ltr'><strong>ludus</strong></span> 
     </span>
     <span class='ocr_line' id='line_1_31' title="bbox 243 3441 1296 3519; baseline -0.003 -19"><span class='ocrx_word' id='word_1_255' title='bbox 243 3445 392 3501; x_wconf 87' lang='lat' dir='ltr'><strong>vovendos</strong></span> <span class='ocrx_word' id='word_1_256' title='bbox 417 3443 624 3518; x_wconf 82' lang='lat' dir='ltr'><strong>faciendosque</strong></span> <span class='ocrx_word' id='word_1_257' title='bbox 646 3454 683 3514; x_wconf 82' lang='lat' dir='ltr'><strong>et,</strong></span> <span class='ocrx_word' id='word_1_258' title='bbox 706 3446 823 3519; x_wconf 83' lang='lat' dir='ltr'><strong>quando</strong></span> <span class='ocrx_word' id='word_1_259' title='bbox 846 3441 906 3502; x_wconf 92' lang='lat' dir='ltr'><strong>ludi</strong></span> <span class='ocrx_word' id='word_1_260' title='bbox 928 3445 999 3502; x_wconf 89' lang='lat' dir='ltr'><strong>facti</strong></span> <span class='ocrx_word' id='word_1_261' title='bbox 1021 3456 1132 3514; x_wconf 75' lang='lat' dir='ltr'><strong>essent,</strong></span> <span class='ocrx_word' id='word_1_262' title='bbox 1158 3445 1296 3504; x_wconf 88' lang='lat' dir='ltr'><strong>duodecin</strong></span> 
     </span>
     <span class='ocr_line' id='line_1_32' title="bbox 243 3527 1296 3624; baseline 0.001 -20"><span class='ocrx_word' id='word_1_263' title='bbox 243 3548 333 3604; x_wconf 87' lang='lat' dir='ltr'><strong>millia</strong></span> <span class='ocrx_word' id='word_1_264' title='bbox 354 3527 419 3604; x_wconf 76' lang='lat' dir='ltr'><strong>teris</strong></span> <span class='ocrx_word' id='word_1_265' title='bbox 439 3550 555 3624; x_wconf 81' lang='lat' dir='ltr'><strong>praetori</strong></span> <span class='ocrx_word' id='word_1_266' title='bbox 584 3551 622 3606; x_wconf 88' lang='lat' dir='ltr'><strong>ad</strong></span> <span class='ocrx_word' id='word_1_267' title='bbox 648 3569 707 3606; x_wconf 89' lang='lat' dir='ltr'><strong>rem</strong></span> <span class='ocrx_word' id='word_1_268' title='bbox 737 3549 865 3606; x_wconf 89' lang='lat' dir='ltr'><strong>divinam</strong></span> <span class='ocrx_word' id='word_1_269' title='bbox 892 3559 921 3606; x_wconf 89' lang='lat' dir='ltr'><strong>et</strong></span> <span class='ocrx_word' id='word_1_270' title='bbox 942 3551 1015 3607; x_wconf 86' lang='lat' dir='ltr'><strong>dues</strong></span> <span class='ocrx_word' id='word_1_271' title='bbox 1045 3551 1157 3608; x_wconf 82' lang='lat' dir='ltr'><strong>hostias</strong></span> <span class='ocrx_word' id='word_1_272' title='bbox 1188 3552 1296 3608; x_wconf 78' lang='lat' dir='ltr'><strong>maiores</strong></span> 
     </span>
     <span class='ocr_line' id='line_1_33' title="bbox 193 3651 1295 3725; baseline 0.002 -17"><span class='ocrx_word' id='word_1_273' title='bbox 193 3653 229 3709; x_wconf 77' lang='lat' dir='ltr'><strong>ts</strong></span> <span class='ocrx_word' id='word_1_274' title='bbox 243 3653 363 3708; x_wconf 79' lang='lat' dir='ltr'>dandas.</span> <span class='ocrx_word' id='word_1_275' title='bbox 406 3653 541 3711; x_wconf 88' lang='lat' dir='ltr'><strong>Alterum</strong></span> <span class='ocrx_word' id='word_1_276' title='bbox 563 3665 681 3712; x_wconf 87' lang='lat' dir='ltr'><strong>senatus</strong></span> <span class='ocrx_word' id='word_1_277' title='bbox 703 3654 865 3711; x_wconf 88' lang='lat' dir='ltr'><strong>consultum</strong></span> <span class='ocrx_word' id='word_1_278' title='bbox 887 3653 997 3711; x_wconf 84' lang='lat' dir='ltr'><strong>fectum</strong></span> <span class='ocrx_word' id='word_1_279' title='bbox 1020 3665 1078 3725; x_wconf 83' lang='lat' dir='ltr'><strong>est,</strong></span> <span class='ocrx_word' id='word_1_280' title='bbox 1101 3667 1133 3712; x_wconf 91' lang='lat' dir='ltr'><strong>ut</strong></span> <span class='ocrx_word' id='word_1_281' title='bbox 1155 3651 1295 3714; x_wconf 85' lang='lat' dir='ltr'><strong>decemviri</strong></span> 
     </span>
     <span class='ocr_line' id='line_1_34' title="bbox 240 3757 1293 3835; baseline -0.002 -21"><span class='ocrx_word' id='word_1_282' title='bbox 240 3775 354 3814; x_wconf 83' lang='lat' dir='ltr'><strong>sucrum</strong></span> <span class='ocrx_word' id='word_1_283' title='bbox 371 3757 476 3816; x_wconf 86' lang='lat' dir='ltr'><strong>Graeco</strong></span> <span class='ocrx_word' id='word_1_284' title='bbox 490 3758 547 3815; x_wconf 85' lang='lat' dir='ltr'><strong>ritu</strong></span> <span class='ocrx_word' id='word_1_285' title='bbox 562 3757 691 3815; x_wconf 82' lang='lat' dir='ltr'><strong>facerent</strong></span> <span class='ocrx_word' id='word_1_286' title='bbox 703 3759 807 3834; x_wconf 90' lang='lat' dir='ltr'><strong>hisque</strong></span> <span class='ocrx_word' id='word_1_287' title='bbox 820 3760 931 3829; x_wconf 82' lang='lat' dir='ltr'><strong>hostiis,</strong></span> <span class='ocrx_word' id='word_1_288' title='bbox 954 3759 1085 3835; x_wconf 88' lang='lat' dir='ltr'><strong>Apollini</strong></span> <span class='ocrx_word' id='word_1_289' title='bbox 1107 3761 1184 3817; x_wconf 87' lang='lat' dir='ltr'><strong>bove</strong></span> <span class='ocrx_word' id='word_1_290' title='bbox 1208 3767 1293 3818; x_wconf 82' lang='lat' dir='ltr'><strong>arneto</strong></span> 
     </span>
     <span class='ocr_line' id='line_1_35' title="bbox 242 3862 1294 3937; baseline -0.003 -18"><span class='ocrx_word' id='word_1_291' title='bbox 242 3871 271 3919; x_wconf 86' lang='lat' dir='ltr'><strong>et</strong></span> <span class='ocrx_word' id='word_1_292' title='bbox 292 3863 387 3937; x_wconf 88' lang='lat' dir='ltr'><strong>capris</strong></span> <span class='ocrx_word' id='word_1_293' title='bbox 409 3864 521 3918; x_wconf 87' lang='lat' dir='ltr'><strong>duebus</strong></span> <span class='ocrx_word' id='word_1_294' title='bbox 550 3862 624 3920; x_wconf 85' lang='lat' dir='ltr'><strong>albis</strong></span> <span class='ocrx_word' id='word_1_295' title='bbox 652 3866 777 3932; x_wconf 70' lang='lat' dir='ltr'><strong>auratis,</strong></span> <span class='ocrx_word' id='word_1_296' title='bbox 809 3866 929 3921; x_wconf 73' lang='lat' dir='ltr'><strong>hetonae</strong></span> <span class='ocrx_word' id='word_1_297' title='bbox 951 3865 1028 3921; x_wconf 84' lang='lat' dir='ltr'><strong>bove</strong></span> <span class='ocrx_word' id='word_1_298' title='bbox 1054 3863 1165 3926; x_wconf 74' lang='lat' dir='ltr'><strong>femine</strong></span> <span class='ocrx_word' id='word_1_299' title='bbox 1196 3871 1294 3922; x_wconf 81' lang='lat' dir='ltr'><strong>aurete.</strong></span> 
     </span>
     <span class='ocr_line' id='line_1_36' title="bbox 191 3966 1292 4040; baseline 0.007 -20"><span class='ocrx_word' id='word_1_300' title='bbox 191 3966 228 4020; x_wconf 82' lang='lat'><strong>14</strong></span> <span class='ocrx_word' id='word_1_301' title='bbox 244 3966 343 4021; x_wconf 91' lang='lat' dir='ltr'><strong>Ludos</strong></span> <span class='ocrx_word' id='word_1_302' title='bbox 372 3974 478 4040; x_wconf 82' lang='lat' dir='ltr'><strong>praetor</strong></span> <span class='ocrx_word' id='word_1_303' title='bbox 506 3968 535 4022; x_wconf 91' lang='lat' dir='ltr'><strong>in</strong></span> <span class='ocrx_word' id='word_1_304' title='bbox 562 3967 639 4023; x_wconf 90' lang='lat' dir='ltr'><strong>circo</strong></span> <span class='ocrx_word' id='word_1_305' title='bbox 662 3967 790 4023; x_wconf 85' lang='lat' dir='ltr'><strong>maximo</strong></span> <span class='ocrx_word' id='word_1_306' title='bbox 815 3985 904 4040; x_wconf 90' lang='lat' dir='ltr'><strong>quum</strong></span> <span class='ocrx_word' id='word_1_307' title='bbox 930 3967 1061 4026; x_wconf 83' lang='lat' dir='ltr'><strong>facturus</strong></span> <span class='ocrx_word' id='word_1_308' title='bbox 1088 3979 1179 4038; x_wconf 86' lang='lat' dir='ltr'><strong>esset,</strong></span> <span class='ocrx_word' id='word_1_309' title='bbox 1210 3967 1292 4030; x_wconf 79' lang='lat' dir='ltr'><strong>edixit</strong></span> 
     </span>
    </p>
   </div>
   <div class='ocr_carea' id='block_1_3' title="bbox 0 0 1342 4542">
    <p class='ocr_par' dir='ltr' id='par_1_3' title="bbox 0 0 1342 4542">
     <span class='ocr_line' id='line_1_37' title="bbox 0 0 1342 4542; baseline 0 2"><span class='ocrx_word' id='word_1_310' title='bbox 0 0 1342 4542; x_wconf 95' lang='lat' dir='ltr'><strong> </strong></span> 
     </span>
    </p>
   </div>
  </div>
 </body>
</html>
