2704 4552
320 243 358 300 80
591 241 671 293 Liber
688 241 777 297 XXII.
812 243 856 308 (A.
871 257 897 292 ιι.
909 258 932 292 c.
947 243 1019 307 eet.)

246 425 403 498 ‘agereret
436 424 478 482 ita
500 433 667 502 contempta
687 435 751 484 erat
778 427 854 483 inter
875 425 953 484 cives
975 435 1105 484 armatos
1128 427 1245 501 pariter

276 538 389 605 tueque,
418 531 518 605 utique
539 539 695 605 postquam
717 531 837 588 absente
860 549 895 587 cu
916 531 1079 588 tenrcmtate
1106 530 1246 606 magistri
1273 554 1306 577 ιι
1341 550 1345 573 ¹

250 697 253 702 Δ
276 643 337 692 tum
370 635 435 692 laco
468 635 565 692 verius
597 636 719 694 dixerim
753 655 840 711 quam
870 653 1010 710 prospero
1038 643 1145 692 eventu
1186 653 1309 711 pugna·
1345 651 1346 686 ι

246 742 262 795 4
276 738 381 802 fuerat.
432 741 627 798 Accesserant
642 741 706 798 duae
720 759 767 798 res
782 741 821 798 ad
842 729 1162 816 aagendam'invidiam
1187 737 1312 798 dictam?

275 863 335 902 una
365 843 469 904 fraude
498 863 533 902 ac
554 845 623 902 dolo
651 847 841 917 Hannibalis,
875 846 963 921 quod,
994 863 1083 920 quum
1114 843 1134 901 a
1160 844 1290 921 perfugis
1345 863 1346 898 ι

276 959 453 1006 monstratus
475 967 546 1024 ager
566 949 715 1009 dictatoris
742 961 832 1023 esset,
859 951 993 1010 omnibus
1020 950 1099 1008 circa
1127 950 1196 1008 solo
1226 969 1312 1024 aequ
1345 977 1346 1002 ι

277 1055 315 1110 ab
339 1072 397 1110 uno
419 1072 454 1109 eo
475 1052 583 1111 ferrum
606 1056 761 1132 ignemque
783 1067 811 1115 et
833 1058 892 1116 vim
915 1074 1030 1114 omnem
1053 1056 1181 1114 hostium
1208 1056 1320 1114 abstin
1344 1098 1345 1101 ι

247 1157 367 1228 ἰιίιιειίιἸ
389 1166 421 1214 ut
442 1159 547 1216 occulti
569 1159 689 1218 alieuius
710 1164 789 1236 pacti
810 1181 846 1220 ea
868 1179 977 1220 merces
998 1161 1092 1218 videri
1111 1170 1230 1235 posset,
1252 1160 1297 1216 al*

276 1263 367 1338 ipsius
385 1263 474 1334 facto,
496 1264 589 1338 primo
611 1264 735 1324 forsitan
756 1268 859 1338 dubio,
886 1267 1034 1342 quianon
1057 1275 1230 1340 exspectata
1257 1265 1346 1321 inei

276 1377 393 1426 senatus
415 1369 572 1426 auctoritas
595 1381 652 1440 est,
674 1371 712 1428 ad
734 1381 896 1429 extremum
917 1372 996 1429 haud
1022 1370 1161 1444 ambigue
1189 1370 1222 1426 in
1250 1389 1286 1425 mx
1303 1394 1310 1417 ι

246 1479 354 1534 duram
374 1474 489 1530 laudem
511 1493 606 1535 verso.
645 1477 681 1534 In
703 1477 901 1552 permutandis
923 1476 1056 1552 captivis,
1078 1476 1159 1549 qnod
1181 1475 1226 1532 sic
1248 1474 1324 1549 prin

276 1579 388 1636 Punico
416 1579 492 1637 bello
522 1579 630 1637 factum
662 1592 739 1651 erat,
772 1592 949 1640 convenerat
968 1582 1045 1639 inter
1066 1581 1154 1638 duces
1177 1582 1323 1637 Romanurn

276 1684 472 1758 Poenumque,
501 1691 541 1754 ut,
567 1701 632 1758 quae
652 1705 722 1761 pars
743 1688 808 1764 plus
829 1689 970 1764 reciperet
992 1705 1079 1761 quam
1101 1686 1201 1758 daret,
1231 1681 1324 1759 argenti

246 1789 373 1862 7pondo
396 1789 465 1846 bine
492 1797 521 1846 et
542 1789 664 1848 selibras
690 1792 720 1858 in
748 1791 865 1848 militem
888 1801 1049 1868 praestaret.
1096 1790 1241 1848 Ducentis
1268 1807 1322 1861 quu-

275 1893 409 1968 dragiuta
431 1904 540 1969 septem
567 1915 654 1970 quum
678 1897 775 1972 pluras
797 1898 948 1955 Romanus
973 1915 1061 1973 quem
1084 1898 1196 1953 Poenus
1216 1893 1321 1967 recepis·

274 2007 319 2056 set
338 2008 547 2074 argentumque
568 2020 622 2076 pro
651 2003 693 2058 eis
719 2001 863 2072 debitum,
891 2021 968 2078 saepe
989 2002 1099 2059 iactata
1119 2001 1149 2058 in
1174 2010 1274 2057 senatu
1293 2015 1321 2060 ra

131 2140 139 2178 χ
245 2103 412 2177 8quoniam
428 2123 486 2160 non
508 2106 698 2163 consuluisset
711 2115 819 2180 patres,
841 2107 952 2165 tardius
967 2116 1147 2183 erogaretur,
1168 2104 1319 2162 inviolatum

274 2209 312 2264 ab
333 2209 417 2265 hoste
438 2227 551 2282 agrum,
573 2210 661 2268 misso
677 2213 802 2269 Romam
817 2211 925 2285 Quinto
943 2212 1013 2283 filio,
1034 2211 1174 2282 vendidit,
1197 2211 1321 2282 fidamque

273 2312 418 2387 publicam
440 2313 587 2387 impendio
610 2316 726 2390 privato
748 2317 883 2375 exsolvit.

243 2419 260 2472 9
356 2417 507 2474 Hannibal
527 2438 581 2495 pro
597 2420 736 2479 Gereouii
759 2423 910 2494 moenibus,
931 2423 1012 2480 cuius
1033 2421 1114 2478 urbis
1136 2429 1230 2496 captae
1253 2427 1320 2490 atque

272 2523 396 2579 incensae
425 2524 462 2579 eb
485 2542 516 2580 se
537 2525 567 2580 iu
589 2543 673 2582 usum
694 2528 865 2585 horreorum
890 2547 986 2603 pauca
1012 2527 1172 2601 reliquerat
1193 2534 1275 2592 tecta,
1300 2522 1319 2576 in

201 2637 203 2640 '
226 2631 260 2684 10
273 2627 387 2684 stativis
412 2637 484 2690 erat.
531 2629 604 2686 Inde
626 2630 834 2690 frumentatum
856 2634 929 2690 duas
951 2631 1095 2688 exercilus
1123 2639 1224 2704 partes
1246 2630 1318 2686 mitte-

273 2734 339 2802 bat3
369 2752 434 2790 cum
462 2733 549 2790 tertia
576 2735 640 2810 ipse
668 2736 804 2811 expedita
824 2737 855 2794 in
877 2737 1003 2794 statione
1024 2744 1101 2804 erat,
1129 2735 1217 2793 simul
1238 2731 1319 2790 cosma

273 2838 408 2914 praesidio
429 2847 458 2895 et
479 2838 731 2914 circumspectans,
755 2843 884 2904 necunde
910 2842 1036 2916 impetus
1063 2841 1092 2898 in
1113 2839 1318 2898 frumentatores

179 2935 222 3003 24
273 2947 365 3004 fieret.
414 2946 565 3003 Romanus
589 2953 658 3001 tunc
685 2947 827 3002 exercitus
856 2945 886 3002 iu
910 2965 981 3022 agro
1005 2945 1137 3003 Larinati
1159 2953 1236 3015 erat3
1262 2959 1318 3018 pra

274 3061 337 3108 erat
358 3051 503 3108 Minucius
533 3049 672 3124 magister
693 3051 837 3125 equitum,
862 3050 1009 3126 profacto,
1036 3049 1110 3106 sicut
1136 3060 1205 3107 ante
1231 3049 1316 3105 dietnu

242 3153 326 3226 2est‚
349 3156 508 3212 adurbem
532 3156 683 3212 dictatore.
732 3154 867 3214 Ceterum
889 3166 995 3227 castra,
1018 3155 1133 3230 quaein
1157 3163 1255 3214 monte
1274 3152 1317 3208 alto

274 3279 309 3317 ac
328 3269 390 3316 tuto
411 3260 477 3317 loco
499 3260 595 3334 posita
615 3259 745 3331 fueraut,
779 3261 837 3318 iam
867 3261 897 3318 iu
918 3262 1036 3336 planum
1058 3259 1242 3329 deferuntur3
1272 3256 1316 3332 agi·

272 3368 469 3439 labunturque
495 3383 548 3439 pro
579 3364 695 3439 ingenio
724 3367 804 3423 ducis
832 3365 953 3424 consilia
974 3365 1128 3435 calidiora,
1161 3375 1193 3422 ut
1213 3366 1316 3439 impetus

274 3481 325 3529 aut
350 3472 379 3528 in
408 3470 632 3528 frumentatores
661 3471 776 3546 palatos
804 3481 855 3529 aut
880 3472 910 3529 iu
941 3481 1038 3530 castra
1065 3471 1167 3528 relicta
1194 3490 1256 3529 cum
1275 3465 1316 3524 levi

242 3575 407 3651 3praesidio
429 3577 519 3633 fieret.
562 3576 626 3633 Nee
647 3577 843 3634 Hannibalem
865 3575 982 3646 fefellit,
1012 3597 1076 3634 oum
1101 3578 1174 3633 duce
1196 3584 1314 3634 mutatam

274 3699 337 3738 esse
363 3681 431 3738 belli
456 3679 598 3738 rationem
631 3687 660 3736 et
689 3678 813 3740 ferocius
842 3699 928 3756 quam
957 3682 1113 3739 consultius
1144 3701 1207 3738 rem
1238 3683 1314 3737 hostes

242 3789 260 3842 4
272 3798 420 3864 gesturos3
441 3787 505 3861 ipse
526 3794 633 3855 autem,
655 3784 733 3858 quod
756 3785 872 3842 minime
895 3786 960 3859 quis
982 3786 1119 3857 crederet,
1141 3804 1230 3860 quum
1243 3781 1314 3842 hostis

273 3893 392 3967 propius
414 3900 498 3961 esset,
519 3889 635 3947 tertium
656 3897 770 3964 partem
786 3889 906 3946 militum
928 3889 1146 3961 frumentatum,
1170 3891 1275 3949 duabus
1293 3887 1313 3942 in

243 3997 376 4053 beustris
397 3995 525 4066 ret-eutis,
547 3994 668 4063 dimisit3
690 3995 756 4051 dein
778 4003 875 4050 castra
895 3994 961 4067 ipsa
974 3996 1095 4069 propius
1110 3997 1221 4054 hostem
1236 3992 1313 4058 movit,
