2704 4552
304 203 359 258 108
574 197 652 246 Liber
670 197 758 247 xxu.
795 197 841 260 (Δ.
855 211 880 248 u.
893 211 917 248 e.
931 199 1004 258 538.)

258 401 391 440 mennam
416 381 514 457 priore
536 399 612 438 anno
633 380 757 448 amisso,
788 399 847 436 uon
875 380 979 438 vulnus
1008 398 1098 455 super
1129 379 1258 444 vulnus,
1290 400 1306 421 υ

258 489 407 564 multiplex
429 487 537 556 clades,
558 505 623 542 cum
645 486 758 543 duobus
780 486 946 543 consulibus
970 486 1029 542 duo
1052 485 1235 542 consulares
1256 501 1304 538 cxx

257 594 330 653 citus
361 594 459 652 amissi
489 591 712 660 nuntiabantur,
743 609 796 648 nac
818 591 879 648 ulla
909 590 969 646 iam
992 599 1093 648 eastra
1115 591 1319 647 Romanam

209 699 244 754 10
257 701 359 758 ducem
389 718 443 756 neo
470 697 588 754 militem
620 713 697 765 esse3
727 696 901 754 Hannibalis
926 694 1077 770 Apuliam,
1108 694 1271 752 Samnium

256 807 316 864 iam
346 825 438 881 prope
465 812 556 860 totam
587 799 705 858 Italiam
732 800 850 858 factam.
893 799 984 859 Nulla
1008 799 1146 874 profecto
1179 800 1243 856 alia
1267 824 1305 867 y·

209 911 339 968 litante
371 910 448 967 mole
474 908 566 965 cladis
593 927 651 964 non
680 907 786 964 obruta
813 915 897 964 esset.
948 893 1111 980 compares
1145 905 1264 962 cladem
1307 948 1322 953 „

258 1017 383 1090 AEgates
404 1014 514 1072 insulas
536 1011 818 1086 Carthaginiensium
841 1011 944 1086 proelio
964 1011 1063 1067 navali
1079 1020 1250 1085 acceptam,
1295 1032 1307 1055 ι’

257 1119 343 1178 fracti
376 1119 475 1178 Sicilia
509 1137 544 1176 ec
581 1117 717 1176 Sardinia
751 1135 863 1175 cessere
884 1127 910 1174 et
931 1116 1088 1190 vectigales
1122 1135 1162 1174 ac
1190 1107 1320 1190 stipem'*

258 1226 336 1283 arios
367 1227 430 1282 fieri
458 1243 490 1282 se
518 1224 597 1299 passi
625 1231 706 1292 sunt,
739 1232 788 1280 aut
816 1241 943 1297 pugnam
975 1223 1130 1280 adversam
1162 1223 1194 1278 in
1216 1220 1297 1280 Afri

258 1332 304 1389 cui
328 1340 430 1406 postea
451 1331 498 1386 hic
521 1330 583 1404 ipse
605 1327 754 1386 Hannibal
776 1327 940 1397 succubuit;
970 1327 1050 1384 nulla
1077 1347 1115 1384 ex
1136 1340 1226 1403 parte
1249 1345 1323 1383 come

257 1436 396 1510 parandas
420 1444 495 1505 sunt,
518 1434 572 1490 nisi
594 1434 672 1508 quod
693 1433 804 1489 minore
827 1431 924 1488 animo
946 1431 1014 1489 lata
1035 1442 1111 1488 sunt

163 1527 205 1594 55
341 1541 376 1597 Ρ.
400 1539 508 1597 Furius
530 1539 631 1596 Philus
654 1548 683 1594 et
703 1539 754 1600 Μ’.
776 1538 957 1610 Pomponius
978 1546 1119 1612 pretores
1140 1549 1275 1596 senatum
1292 1548 1327 1592 u'

258 1645 368 1701 curiam
391 1643 548 1701 Hostiliam
577 1651 770 1712 vocaverunt,
801 1651 832 1698 ut
853 1642 890 1698 de
919 1641 997 1699 urbis
1029 1644 1164 1700 custodia
1195 1641 1312 1700 consule-

227 1745 334 1818 lrent3
368 1748 559 1822 nequeenim
589 1748 775 1815 dubitabant,
809 1746 910 1804 deletis
941 1748 1116 1805 exercitibus
1142 1749 1258 1805 hostem
1282 1743 1310 1800 ad

258 1854 482 1930 oppugnandam
504 1856 640 1922 Romam,
662 1853 742 1925 quod
765 1871 853 1909 unum
879 1871 953 1926 opus
974 1853 1043 1910 belli
1063 1862 1200 1923 restaret,
1222 1863 1308 1910 ventu·

227 1963 332 2021 3rum.
377 1960 473 2032 Quum
496 1961 525 2016 in
548 1959 631 2016 malis
653 1958 739 2015 sicuti
760 1956 938 2032 ingentibus,
968 1957 1011 2014 ita
1037 1958 1146 2032 ignotis
1166 1978 1206 2015 ne
1228 1957 1308 2015 cona·

257 2067 325 2122 lium
349 2066 464 2138 quidem
488 2065 558 2120 satis
589 2064 775 2138 expedirent,
802 2063 1040 2137 obstreperetque
1068 2063 1181 2121 clamor
1213 2065 1307 2120 lamen·

256 2171 377 2227 tantiam
407 2171 559 2227 mulierum
589 2179 632 2237 et,
672 2170 799 2225 nondum
830 2167 1023 2242 palamfacto,
1058 2170 1119 2226 vivi
1157 2169 1306 2241 mortuique

226 2282 309 2349 4per
333 2292 433 2330 omnes
464 2293 546 2349 paene
576 2274 679 2330 domos
709 2273 872 2347 promiscue
899 2274 1165 2349 complorarentur,
1197 2285 1255 2331 tum
1278 2271 1305 2341 Q·

258 2380 367 2438 Fabius
390 2379 537 2436 Maximus
552 2378 671 2448 censuit,
694 2379 804 2452 equites
820 2379 970 2454 expeditos
993 2389 1021 2436 et
1042 2381 1145 2455 Appia
1164 2390 1194 2436 et
1216 2378 1303 2436 Latina

259 2486 306 2541 via
333 2485 502 2552 mittendos,
534 2485 584 2558 qui
612 2485 714 2542 obvios
743 2485 941 2559 percontando
969 2481 1096 2558 (aliquos
1124 2485 1255 2560 proiecto
1277 2499 1303 2536 er

257 2591 328 2665 fuga
350 2590 457 2663 passim
482 2591 637 2664 dissipatos
659 2588 734 2659 iore)
763 2587 904 2656 referant,
937 2607 1003 2662 quae
1029 2588 1149 2648 fortuna
1171 2589 1301 2646 consulum

227 2700 346 2768 datque
368 2694 543 2752 exercituum
567 2695 604 2750 sit
626 2704 669 2763 et,
701 2694 725 2749 si
748 2693 817 2766 quid
839 2693 878 2750 dii
899 2694 1093 2762 immortales,
1124 2696 1242 2752 miseriti
1263 2694 1302 2748 im·

256 2800 344 2874 perii,
371 2799 514 2873 reliquum
537 2799 662 2856 Romani
683 2799 808 2854 nominis
829 2798 965 2867 fecerint,
994 2800 1042 2856 ubi
1073 2819 1115 2858 ear
1137 2801 1229 2877 copim
1249 2800 1301 2856 sint:

258 2923 314 2978 quo
347 2925 378 2962 se
399 2904 549 2962 Hannibal
575 2913 643 2978 post
663 2903 795 2978 proelium
822 2904 988 2974 contulerit,
1021 2906 1090 2978 quid
1121 2919 1219 2982 paret,
1250 2902 1301 2979 quid

225 3016 326 3084 degat
348 3020 522 3083 acturusque
543 3009 589 3066 sit.
636 3009 707 3065 Haec
734 3011 915 3084 exploranda
936 3010 1142 3084 noscendaque
1164 3031 1216 3087 per
1235 3008 1300 3083 impi-

255 3133 324 3188 gros
353 3115 471 3170 iuvenes
500 3132 576 3194 ess93
609 3114 678 3170 illud
707 3132 760 3188 per
781 3125 879 3189 patres
903 3115 982 3188 ipsos
1005 3115 1160 3188 agendum,
1184 3116 1300 3190 qnoniam

257 3218 477 3292 magistratuum
496 3236 598 3291 parum
621 3219 666 3288 sit,
690 3228 721 3274 ut
741 3220 894 3275 tumultum
910 3238 945 3276 ec
960 3219 1182 3294 trepidationem
1197 3222 1227 3279 in
1248 3219 1300 3275 urbe

256 3322 374 3390 tollant,
413 3331 561 3378 matronas
589 3323 711 3398 ¹publico
745 3334 863 3381 arceant
897 3323 1094 3397 continerique
1125 3326 1204 3384 intra
1235 3340 1298 3382 suum

226 3430 402 3500 lquamque
433 3426 519 3484 limen
556 3437 679 3503 cogant,
714 3430 910 3504 comploratus
946 3428 1121 3488 familiarum
1159 3437 1298 3488 coerceant

255 3532 397 3588 silentium
421 3551 474 3606 per
494 3534 593 3591 urbem
623 3533 748 3603 faciant,
775 3535 1008 3592 nuntios'rerum
1033 3535 1161 3592 omnium
1186 3539 1223 3594 ad
1243 3553 1297 3611 pra·

255 3649 332 3694 tores
357 3638 539 3696 deducendos
562 3647 670 3708 curent,
692 3658 751 3696 suae
774 3640 896 3715 quisque
917 3640 1042 3698 fortuna
1060 3640 1139 3698 domi
1170 3653 1296 3699 auctorem

224 3742 431 3817 8exspectent,
455 3744 648 3817 custodesque
670 3751 810 3818 praterea
840 3745 876 3802 ad
899 3755 1000 3820 portas
1022 3754 1148 3820 ponant,
1180 3747 1227 3821 qui
1245 3761 1295 3820 pro-

254 3847 372 3904 hibeant
397 3866 572 3922 quemquam
601 3849 700 3922 egredi
724 3849 840 3919 urbem,
868 3859 1032 3925 cogantque
1052 3851 1186 3910 homines
1208 3851 1293 3908 nullam

253 3951 308 4007 nisi
330 3951 401 4008 urbe
423 3971 458 4008 ac
479 3953 620 4009 moenibus
642 3952 730 4009 salvis
753 3952 874 4010 salutem
897 3971 1025 4028 sperare.
1070 3957 1128 4014 Ubi
1150 3953 1294 4014 conticuerit
