2704 4552
288 189 343 248 136
555 187 634 238 Liber
651 187 756 244 xxm.
794 189 847 260 (A,
858 205 884 240 u.
897 205 918 241 c.
932 190 1004 255 ⁵³8.)

241 379 270 428 at
295 366 438 430 Perusina
469 371 590 441 cohors,
619 370 751 430 homines
779 374 983 448 quadringenti
1004 377 1176 451 sexaginta,
1217 375 1305 432 eod·

239 475 350 546 nuntio,
374 493 432 550 quo
453 476 624 534 Praenestini
652 497 762 552 paucos
788 489 855 536 anto
882 480 952 551 dies,
975 477 1135 540 Casilinum
1159 500 1265 540 com·
1301 480 1311 523 5⁷

192 581 226 637 tt
243 582 283 640 Et
305 581 376 639 satis
397 579 489 640 ferme
521 591 700 640 armatorum
723 584 761 641 ad
788 593 847 642 tam
878 585 984 660 exigua
1006 587 1114 644 moenia
1144 597 1175 644 et
1199 586 1311 643 flunt

243 687 335 746 altera
367 695 451 762 parte
480 686 574 744 cincta
608 690 716 746 tuenda
743 697 822 759 erat3
853 691 976 766 penuria
1008 690 1163 760 frumenti,
1195 690 1289 746 nim'

244 793 331 850 etiam
354 802 386 850 ut
406 791 554 850 videretur
577 785 737 865 honnnum‘,
759 794 913 854 efficiebat.

145 889 187 956 18
327 897 478 981 Hannibal
511 917 600 973 quum
631 899 690 957 iam
722 898 789 956 inda
824 901 903 958 haud
930 901 1032 976 procul
1054 911 1144 971 esset,
1179 899 1243 958 Gae

244 1021 308 1062 cum
331 1003 469 1079 prefecto
491 1004 608 1062 nomine
629 1004 726 1061 Isalca
747 1006 895 1080 praemittit
916 1025 951 1064 ao
974 1007 1080 1081 primo,
1101 1007 1127 1064 si
1148 1007 1204 1062 fiat
1229 1023 1264 1062 oo
1290 1030 1314 1051 ι

242 1108 301 1182 quii
323 1109 418 1184 copia,
440 1110 537 1168 verbis
559 1109 690 1185 benignis
713 1109 751 1166 ad
765 1118 866 1184 portas
889 1112 1064 1185 aperiundas
1086 1111 1289 1187 praesidiumq

243 1213 444 1289 accipiendum
467 1215 601 1290 pellicere
622 1216 716 1285 iubet,
746 1215 822 1272 siin
843 1215 1003 1290 pertinacia
1019 1224 1171 1292 perstent,
1201 1216 1235 1271 vi
1255 1229 1314 1270 rara

209 1316 341 1392 2gerere
362 1338 397 1377 ac
418 1329 539 1391 tentare,
569 1321 593 1378 si
617 1339 675 1395 qua
696 1328 780 1394 parte
806 1319 945 1378 invadere
974 1322 1075 1379 urbem
1103 1320 1209 1395 possit.
1255 1315 1311 1376 Ubi

241 1423 279 1480 ad
304 1425 411 1482 moenia
432 1443 589 1496 accessere,
614 1425 683 1499 quia
703 1424 847 1483 silentium
871 1436 942 1496 erat,
964 1427 1091 1483 solitudo
1116 1426 1196 1495 visa3
1220 1433 1310 1481 metu·

244 1547 302 1602 que
323 1548 491 1588 concessum
515 1531 657 1588 barbarus
672 1538 752 1586 ratus
771 1529 866 1586 moliri
887 1540 988 1604 portas
1011 1540 1040 1587 et
1054 1531 1188 1588 claustra
1209 1527 1310 1586 refrin-

209 1639 314 1708 3gere
335 1644 430 1709 parat,
453 1654 540 1710 quum
563 1634 718 1710 patefactis
740 1642 858 1710 repente
886 1634 978 1710 portis
1000 1636 1137 1692 cohortes
1167 1636 1247 1704 duae,
1275 1633 1319 1688 acl*

241 1739 271 1797 id
293 1740 388 1815 ipsum
411 1741 557 1798 instructa
578 1741 664 1811 intus,
685 1724 794 1816 ingenti
816 1759 881 1798 cum
903 1741 1027 1798 tumultu
1049 1750 1209 1816 erumpunt
1237 1749 1308 1797 sua·

206 1851 367 1920 egenique
388 1846 515 1904 hostium
536 1845 655 1904 faciunt.
700 1847 748 1902 Ita
766 1846 867 1920 primis
888 1845 1026 1920 repulsis,
1056 1847 1221 1904 Maharbal
1248 1864 1304 1902 oum

241 1935 480 2010 maiore'robore
501 1951 630 2010 virorum
655 1949 760 2007 missus
783 1967 835 2007 nec
860 1950 923 2025 ipse
944 1951 1124 2026 eruptionem
1148 1950 1306 2008 cohortium

204 2061 221 2114 5
242 2058 387 2116 sustinuit.
430 2059 586 2114 Postremo
601 2053 761 2124 Hannibal,
783 2055 885 2112 castris
907 2064 975 2112 ante
996 2056 1061 2131 ipsa
1076 2057 1187 2114 moenia
1201 2056 1307 2132 positis

240 2183 363 2239 parvam
387 2163 488 2221 urbem
511 2163 694 2237 parvumque
722 2159 887 2234 praesidium
916 2178 1031 2218 summa
1052 2161 1081 2217 vi
1104 2173 1196 2236 atque
1220 2161 1304 2219 omni·
1347 2194 1349 2197 -

241 2271 295 2326 bus
320 2269 411 2344 copiis
426 2285 597 2342 oppugnare
612 2275 706 2341 parat,
730 2283 774 2336 ac,
796 2265 863 2322 dum
883 2265 972 2324 instat
992 2266 1180 2341 lacessitque,
1203 2287 1304 2326 corona

240 2373 369 2447 undique
391 2371 576 2431 circumdatis
592 2370 743 2441 moenibus,
763 2371 875 2446 aliquot
896 2370 1001 2428 milites
1016 2380 1045 2429 et
1058 2375 1302 2448 promptissimum

205 2480 222 2533 6
241 2479 386 2554 ᾳηθιῐιῳίῡ
408 2499 424 2536 e
446 2496 529 2536 muro
551 2478 735 2550 turribusque
755 2477 829 2534 ictos
851 2477 957 2535 amisit.
1002 2477 1099 2535 Semel
1121 2479 1200 2536 ultro
1215 2499 1302 2536 erum·

234 2597 339 2662 pentes
365 2585 480 2660 agmine
502 2584 720 2658 elephantorum
753 2583 887 2659 opposito
916 2601 1008 2658 prope
1028 2582 1200 2654 interclusit,
1221 2586 1302 2660 trepi-

239 2673 353 2766 hosque
375 2689 514 2766 compulit
536 2690 566 2746 in
588 2690 698 2776 urbem,
722 2689 793 2744 satis
817 2689 914 2745 multis
936 2696 968 2745 ut
988 2707 1026 2744 ex
1047 2696 1131 2745 tanta
1160 2691 1303 2765 paucitate

238 2796 412 2866 interfectis3
448 2795 545 2871 plures
580 2793 765 2862 cecidissent,
804 2794 834 2850 ni
865 2813 931 2877 non¹
960 2793 1063 2867 proelio
1095 2793 1301 2852 intervenisset.

206 2905 364 2961 7Postero
398 2904 444 2960 die
477 2900 605 2958 omnium
639 2897 726 2955 animi
762 2899 800 2955 ad
837 2899 1063 2979 oppugnandum
1100 2901 1302 2964 accendantur,

239 3007 339 3083 utique
371 3016 527 3083 postquam
559 3021 669 3062 corona
698 3021 788 3060 aurea
814 3004 934 3062 muralis
964 3005 1116 3079 proposita
1146 3015 1191 3062 est
1219 3015 1302 3080 atque

236 3113 299 3188 ipse
334 3113 394 3169 dux
427 3110 537 3168 castelli
570 3109 658 3184 pleno
690 3108 756 3166 loco
788 3108 875 3183 positi
907 3126 1023 3182 segnem
1058 3112 1300 3186 oppugnationem

240 3217 364 3293 Sagunti
380 3214 630 3292 expugnatoribus
645 3215 853 3288 exprobrabat,
869 3211 1036 3294 Cannarum
1051 3215 1302 3290 Trasumennique

204 3328 264 3383 8et
300 3322 417 3378 Trebiae
456 3320 584 3395 singulos
630 3319 790 3376 admonens
826 3319 1044 3392 universosque.
1103 3319 1178 3376 Inde
1213 3321 1301 3376 vinea

236 3445 354 3501 quoque
376 3434 477 3500 coeptae
499 3425 547 3500 agi
569 3425 765 3498 cuniculique3
787 3417 840 3482 n'ec
862 3425 899 3509 ad
921 3424 1019 3481 varios
1034 3434 1156 3481 conatus
1177 3424 1297 3482 hostium

202 3539 287 3593 9aut
308 3529 352 3585 vis
375 3529 434 3588 ulla
456 3540 507 3588 aut
533 3549 581 3589 ars
603 3531 703 3590 deerat
723 3530 809 3588 sociis
824 3532 1032 3588 Romanorum.
1071 3530 1298 3610 ¹Propugnacnla

193 3627 200 3635 “
237 3636 378 3693 adversus
400 3635 500 3694 vineas
521 3647 659 3706 statuere,
681 3636 854 3694 transversis
877 3636 1014 3693 cuniculis
1036 3635 1162 3692 hostium
1186 3633 1296 3692 cunicu-

233 3742 277 3798 los
303 3742 447 3817 excipere,
469 3751 498 3799 et
512 3743 610 3817 palam
633 3751 662 3798 et
684 3740 758 3798 clam
774 3741 875 3816 coeptis
891 3740 1008 3800 obviam
1023 3741 1074 3811 ire,
1094 3740 1187 3797 donec
1207 3739 1298 3814 pudor

232 3847 320 3904 etiam
353 3846 550 3904 Hannibalem
584 3847 620 3904 ab
642 3847 757 3922 incepto
779 3845 898 3917 avertit,
930 3846 1090 3920 castrisque
1119 3844 1294 3904 communitis

235 3970 270 4008 ac
303 3953 438 4028 praesidio
472 3952 586 4008 modico
619 3951 771 4025 imposito,
803 3969 840 4006 ne
868 3951 976 4008 omissa
1007 3968 1054 4006 res
1083 3950 1238 4020 videretur,
1266 3949 1293 4004 in

232 4055 507 4132 hiberna'Oapuam
532 4056 683 4115 concessit.
718 4104 722 4114 .
