<?xml version="1.0" encoding="UTF-8"?>
<!DOCTYPE html PUBLIC "-//W3C//DTD XHTML 1.0 Transitional//EN"
    "http://www.w3.org/TR/xhtml1/DTD/xhtml1-transitional.dtd">
<html xmlns="http://www.w3.org/1999/xhtml" xml:lang="en" lang="en">
 <head>
  <title>
</title>
<meta http-equiv="Content-Type" content="text/html;charset=utf-8" />
  <meta name='ocr-system' content='tesseract 3.04.00' />
  <meta name='ocr-capabilities' content='ocr_page ocr_carea ocr_par ocr_line ocrx_word'/>
</head>
<body>
  <div class='ocr_page' id='page_1' title='image "./titiliviihistor01ussigoog/titiliviihistor01ussigoog_0438.png"; bbox 0 0 2700 4426; ppageno 0'>
   <div class='ocr_carea' id='block_1_1' title="bbox 364 104 1084 216">
    <p class='ocr_par' dir='ltr' id='par_1_1' title="bbox 364 104 1084 216">
     <span class='ocr_line' id='line_1_1' title="bbox 364 104 1084 216; baseline 0.014 -16"><span class='ocrx_word' id='word_1_1' title='bbox 364 152 443 201; x_wconf 85' lang='lat' dir='ltr'><strong>Liber</strong></span> <span class='ocrx_word' id='word_1_2' title='bbox 460 151 575 202; x_wconf 84' lang='lat' dir='ltr'><strong>xxvu.</strong></span> <span class='ocrx_word' id='word_1_3' title='bbox 614 153 663 214; x_wconf 83' lang='lat' dir='ltr'><strong>(A.</strong></span> <span class='ocrx_word' id='word_1_4' title='bbox 678 151 724 203; x_wconf 82' lang='lat' dir='ltr'><strong>ch.</strong></span> <span class='ocrx_word' id='word_1_5' title='bbox 739 153 812 216; x_wconf 80' lang='lat'>208.)</span> <span class='ocrx_word' id='word_1_6' title='bbox 852 104 855 119; x_wconf 30' lang='lat'>³</span> <span class='ocrx_word' id='word_1_7' title='bbox 1047 158 1084 212; x_wconf 78' lang='lat'><strong>97</strong></span> 
     </span>
    </p>
   </div>
   <div class='ocr_carea' id='block_1_2' title="bbox 59 334 1211 3979">
    <p class='ocr_par' dir='ltr' id='par_1_2' title="bbox 59 334 1211 3979">
     <span class='ocr_line' id='line_1_2' title="bbox 59 334 1128 410; baseline 0 -18"><span class='ocrx_word' id='word_1_8' title='bbox 59 337 133 393; x_wconf 89' lang='lat' dir='ltr'><strong>duee</strong></span> <span class='ocrx_word' id='word_1_9' title='bbox 153 337 297 410; x_wconf 76' lang='lat' dir='ltr'>Pyrrhia,</span> <span class='ocrx_word' id='word_1_10' title='bbox 325 334 376 408; x_wconf 91' lang='lat' dir='ltr'><strong>qui</strong></span> <span class='ocrx_word' id='word_1_11' title='bbox 396 343 503 409; x_wconf 86' lang='lat' dir='ltr'><strong>praetor</strong></span> <span class='ocrx_word' id='word_1_12' title='bbox 524 335 554 391; x_wconf 94' lang='lat' dir='ltr'><strong>in</strong></span> <span class='ocrx_word' id='word_1_13' title='bbox 576 354 641 392; x_wconf 88' lang='lat' dir='ltr'><strong>eum</strong></span> <span class='ocrx_word' id='word_1_14' title='bbox 664 352 770 392; x_wconf 86' lang='lat' dir='ltr'><strong>aunum</strong></span> <span class='ocrx_word' id='word_1_15' title='bbox 796 353 861 392; x_wconf 86' lang='lat' dir='ltr'><strong>oum</strong></span> <span class='ocrx_word' id='word_1_16' title='bbox 884 337 1005 393; x_wconf 86' lang='lat' dir='ltr'><strong>absente</strong></span> <span class='ocrx_word' id='word_1_17' title='bbox 1025 337 1128 394; x_wconf 80' lang='lat' dir='ltr'><strong>Attalo</strong></span> 
     </span>
     <span class='ocr_line' id='line_1_3' title="bbox 59 440 1159 510; baseline 0.003 -14"><span class='ocrx_word' id='word_1_18' title='bbox 59 448 175 497; x_wconf 87' lang='lat' dir='ltr'><strong>creatus</strong></span> <span class='ocrx_word' id='word_1_19' title='bbox 207 448 284 510; x_wconf 78' lang='lat' dir='ltr'><strong>erat,</strong></span> <span class='ocrx_word' id='word_1_20' title='bbox 318 449 514 496; x_wconf 88' lang='lat' dir='ltr'><strong>occurrerunt.</strong></span> <span class='ocrx_word' id='word_1_21' title='bbox 565 441 724 497; x_wconf 86' lang='lat' dir='ltr'><strong>Habebunt</strong></span> <span class='ocrx_word' id='word_1_22' title='bbox 758 447 786 496; x_wconf 91' lang='lat' dir='ltr'><strong>et</strong></span> <span class='ocrx_word' id='word_1_23' title='bbox 821 441 856 496; x_wconf 82' lang='lat' dir='ltr'><strong>ab</strong></span> <span class='ocrx_word' id='word_1_24' title='bbox 884 441 988 498; x_wconf 89' lang='lat' dir='ltr'><strong>Attalo</strong></span> <span class='ocrx_word' id='word_1_25' title='bbox 1020 440 1159 499; x_wconf 79' lang='lat' dir='ltr'><strong>auxilia2</strong></span> 
     </span>
     <span class='ocr_line' id='line_1_4' title="bbox 59 543 1127 621; baseline -0.001 -18"><span class='ocrx_word' id='word_1_26' title='bbox 59 564 157 603; x_wconf 89' lang='lat' dir='ltr'><strong>secum</strong></span> <span class='ocrx_word' id='word_1_27' title='bbox 190 554 219 602; x_wconf 89' lang='lat' dir='ltr'><strong>et</strong></span> <span class='ocrx_word' id='word_1_28' title='bbox 244 545 322 601; x_wconf 88' lang='lat' dir='ltr'><strong>mille</strong></span> <span class='ocrx_word' id='word_1_29' title='bbox 344 543 436 600; x_wconf 86' lang='lat' dir='ltr'><strong>ferme</strong></span> <span class='ocrx_word' id='word_1_30' title='bbox 460 563 497 600; x_wconf 85' lang='lat' dir='ltr'><strong>ex</strong></span> <span class='ocrx_word' id='word_1_31' title='bbox 517 545 654 602; x_wconf 87' lang='lat' dir='ltr'><strong>Romana</strong></span> <span class='ocrx_word' id='word_1_32' title='bbox 675 544 768 602; x_wconf 88' lang='lat' dir='ltr'><strong>classe</strong></span> <span class='ocrx_word' id='word_1_33' title='bbox 788 564 806 601; x_wconf 90' lang='lat' dir='ltr'><strong>a</strong></span> <span class='ocrx_word' id='word_1_34' title='bbox 818 546 852 602; x_wconf 92' lang='lat' dir='ltr'><strong>P.</strong></span> <span class='ocrx_word' id='word_1_35' title='bbox 865 546 994 621; x_wconf 85' lang='lat' dir='ltr'><strong>Sulpicio</strong></span> <span class='ocrx_word' id='word_1_36' title='bbox 1013 545 1127 602; x_wconf 82' lang='lat' dir='ltr'><strong>missos.</strong></span> 
     </span>
     <span class='ocr_line' id='line_1_5' title="bbox 60 649 1128 726; baseline -0.002 -20"><span class='ocrx_word' id='word_1_37' title='bbox 60 650 212 706; x_wconf 80' lang='lat' dir='ltr'><strong>Adversus</strong></span> <span class='ocrx_word' id='word_1_38' title='bbox 234 651 310 705; x_wconf 90' lang='lat' dir='ltr'><strong>hunc</strong></span> <span class='ocrx_word' id='word_1_39' title='bbox 332 649 434 705; x_wconf 92' lang='lat' dir='ltr'><strong>ducem</strong></span> <span class='ocrx_word' id='word_1_40' title='bbox 457 656 544 721; x_wconf 85' lang='lat' dir='ltr'><strong>atque</strong></span> <span class='ocrx_word' id='word_1_41' title='bbox 566 650 620 706; x_wconf 89' lang='lat' dir='ltr'><strong>has</strong></span> <span class='ocrx_word' id='word_1_42' title='bbox 642 650 741 724; x_wconf 88' lang='lat' dir='ltr'><strong>copias</strong></span> <span class='ocrx_word' id='word_1_43' title='bbox 756 650 910 726; x_wconf 83' lang='lat' dir='ltr'><strong>Philippus</strong></span> <span class='ocrx_word' id='word_1_44' title='bbox 927 650 970 706; x_wconf 91' lang='lat' dir='ltr'><strong>his</strong></span> <span class='ocrx_word' id='word_1_45' title='bbox 988 667 1128 724; x_wconf 90' lang='lat' dir='ltr'><strong>prospero</strong></span> 
     </span>
     <span class='ocr_line' id='line_1_6' title="bbox 60 752 1130 829; baseline -0.004 -18"><span class='ocrx_word' id='word_1_46' title='bbox 60 763 166 812; x_wconf 87' lang='lat' dir='ltr'><strong>eventu</strong></span> <span class='ocrx_word' id='word_1_47' title='bbox 198 753 354 829; x_wconf 78' lang='lat' dir='ltr'><strong>pugnavit3</strong></span> <span class='ocrx_word' id='word_1_48' title='bbox 402 752 480 808; x_wconf 89' lang='lat' dir='ltr'><strong>mille</strong></span> <span class='ocrx_word' id='word_1_49' title='bbox 517 753 675 811; x_wconf 82' lang='lat' dir='ltr'><strong>admodum</strong></span> <span class='ocrx_word' id='word_1_50' title='bbox 708 755 834 812; x_wconf 87' lang='lat' dir='ltr'><strong>hostium</strong></span> <span class='ocrx_word' id='word_1_51' title='bbox 871 764 994 828; x_wconf 89' lang='lat' dir='ltr'><strong>utraque</strong></span> <span class='ocrx_word' id='word_1_52' title='bbox 1030 770 1130 827; x_wconf 87' lang='lat' dir='ltr'><strong>pugna</strong></span> 
     </span>
     <span class='ocr_line' id='line_1_7' title="bbox 60 857 1161 934; baseline -0.005 -18"><span class='ocrx_word' id='word_1_53' title='bbox 60 858 175 916; x_wconf 89' lang='lat' dir='ltr'><strong>occidit.</strong></span> <span class='ocrx_word' id='word_1_54' title='bbox 225 857 297 914; x_wconf 89' lang='lat' dir='ltr'><strong>Inde</strong></span> <span class='ocrx_word' id='word_1_55' title='bbox 314 877 402 931; x_wconf 90' lang='lat' dir='ltr'><strong>quum</strong></span> <span class='ocrx_word' id='word_1_56' title='bbox 413 857 509 915; x_wconf 86' lang='lat' dir='ltr'><strong>AEtoli</strong></span> <span class='ocrx_word' id='word_1_57' title='bbox 523 867 601 915; x_wconf 88' lang='lat' dir='ltr'><strong>metu</strong></span> <span class='ocrx_word' id='word_1_58' title='bbox 614 860 756 934; x_wconf 91' lang='lat' dir='ltr'><strong>compulsi</strong></span> <span class='ocrx_word' id='word_1_59' title='bbox 768 860 879 916; x_wconf 86' lang='lat' dir='ltr'><strong>Lamiae</strong></span> <span class='ocrx_word' id='word_1_60' title='bbox 894 858 974 914; x_wconf 88' lang='lat' dir='ltr'><strong>urbis</strong></span> <span class='ocrx_word' id='word_1_61' title='bbox 986 857 1128 913; x_wconf 89' lang='lat' dir='ltr'><strong>moenibus</strong></span> <span class='ocrx_word' id='word_1_62' title='bbox 1144 867 1161 921; x_wconf 80' lang='lat'><strong>3</strong></span> 
     </span>
     <span class='ocr_line' id='line_1_8' title="bbox 60 961 1129 1036; baseline -0.003 -16"><span class='ocrx_word' id='word_1_63' title='bbox 60 971 191 1020; x_wconf 87' lang='lat' dir='ltr'><strong>tenerent</strong></span> <span class='ocrx_word' id='word_1_64' title='bbox 221 979 299 1032; x_wconf 84' lang='lat' dir='ltr'><strong>sese,</strong></span> <span class='ocrx_word' id='word_1_65' title='bbox 332 961 486 1036; x_wconf 85' lang='lat' dir='ltr'>Philippus</span> <span class='ocrx_word' id='word_1_66' title='bbox 515 964 553 1019; x_wconf 91' lang='lat' dir='ltr'><strong>ad</strong></span> <span class='ocrx_word' id='word_1_67' title='bbox 592 964 722 1021; x_wconf 82' lang='lat' dir='ltr'><strong>Phalara</strong></span> <span class='ocrx_word' id='word_1_68' title='bbox 766 965 923 1022; x_wconf 84' lang='lat' dir='ltr'><strong>exercitum</strong></span> <span class='ocrx_word' id='word_1_69' title='bbox 961 962 1060 1030; x_wconf 89' lang='lat' dir='ltr'><strong>duxit;</strong></span> <span class='ocrx_word' id='word_1_70' title='bbox 1099 962 1129 1017; x_wconf 92' lang='lat' dir='ltr'><strong>in</strong></span> 
     </span>
     <span class='ocr_line' id='line_1_9' title="bbox 60 1065 1129 1142; baseline -0.002 -18"><span class='ocrx_word' id='word_1_71' title='bbox 60 1068 188 1124; x_wconf 82' lang='lat' dir='ltr'><strong>Maliaco</strong></span> <span class='ocrx_word' id='word_1_72' title='bbox 222 1067 285 1123; x_wconf 91' lang='lat' dir='ltr'><strong>sinu</strong></span> <span class='ocrx_word' id='word_1_73' title='bbox 317 1067 342 1122; x_wconf 90' lang='lat' dir='ltr'><strong>is</strong></span> <span class='ocrx_word' id='word_1_74' title='bbox 384 1065 465 1123; x_wconf 90' lang='lat' dir='ltr'><strong>locus</strong></span> <span class='ocrx_word' id='word_1_75' title='bbox 498 1076 559 1138; x_wconf 78' lang='lat' dir='ltr'><strong>est,</strong></span> <span class='ocrx_word' id='word_1_76' title='bbox 600 1069 747 1142; x_wconf 85' lang='lat' dir='ltr'><strong>quondam</strong></span> <span class='ocrx_word' id='word_1_77' title='bbox 784 1068 950 1142; x_wconf 84' lang='lat' dir='ltr'><strong>frequenter</strong></span> <span class='ocrx_word' id='word_1_78' title='bbox 980 1068 1129 1124; x_wconf 85' lang='lat' dir='ltr'><strong>habitatus</strong></span> 
     </span>
     <span class='ocr_line' id='line_1_10' title="bbox 60 1172 1127 1247; baseline -0.001 -18"><span class='ocrx_word' id='word_1_79' title='bbox 60 1181 181 1246; x_wconf 87' lang='lat' dir='ltr'><strong>propter</strong></span> <span class='ocrx_word' id='word_1_80' title='bbox 213 1172 360 1246; x_wconf 84' lang='lat' dir='ltr'><strong>egregium</strong></span> <span class='ocrx_word' id='word_1_81' title='bbox 392 1180 507 1245; x_wconf 91' lang='lat' dir='ltr'><strong>portum</strong></span> <span class='ocrx_word' id='word_1_82' title='bbox 542 1181 676 1247; x_wconf 88' lang='lat' dir='ltr'><strong>tutasque</strong></span> <span class='ocrx_word' id='word_1_83' title='bbox 708 1175 786 1231; x_wconf 88' lang='lat' dir='ltr'><strong>circa</strong></span> <span class='ocrx_word' id='word_1_84' title='bbox 817 1175 957 1231; x_wconf 89' lang='lat' dir='ltr'><strong>stationes</strong></span> <span class='ocrx_word' id='word_1_85' title='bbox 987 1182 1016 1228; x_wconf 88' lang='lat' dir='ltr'><strong>et</strong></span> <span class='ocrx_word' id='word_1_86' title='bbox 1040 1172 1127 1228; x_wconf 90' lang='lat' dir='ltr'><strong>aliam</strong></span> 
     </span>
     <span class='ocr_line' id='line_1_11' title="bbox 60 1277 1159 1352; baseline 0 -19"><span class='ocrx_word' id='word_1_87' title='bbox 60 1277 306 1352; x_wconf 79' lang='lat' dir='ltr'><strong>opportunitatem</strong></span> <span class='ocrx_word' id='word_1_88' title='bbox 337 1277 511 1333; x_wconf 79' lang='lat' dir='ltr'><strong>maritimam</strong></span> <span class='ocrx_word' id='word_1_89' title='bbox 542 1286 772 1352; x_wconf 79' lang='lat' dir='ltr'><strong>terrestremque.</strong></span> <span class='ocrx_word' id='word_1_90' title='bbox 821 1280 867 1335; x_wconf 87' lang='lat' dir='ltr'><strong>Eo</strong></span> <span class='ocrx_word' id='word_1_91' title='bbox 889 1277 979 1352; x_wconf 84' lang='lat' dir='ltr'><strong>legati</strong></span> <span class='ocrx_word' id='word_1_92' title='bbox 1000 1279 1038 1335; x_wconf 88' lang='lat' dir='ltr'><strong>ab</strong></span> <span class='ocrx_word' id='word_1_93' title='bbox 1060 1289 1159 1351; x_wconf 72' lang='lat' dir='ltr'><strong>regau</strong></span> 
     </span>
     <span class='ocr_line' id='line_1_12' title="bbox 60 1380 1128 1457; baseline 0 -18"><span class='ocrx_word' id='word_1_94' title='bbox 60 1382 187 1457; x_wconf 81' lang='lat' dir='ltr'><strong>AEgypti</strong></span> <span class='ocrx_word' id='word_1_95' title='bbox 208 1380 367 1437; x_wconf 85' lang='lat' dir='ltr'><strong>Ptolemaeo</strong></span> <span class='ocrx_word' id='word_1_96' title='bbox 389 1382 569 1455; x_wconf 87' lang='lat' dir='ltr'><strong>Rhodiisque</strong></span> <span class='ocrx_word' id='word_1_97' title='bbox 592 1391 620 1438; x_wconf 89' lang='lat' dir='ltr'><strong>et</strong></span> <span class='ocrx_word' id='word_1_98' title='bbox 642 1382 869 1440; x_wconf 81' lang='lat' dir='ltr'><strong>Atheniensibus</strong></span> <span class='ocrx_word' id='word_1_99' title='bbox 892 1392 921 1440; x_wconf 88' lang='lat' dir='ltr'><strong>et</strong></span> <span class='ocrx_word' id='word_1_100' title='bbox 937 1382 1017 1440; x_wconf 86' lang='lat' dir='ltr'><strong>Chiis</strong></span> <span class='ocrx_word' id='word_1_101' title='bbox 1039 1401 1128 1439; x_wconf 86' lang='lat' dir='ltr'><strong>vene·</strong></span> 
     </span>
     <span class='ocr_line' id='line_1_13' title="bbox 60 1485 1128 1563; baseline 0 -19"><span class='ocrx_word' id='word_1_102' title='bbox 60 1495 128 1544; x_wconf 85' lang='lat' dir='ltr'><strong>runt</strong></span> <span class='ocrx_word' id='word_1_103' title='bbox 160 1486 197 1542; x_wconf 92' lang='lat' dir='ltr'><strong>ad</strong></span> <span class='ocrx_word' id='word_1_104' title='bbox 229 1486 420 1542; x_wconf 90' lang='lat' dir='ltr'><strong>dirimendum</strong></span> <span class='ocrx_word' id='word_1_105' title='bbox 449 1485 524 1542; x_wconf 89' lang='lat' dir='ltr'><strong>iuter</strong></span> <span class='ocrx_word' id='word_1_106' title='bbox 553 1487 720 1562; x_wconf 90' lang='lat' dir='ltr'><strong>Philippum</strong></span> <span class='ocrx_word' id='word_1_107' title='bbox 752 1497 841 1563; x_wconf 89' lang='lat' dir='ltr'><strong>atque</strong></span> <span class='ocrx_word' id='word_1_108' title='bbox 866 1490 985 1546; x_wconf 87' lang='lat' dir='ltr'><strong>AEtolos</strong></span> <span class='ocrx_word' id='word_1_109' title='bbox 1013 1489 1128 1545; x_wconf 87' lang='lat' dir='ltr'><strong>bellum.</strong></span> 
     </span>
     <span class='ocr_line' id='line_1_14' title="bbox 59 1590 1161 1668; baseline 0.003 -20"><span class='ocrx_word' id='word_1_110' title='bbox 59 1591 219 1648; x_wconf 88' lang='lat' dir='ltr'><strong>Adhibitus</strong></span> <span class='ocrx_word' id='word_1_111' title='bbox 243 1592 279 1646; x_wconf 89' lang='lat' dir='ltr'><strong>ab</strong></span> <span class='ocrx_word' id='word_1_112' title='bbox 301 1590 412 1647; x_wconf 88' lang='lat' dir='ltr'><strong>AEtolis</strong></span> <span class='ocrx_word' id='word_1_113' title='bbox 445 1599 474 1646; x_wconf 87' lang='lat' dir='ltr'><strong>et</strong></span> <span class='ocrx_word' id='word_1_114' title='bbox 506 1610 542 1647; x_wconf 87' lang='lat' dir='ltr'><strong>ex</strong></span> <span class='ocrx_word' id='word_1_115' title='bbox 576 1591 703 1648; x_wconf 84' lang='lat' dir='ltr'><strong>finitimis</strong></span> <span class='ocrx_word' id='word_1_116' title='bbox 729 1593 899 1667; x_wconf 86' lang='lat' dir='ltr'><strong>pacificator</strong></span> <span class='ocrx_word' id='word_1_117' title='bbox 927 1595 1128 1668; x_wconf 81' lang='lat' dir='ltr'><strong>Amynander,</strong></span> <span class='ocrx_word' id='word_1_118' title='bbox 1155 1655 1161 1666; x_wconf 27' lang='lat' dir='ltr'>x</span> 
     </span>
     <span class='ocr_line' id='line_1_15' title="bbox 60 1694 1159 1773; baseline 0.001 -20"><span class='ocrx_word' id='word_1_119' title='bbox 60 1715 115 1753; x_wconf 83' lang='lat' dir='ltr'><strong>rex</strong></span> <span class='ocrx_word' id='word_1_120' title='bbox 134 1697 344 1752; x_wconf 88' lang='lat' dir='ltr'><strong>Athamanum.</strong></span> <span class='ocrx_word' id='word_1_121' title='bbox 385 1694 523 1753; x_wconf 90' lang='lat' dir='ltr'><strong>Omnium</strong></span> <span class='ocrx_word' id='word_1_122' title='bbox 546 1704 642 1751; x_wconf 91' lang='lat' dir='ltr'><strong>autem</strong></span> <span class='ocrx_word' id='word_1_123' title='bbox 663 1714 722 1752; x_wconf 92' lang='lat' dir='ltr'><strong>non</strong></span> <span class='ocrx_word' id='word_1_124' title='bbox 743 1707 826 1754; x_wconf 86' lang='lat' dir='ltr'><strong>tanta</strong></span> <span class='ocrx_word' id='word_1_125' title='bbox 847 1718 901 1773; x_wconf 90' lang='lat' dir='ltr'><strong>pro</strong></span> <span class='ocrx_word' id='word_1_126' title='bbox 924 1699 1035 1755; x_wconf 85' lang='lat' dir='ltr'><strong>AEtolis</strong></span> <span class='ocrx_word' id='word_1_127' title='bbox 1058 1707 1159 1761; x_wconf 89' lang='lat' dir='ltr'><strong>cura5</strong></span> 
     </span>
     <span class='ocr_line' id='line_1_16' title="bbox 60 1799 1140 1876; baseline 0.001 -20"><span class='ocrx_word' id='word_1_128' title='bbox 60 1809 140 1871; x_wconf 82' lang='lat' dir='ltr'><strong>erat,</strong></span> <span class='ocrx_word' id='word_1_129' title='bbox 173 1800 309 1857; x_wconf 77' lang='lat' dir='ltr'><strong>ferociori</strong></span> <span class='ocrx_word' id='word_1_130' title='bbox 331 1819 418 1874; x_wconf 91' lang='lat' dir='ltr'><strong>quam</strong></span> <span class='ocrx_word' id='word_1_131' title='bbox 441 1819 494 1874; x_wconf 90' lang='lat' dir='ltr'><strong>pro</strong></span> <span class='ocrx_word' id='word_1_132' title='bbox 513 1799 633 1872; x_wconf 84' lang='lat' dir='ltr'><strong>ingeniis</strong></span> <span class='ocrx_word' id='word_1_133' title='bbox 657 1799 827 1858; x_wconf 87' lang='lat' dir='ltr'><strong>Graecorum</strong></span> <span class='ocrx_word' id='word_1_134' title='bbox 850 1812 949 1876; x_wconf 84' lang='lat' dir='ltr'><strong>gente,</strong></span> <span class='ocrx_word' id='word_1_135' title='bbox 981 1821 1069 1876; x_wconf 87' lang='lat' dir='ltr'><strong>quum</strong></span> <span class='ocrx_word' id='word_1_136' title='bbox 1091 1820 1140 1858; x_wconf 66' lang='lat' dir='ltr'><strong>ner</strong></span> 
     </span>
     <span class='ocr_line' id='line_1_17' title="bbox 59 1904 1128 1980; baseline -0.002 -18"><span class='ocrx_word' id='word_1_137' title='bbox 59 1905 213 1980; x_wconf 90' lang='lat' dir='ltr'><strong>Philippus</strong></span> <span class='ocrx_word' id='word_1_138' title='bbox 242 1923 421 1979; x_wconf 85' lang='lat' dir='ltr'><strong>regnumque</strong></span> <span class='ocrx_word' id='word_1_139' title='bbox 442 1905 503 1961; x_wconf 90' lang='lat' dir='ltr'><strong>eins</strong></span> <span class='ocrx_word' id='word_1_140' title='bbox 523 1904 611 1960; x_wconf 90' lang='lat' dir='ltr'><strong>rebus</strong></span> <span class='ocrx_word' id='word_1_141' title='bbox 633 1904 764 1976; x_wconf 72' lang='lat' dir='ltr'><strong>Graecia,</strong></span> <span class='ocrx_word' id='word_1_142' title='bbox 786 1924 877 1979; x_wconf 83' lang='lat' dir='ltr'><strong>grave</strong></span> <span class='ocrx_word' id='word_1_143' title='bbox 900 1905 1028 1962; x_wconf 84' lang='lat' dir='ltr'><strong>libertati</strong></span> <span class='ocrx_word' id='word_1_144' title='bbox 1048 1904 1128 1961; x_wconf 85' lang='lat' dir='ltr'><strong>futu·</strong></span> 
     </span>
     <span class='ocr_line' id='line_1_18' title="bbox 59 2009 1158 2084; baseline -0.002 -16"><span class='ocrx_word' id='word_1_145' title='bbox 59 2031 134 2081; x_wconf 81' lang='lat' dir='ltr'><strong>rum,</strong></span> <span class='ocrx_word' id='word_1_146' title='bbox 150 2011 368 2070; x_wconf 81' lang='lat' dir='ltr'><strong>immisceretur.</strong></span> <span class='ocrx_word' id='word_1_147' title='bbox 401 2011 448 2067; x_wconf 90' lang='lat' dir='ltr'><strong>De</strong></span> <span class='ocrx_word' id='word_1_148' title='bbox 469 2027 542 2084; x_wconf 81' lang='lat' dir='ltr'><strong>pace</strong></span> <span class='ocrx_word' id='word_1_149' title='bbox 564 2009 655 2066; x_wconf 90' lang='lat' dir='ltr'><strong>dilata</strong></span> <span class='ocrx_word' id='word_1_150' title='bbox 676 2011 849 2067; x_wconf 88' lang='lat' dir='ltr'><strong>consultatio</strong></span> <span class='ocrx_word' id='word_1_151' title='bbox 869 2018 913 2066; x_wconf 89' lang='lat' dir='ltr'><strong>ast</strong></span> <span class='ocrx_word' id='word_1_152' title='bbox 932 2010 961 2066; x_wconf 92' lang='lat' dir='ltr'><strong>in</strong></span> <span class='ocrx_word' id='word_1_153' title='bbox 974 2009 1158 2074; x_wconf 81' lang='lat' dir='ltr'><strong>conciliumss</strong></span> 
     </span>
     <span class='ocr_line' id='line_1_19' title="bbox 60 2114 1127 2185; baseline -0.004 -11"><span class='ocrx_word' id='word_1_154' title='bbox 60 2118 253 2185; x_wconf 82' lang='lat' dir='ltr'><strong>Aehaeorum3</strong></span> <span class='ocrx_word' id='word_1_155' title='bbox 290 2116 410 2173; x_wconf 89' lang='lat' dir='ltr'><strong>concilio</strong></span> <span class='ocrx_word' id='word_1_156' title='bbox 439 2123 468 2170; x_wconf 92' lang='lat' dir='ltr'><strong>et</strong></span> <span class='ocrx_word' id='word_1_157' title='bbox 494 2115 575 2171; x_wconf 89' lang='lat' dir='ltr'><strong>locus</strong></span> <span class='ocrx_word' id='word_1_158' title='bbox 603 2124 631 2170; x_wconf 89' lang='lat' dir='ltr'><strong>et</strong></span> <span class='ocrx_word' id='word_1_159' title='bbox 657 2115 718 2172; x_wconf 90' lang='lat' dir='ltr'><strong>dies</strong></span> <span class='ocrx_word' id='word_1_160' title='bbox 751 2125 831 2173; x_wconf 89' lang='lat' dir='ltr'><strong>certa</strong></span> <span class='ocrx_word' id='word_1_161' title='bbox 857 2115 981 2183; x_wconf 83' lang='lat' dir='ltr'><strong>indiota3</strong></span> <span class='ocrx_word' id='word_1_162' title='bbox 1013 2114 1127 2171; x_wconf 90' lang='lat' dir='ltr'><strong>interim</strong></span> 
     </span>
     <span class='ocr_line' id='line_1_20' title="bbox 61 2218 1158 2296; baseline -0.003 -18"><span class='ocrx_word' id='word_1_163' title='bbox 61 2221 179 2296; x_wconf 86' lang='lat' dir='ltr'><strong>triginta</strong></span> <span class='ocrx_word' id='word_1_164' title='bbox 214 2222 323 2278; x_wconf 88' lang='lat' dir='ltr'><strong>dierum</strong></span> <span class='ocrx_word' id='word_1_165' title='bbox 357 2220 475 2277; x_wconf 83' lang='lat' dir='ltr'><strong>indutiae</strong></span> <span class='ocrx_word' id='word_1_166' title='bbox 507 2218 677 2292; x_wconf 81' lang='lat' dir='ltr'><strong>impetratae.</strong></span> <span class='ocrx_word' id='word_1_167' title='bbox 725 2220 880 2278; x_wconf 84' lang='lat' dir='ltr'><strong>Profectus</strong></span> <span class='ocrx_word' id='word_1_168' title='bbox 908 2220 975 2276; x_wconf 88' lang='lat' dir='ltr'><strong>inde</strong></span> <span class='ocrx_word' id='word_1_169' title='bbox 1001 2238 1054 2276; x_wconf 86' lang='lat' dir='ltr'><strong>rex</strong></span> <span class='ocrx_word' id='word_1_170' title='bbox 1076 2231 1158 2294; x_wconf 85' lang='lat' dir='ltr'><strong>per7</strong></span> 
     </span>
     <span class='ocr_line' id='line_1_21' title="bbox 62 2323 1128 2400; baseline -0.004 -16"><span class='ocrx_word' id='word_1_171' title='bbox 62 2327 246 2384; x_wconf 87' lang='lat' dir='ltr'><strong>Thessaliam</strong></span> <span class='ocrx_word' id='word_1_172' title='bbox 268 2327 472 2400; x_wconf 89' lang='lat' dir='ltr'><strong>Boeotiamque</strong></span> <span class='ocrx_word' id='word_1_173' title='bbox 495 2323 663 2381; x_wconf 83' lang='lat' dir='ltr'><strong>Chalcidem</strong></span> <span class='ocrx_word' id='word_1_174' title='bbox 685 2325 805 2381; x_wconf 84' lang='lat' dir='ltr'><strong>Euboeae</strong></span> <span class='ocrx_word' id='word_1_175' title='bbox 827 2325 915 2395; x_wconf 82' lang='lat' dir='ltr'><strong>venit,</strong></span> <span class='ocrx_word' id='word_1_176' title='bbox 937 2333 968 2379; x_wconf 85' lang='lat' dir='ltr'><strong>ut</strong></span> <span class='ocrx_word' id='word_1_177' title='bbox 984 2324 1128 2399; x_wconf 70' lang='lat' dir='ltr'><strong>Attalum,</strong></span> 
     </span>
     <span class='ocr_line' id='line_1_22' title="bbox 63 2429 1129 2506; baseline -0.004 -17"><span class='ocrx_word' id='word_1_178' title='bbox 63 2451 149 2506; x_wconf 91' lang='lat' dir='ltr'><strong>quem</strong></span> <span class='ocrx_word' id='word_1_179' title='bbox 173 2433 264 2490; x_wconf 83' lang='lat' dir='ltr'><strong>classe</strong></span> <span class='ocrx_word' id='word_1_180' title='bbox 285 2433 428 2488; x_wconf 85' lang='lat' dir='ltr'><strong>Euboeam</strong></span> <span class='ocrx_word' id='word_1_181' title='bbox 450 2429 606 2505; x_wconf 87' lang='lat' dir='ltr'><strong>petiturum</strong></span> <span class='ocrx_word' id='word_1_182' title='bbox 630 2429 779 2499; x_wconf 81' lang='lat' dir='ltr'><strong>audierat,</strong></span> <span class='ocrx_word' id='word_1_183' title='bbox 808 2429 940 2505; x_wconf 91' lang='lat' dir='ltr'><strong>portibus</strong></span> <span class='ocrx_word' id='word_1_184' title='bbox 963 2438 992 2485; x_wconf 88' lang='lat' dir='ltr'><strong>et</strong></span> <span class='ocrx_word' id='word_1_185' title='bbox 1011 2429 1129 2486; x_wconf 87' lang='lat' dir='ltr'><strong>litorum</strong></span> 
     </span>
     <span class='ocr_line' id='line_1_23' title="bbox 62 2534 1161 2612; baseline -0.003 -19"><span class='ocrx_word' id='word_1_186' title='bbox 62 2537 187 2612; x_wconf 91' lang='lat' dir='ltr'><strong>appulsu</strong></span> <span class='ocrx_word' id='word_1_187' title='bbox 210 2546 328 2594; x_wconf 80' lang='lat' dir='ltr'><strong>arceret.</strong></span> <span class='ocrx_word' id='word_1_188' title='bbox 356 2535 462 2604; x_wconf 77' lang='lat' dir='ltr'><strong>lude,</strong></span> <span class='ocrx_word' id='word_1_189' title='bbox 488 2534 622 2608; x_wconf 84' lang='lat' dir='ltr'><strong>praesidio</strong></span> <span class='ocrx_word' id='word_1_190' title='bbox 644 2535 745 2592; x_wconf 85' lang='lat' dir='ltr'><strong>relicto</strong></span> <span class='ocrx_word' id='word_1_191' title='bbox 768 2535 909 2591; x_wconf 86' lang='lat' dir='ltr'><strong>adversus</strong></span> <span class='ocrx_word' id='word_1_192' title='bbox 930 2535 1080 2604; x_wconf 86' lang='lat' dir='ltr'><strong>Attalum,</strong></span> <span class='ocrx_word' id='word_1_193' title='bbox 1104 2535 1161 2600; x_wconf 86' lang='lat' dir='ltr'><strong>si8</strong></span> 
     </span>
     <span class='ocr_line' id='line_1_24' title="bbox 62 2637 1130 2713; baseline 0 -17"><span class='ocrx_word' id='word_1_194' title='bbox 62 2641 140 2697; x_wconf 88' lang='lat' dir='ltr'><strong>forte</strong></span> <span class='ocrx_word' id='word_1_195' title='bbox 166 2640 279 2696; x_wconf 85' lang='lat' dir='ltr'><strong>interim</strong></span> <span class='ocrx_word' id='word_1_196' title='bbox 308 2639 486 2707; x_wconf 77' lang='lat' dir='ltr'><strong>traiecisset,</strong></span> <span class='ocrx_word' id='word_1_197' title='bbox 520 2637 667 2713; x_wconf 85' lang='lat' dir='ltr'><strong>profectus</strong></span> <span class='ocrx_word' id='word_1_198' title='bbox 697 2639 760 2713; x_wconf 88' lang='lat' dir='ltr'><strong>ipse</strong></span> <span class='ocrx_word' id='word_1_199' title='bbox 789 2656 854 2695; x_wconf 90' lang='lat' dir='ltr'><strong>cum</strong></span> <span class='ocrx_word' id='word_1_200' title='bbox 876 2641 977 2713; x_wconf 87' lang='lat' dir='ltr'><strong>paucis</strong></span> <span class='ocrx_word' id='word_1_201' title='bbox 1002 2640 1130 2713; x_wconf 85' lang='lat' dir='ltr'><strong>equitnm</strong></span> 
     </span>
     <span class='ocr_line' id='line_1_25' title="bbox 63 2741 1160 2818; baseline -0.002 -17"><span class='ocrx_word' id='word_1_202' title='bbox 63 2745 193 2818; x_wconf 89' lang='lat' dir='ltr'><strong>levisque</strong></span> <span class='ocrx_word' id='word_1_203' title='bbox 233 2752 387 2800; x_wconf 84' lang='lat' dir='ltr'><strong>armaturae</strong></span> <span class='ocrx_word' id='word_1_204' title='bbox 419 2744 519 2815; x_wconf 87' lang='lat' dir='ltr'><strong>Argos</strong></span> <span class='ocrx_word' id='word_1_205' title='bbox 551 2741 641 2800; x_wconf 81' lang='lat' dir='ltr'><strong>venit.</strong></span> <span class='ocrx_word' id='word_1_206' title='bbox 697 2743 743 2798; x_wconf 92' lang='lat' dir='ltr'><strong>lbi</strong></span> <span class='ocrx_word' id='word_1_207' title='bbox 776 2743 926 2799; x_wconf 89' lang='lat' dir='ltr'><strong>curatione</strong></span> <span class='ocrx_word' id='word_1_208' title='bbox 958 2745 1160 2808; x_wconf 84' lang='lat' dir='ltr'><strong>Heraeorum9</strong></span> 
     </span>
     <span class='ocr_line' id='line_1_26' title="bbox 62 2846 1130 2922; baseline -0.006 -14"><span class='ocrx_word' id='word_1_209' title='bbox 62 2852 299 2922; x_wconf 87' lang='lat' dir='ltr'><strong>Nemeorumque</strong></span> <span class='ocrx_word' id='word_1_210' title='bbox 329 2846 475 2921; x_wconf 85' lang='lat' dir='ltr'><strong>suffragiis</strong></span> <span class='ocrx_word' id='word_1_211' title='bbox 507 2847 607 2921; x_wconf 92' lang='lat' dir='ltr'><strong>populi</strong></span> <span class='ocrx_word' id='word_1_212' title='bbox 628 2846 667 2902; x_wconf 86' lang='lat' dir='ltr'><strong>ad</strong></span> <span class='ocrx_word' id='word_1_213' title='bbox 688 2865 753 2902; x_wconf 91' lang='lat' dir='ltr'><strong>eum</strong></span> <span class='ocrx_word' id='word_1_214' title='bbox 775 2846 888 2916; x_wconf 76' lang='lat' dir='ltr'><strong>delata,</strong></span> <span class='ocrx_word' id='word_1_215' title='bbox 921 2847 991 2920; x_wconf 90' lang='lat' dir='ltr'><strong>quia</strong></span> <span class='ocrx_word' id='word_1_216' title='bbox 1012 2865 1044 2903; x_wconf 90' lang='lat' dir='ltr'><strong>se</strong></span> <span class='ocrx_word' id='word_1_217' title='bbox 1064 2847 1130 2902; x_wconf 91' lang='lat' dir='ltr'><strong>Ma·</strong></span> 
     </span>
     <span class='ocr_line' id='line_1_27' title="bbox 64 2950 1130 3029; baseline -0.005 -16"><span class='ocrx_word' id='word_1_218' title='bbox 64 2957 205 3014; x_wconf 84' lang='lat' dir='ltr'><strong>cadonum</strong></span> <span class='ocrx_word' id='word_1_219' title='bbox 226 2972 310 3029; x_wconf 87' lang='lat' dir='ltr'><strong>reges</strong></span> <span class='ocrx_word' id='word_1_220' title='bbox 333 2972 370 3009; x_wconf 88' lang='lat' dir='ltr'><strong>ex</strong></span> <span class='ocrx_word' id='word_1_221' title='bbox 392 2971 428 3008; x_wconf 90' lang='lat' dir='ltr'><strong>ea</strong></span> <span class='ocrx_word' id='word_1_222' title='bbox 449 2952 566 3011; x_wconf 88' lang='lat' dir='ltr'><strong>civitate</strong></span> <span class='ocrx_word' id='word_1_223' title='bbox 595 2950 733 3008; x_wconf 89' lang='lat' dir='ltr'><strong>oriundos</strong></span> <span class='ocrx_word' id='word_1_224' title='bbox 758 2950 868 3022; x_wconf 75' lang='lat' dir='ltr'><strong>ferunt,</strong></span> <span class='ocrx_word' id='word_1_225' title='bbox 901 2952 1016 3008; x_wconf 86' lang='lat' dir='ltr'><strong>Heraeis</strong></span> <span class='ocrx_word' id='word_1_226' title='bbox 1049 2951 1130 3022; x_wconf 80' lang='lat' dir='ltr'><strong>actis,</strong></span> 
     </span>
     <span class='ocr_line' id='line_1_28' title="bbox 64 3056 1130 3136; baseline -0.005 -18"><span class='ocrx_word' id='word_1_227' title='bbox 64 3061 101 3118; x_wconf 89' lang='lat' dir='ltr'><strong>ab</strong></span> <span class='ocrx_word' id='word_1_228' title='bbox 129 3061 194 3136; x_wconf 90' lang='lat' dir='ltr'><strong>ipso</strong></span> <span class='ocrx_word' id='word_1_229' title='bbox 224 3059 335 3117; x_wconf 86' lang='lat' dir='ltr'><strong>ludicro</strong></span> <span class='ocrx_word' id='word_1_230' title='bbox 366 3057 511 3132; x_wconf 84' lang='lat' dir='ltr'><strong>extemplo</strong></span> <span class='ocrx_word' id='word_1_231' title='bbox 542 3056 664 3130; x_wconf 86' lang='lat' dir='ltr'><strong>AEgium</strong></span> <span class='ocrx_word' id='word_1_232' title='bbox 695 3056 843 3132; x_wconf 90' lang='lat' dir='ltr'><strong>profectus</strong></span> <span class='ocrx_word' id='word_1_233' title='bbox 866 3067 909 3114; x_wconf 91' lang='lat' dir='ltr'><strong>est</strong></span> <span class='ocrx_word' id='word_1_234' title='bbox 931 3057 968 3114; x_wconf 88' lang='lat' dir='ltr'><strong>ad</strong></span> <span class='ocrx_word' id='word_1_235' title='bbox 990 3057 1130 3113; x_wconf 90' lang='lat' dir='ltr'><strong>indictum</strong></span> 
     </span>
     <span class='ocr_line' id='line_1_29' title="bbox 64 3161 1183 3228; baseline -0.006 -6"><span class='ocrx_word' id='word_1_236' title='bbox 64 3166 154 3222; x_wconf 90' lang='lat' dir='ltr'><strong>multo</strong></span> <span class='ocrx_word' id='word_1_237' title='bbox 177 3174 244 3222; x_wconf 88' lang='lat' dir='ltr'><strong>ante</strong></span> <span class='ocrx_word' id='word_1_238' title='bbox 265 3165 410 3220; x_wconf 88' lang='lat' dir='ltr'><strong>sociorum</strong></span> <span class='ocrx_word' id='word_1_239' title='bbox 433 3161 595 3220; x_wconf 89' lang='lat' dir='ltr'><strong>concilium.</strong></span> <span class='ocrx_word' id='word_1_240' title='bbox 642 3161 689 3218; x_wconf 92' lang='lat' dir='ltr'><strong>Ibi</strong></span> <span class='ocrx_word' id='word_1_241' title='bbox 712 3162 749 3217; x_wconf 95' lang='lat' dir='ltr'><strong>de</strong></span> <span class='ocrx_word' id='word_1_242' title='bbox 763 3162 895 3220; x_wconf 87' lang='lat' dir='ltr'><strong>AEtolico</strong></span> <span class='ocrx_word' id='word_1_243' title='bbox 912 3163 1037 3220; x_wconf 89' lang='lat' dir='ltr'><strong>finiendo</strong></span> <span class='ocrx_word' id='word_1_244' title='bbox 1054 3162 1129 3217; x_wconf 89' lang='lat' dir='ltr'><strong>hello</strong></span> <span class='ocrx_word' id='word_1_245' title='bbox 1148 3173 1183 3228; x_wconf 83' lang='lat'><strong>10</strong></span> 
     </span>
     <span class='ocr_line' id='line_1_30' title="bbox 65 3267 1129 3339; baseline -0.004 -13"><span class='ocrx_word' id='word_1_246' title='bbox 65 3279 175 3339; x_wconf 81' lang='lat' dir='ltr'><strong>actum,</strong></span> <span class='ocrx_word' id='word_1_247' title='bbox 203 3289 240 3327; x_wconf 90' lang='lat' dir='ltr'><strong>ne</strong></span> <span class='ocrx_word' id='word_1_248' title='bbox 264 3289 353 3327; x_wconf 88' lang='lat' dir='ltr'><strong>causa</strong></span> <span class='ocrx_word' id='word_1_249' title='bbox 383 3279 434 3325; x_wconf 92' lang='lat' dir='ltr'><strong>aut</strong></span> <span class='ocrx_word' id='word_1_250' title='bbox 458 3267 599 3326; x_wconf 85' lang='lat' dir='ltr'><strong>Romanis</strong></span> <span class='ocrx_word' id='word_1_251' title='bbox 626 3276 677 3324; x_wconf 88' lang='lat' dir='ltr'><strong>aut</strong></span> <span class='ocrx_word' id='word_1_252' title='bbox 699 3267 803 3324; x_wconf 84' lang='lat' dir='ltr'><strong>Attalo</strong></span> <span class='ocrx_word' id='word_1_253' title='bbox 832 3267 959 3324; x_wconf 89' lang='lat' dir='ltr'><strong>intrandi</strong></span> <span class='ocrx_word' id='word_1_254' title='bbox 983 3267 1129 3325; x_wconf 85' lang='lat' dir='ltr'><strong>Graeciam</strong></span> 
     </span>
     <span class='ocr_line' id='line_1_31' title="bbox 63 3351 1178 3447; baseline -0.002 -17"><span class='ocrx_word' id='word_1_255' title='bbox 63 3351 149 3432; x_wconf 82' lang='lat' dir='ltr'><strong>esset.</strong></span> <span class='ocrx_word' id='word_1_256' title='bbox 184 3374 243 3432; x_wconf 88' lang='lat' dir='ltr'><strong>Sed</strong></span> <span class='ocrx_word' id='word_1_257' title='bbox 265 3393 301 3431; x_wconf 91' lang='lat' dir='ltr'><strong>ea</strong></span> <span class='ocrx_word' id='word_1_258' title='bbox 323 3374 429 3444; x_wconf 83' lang='lat' dir='ltr'><strong>omnia,</strong></span> <span class='ocrx_word' id='word_1_259' title='bbox 452 3372 572 3428; x_wconf 87' lang='lat' dir='ltr'><strong>vixdum</strong></span> <span class='ocrx_word' id='word_1_260' title='bbox 594 3371 771 3429; x_wconf 89' lang='lat' dir='ltr'><strong>indutiarum</strong></span> <span class='ocrx_word' id='word_1_261' title='bbox 792 3381 924 3447; x_wconf 87' lang='lat' dir='ltr'><strong>tempore</strong></span> <span class='ocrx_word' id='word_1_262' title='bbox 945 3374 1130 3443; x_wconf 83' lang='lat' dir='ltr'><strong>circumacto,</strong></span> <span class='ocrx_word' id='word_1_263' title='bbox 1145 3386 1178 3438; x_wconf 85' lang='lat'><strong>11</strong></span> 
     </span>
     <span class='ocr_line' id='line_1_32' title="bbox 64 3478 1132 3552; baseline -0.002 -17"><span class='ocrx_word' id='word_1_264' title='bbox 64 3479 160 3535; x_wconf 86' lang='lat' dir='ltr'><strong>AEtoli</strong></span> <span class='ocrx_word' id='word_1_265' title='bbox 187 3481 356 3550; x_wconf 77' lang='lat' dir='ltr'><strong>turbavere,</strong></span> <span class='ocrx_word' id='word_1_266' title='bbox 389 3488 543 3552; x_wconf 85' lang='lat' dir='ltr'><strong>postquam</strong></span> <span class='ocrx_word' id='word_1_267' title='bbox 572 3487 601 3533; x_wconf 89' lang='lat' dir='ltr'><strong>et</strong></span> <span class='ocrx_word' id='word_1_268' title='bbox 631 3478 766 3535; x_wconf 87' lang='lat' dir='ltr'><strong>Attalum</strong></span> <span class='ocrx_word' id='word_1_269' title='bbox 788 3479 941 3552; x_wconf 32' lang='lat' dir='ltr'><strong>AEginamv</strong></span> <span class='ocrx_word' id='word_1_270' title='bbox 961 3479 1076 3535; x_wconf 89' lang='lat' dir='ltr'><strong>venisse</strong></span> <span class='ocrx_word' id='word_1_271' title='bbox 1103 3485 1132 3534; x_wconf 92' lang='lat' dir='ltr'><strong>et</strong></span> 
     </span>
     <span class='ocr_line' id='line_1_33' title="bbox 66 3582 1182 3658; baseline -0.002 -17"><span class='ocrx_word' id='word_1_272' title='bbox 66 3584 231 3641; x_wconf 88' lang='lat' dir='ltr'><strong>Romanam</strong></span> <span class='ocrx_word' id='word_1_273' title='bbox 264 3586 386 3642; x_wconf 87' lang='lat' dir='ltr'><strong>classem</strong></span> <span class='ocrx_word' id='word_1_274' title='bbox 418 3592 496 3640; x_wconf 85' lang='lat' dir='ltr'><strong>stare</strong></span> <span class='ocrx_word' id='word_1_275' title='bbox 529 3582 567 3638; x_wconf 92' lang='lat' dir='ltr'><strong>ad</strong></span> <span class='ocrx_word' id='word_1_276' title='bbox 599 3582 787 3658; x_wconf 82' lang='lat' dir='ltr'><strong>Naupactum</strong></span> <span class='ocrx_word' id='word_1_277' title='bbox 824 3583 970 3644; x_wconf 85' lang='lat' dir='ltr'><strong>audivere.</strong></span> <span class='ocrx_word' id='word_1_278' title='bbox 1023 3583 1132 3642; x_wconf 78' lang='lat' dir='ltr'><strong>Vocati</strong></span> <span class='ocrx_word' id='word_1_279' title='bbox 1150 3594 1182 3649; x_wconf 83' lang='lat'><strong>12</strong></span> 
     </span>
     <span class='ocr_line' id='line_1_34' title="bbox 65 3665 1130 3760; baseline 0 -14"><span class='ocrx_word' id='word_1_280' title='bbox 65 3690 142 3747; x_wconf 91' lang='lat' dir='ltr'><strong>enim</strong></span> <span class='ocrx_word' id='word_1_281' title='bbox 164 3690 193 3745; x_wconf 91' lang='lat' dir='ltr'><strong>in</strong></span> <span class='ocrx_word' id='word_1_282' title='bbox 215 3690 366 3748; x_wconf 91' lang='lat' dir='ltr'><strong>concilium</strong></span> <span class='ocrx_word' id='word_1_283' title='bbox 392 3690 582 3757; x_wconf 75' lang='lat' dir='ltr'><strong>Achaeorum,</strong></span> <span class='ocrx_word' id='word_1_284' title='bbox 605 3687 715 3760; x_wconf 89' lang='lat' dir='ltr'><strong>inquo</strong></span> <span class='ocrx_word' id='word_1_285' title='bbox 738 3696 766 3742; x_wconf 90' lang='lat' dir='ltr'><strong>et</strong></span> <span class='ocrx_word' id='word_1_286' title='bbox 782 3665 829 3742; x_wconf 33' lang='lat' dir='ltr'><strong>‘eae</strong></span> <span class='ocrx_word' id='word_1_287' title='bbox 854 3687 1014 3760; x_wconf 85' lang='lat' dir='ltr'><strong>legationes</strong></span> <span class='ocrx_word' id='word_1_288' title='bbox 1039 3698 1130 3760; x_wconf 84' lang='lat' dir='ltr'><strong>erant,</strong></span> 
     </span>
     <span class='ocr_line' id='line_1_35' title="bbox 61 3793 1211 3876; baseline -0.002 -23"><span class='ocrx_word' id='word_1_289' title='bbox 61 3820 131 3876; x_wconf 82' lang='lat' dir='ltr'><strong>¹quae</strong></span> <span class='ocrx_word' id='word_1_290' title='bbox 155 3799 193 3856; x_wconf 88' lang='lat' dir='ltr'><strong>ad</strong></span> <span class='ocrx_word' id='word_1_291' title='bbox 214 3797 344 3854; x_wconf 87' lang='lat' dir='ltr'><strong>Phalara</strong></span> <span class='ocrx_word' id='word_1_292' title='bbox 365 3803 485 3869; x_wconf 85' lang='lat' dir='ltr'><strong>egerant</strong></span> <span class='ocrx_word' id='word_1_293' title='bbox 507 3794 543 3857; x_wconf 86' lang='lat' dir='ltr'><strong>de</strong></span> <span class='ocrx_word' id='word_1_294' title='bbox 567 3812 649 3869; x_wconf 79' lang='lat' dir='ltr'><strong>pace,</strong></span> <span class='ocrx_word' id='word_1_295' title='bbox 671 3793 765 3868; x_wconf 90' lang='lat' dir='ltr'><strong>primo</strong></span> <span class='ocrx_word' id='word_1_296' title='bbox 794 3793 892 3866; x_wconf 87' lang='lat' dir='ltr'><strong>questi</strong></span> <span class='ocrx_word' id='word_1_297' title='bbox 911 3803 979 3849; x_wconf 89' lang='lat' dir='ltr'><strong>sunt</strong></span> <span class='ocrx_word' id='word_1_298' title='bbox 998 3795 1130 3868; x_wconf 89' lang='lat' dir='ltr'><strong>quaedam</strong></span> <span class='ocrx_word' id='word_1_299' title='bbox 1199 3805 1211 3818; x_wconf 89' lang='grc'><em>·</em></span> 
     </span>
     <span class='ocr_line' id='line_1_36' title="bbox 67 3897 1159 3979; baseline -0.005 -17"><span class='ocrx_word' id='word_1_300' title='bbox 67 3923 159 3979; x_wconf 87' lang='lat' dir='ltr'><strong>parva</strong></span> <span class='ocrx_word' id='word_1_301' title='bbox 190 3911 292 3960; x_wconf 87' lang='lat' dir='ltr'><strong>contra</strong></span> <span class='ocrx_word' id='word_1_302' title='bbox 323 3901 408 3958; x_wconf 89' lang='lat' dir='ltr'><strong>fidem</strong></span> <span class='ocrx_word' id='word_1_303' title='bbox 443 3899 642 3957; x_wconf 84' lang='lat' dir='ltr'><strong>conventionis</strong></span> <span class='ocrx_word' id='word_1_304' title='bbox 673 3909 803 3972; x_wconf 84' lang='lat' dir='ltr'><strong>tempore</strong></span> <span class='ocrx_word' id='word_1_305' title='bbox 831 3897 1007 3971; x_wconf 85' lang='lat' dir='ltr'><strong>indutiarum</strong></span> <span class='ocrx_word' id='word_1_306' title='bbox 1036 3897 1130 3960; x_wconf 60' lang='lat' dir='ltr'><strong>iactat</strong></span> <span class='ocrx_word' id='word_1_307' title='bbox 1150 3910 1159 3934; x_wconf 88' lang='grc'><strong>-·</strong></span> 
     </span>
    </p>
   </div>
   <div class='ocr_carea' id='block_1_3' title="bbox 93 4006 898 4062">
    <p class='ocr_par' dir='ltr' id='par_1_3' title="bbox 93 4006 898 4062">
     <span class='ocr_line' id='line_1_37' title="bbox 93 4006 898 4062; baseline -0.006 -9"><span class='ocrx_word' id='word_1_308' title='bbox 93 4018 157 4054; x_wconf 81' lang='lat' dir='ltr'><strong>livius</strong></span> <span class='ocrx_word' id='word_1_309' title='bbox 173 4028 195 4053; x_wconf 79' lang='lat' dir='ltr'><strong>ex</strong></span> <span class='ocrx_word' id='word_1_310' title='bbox 210 4027 248 4054; x_wconf 80' lang='lat' dir='ltr'><strong>reo.</strong></span> <span class='ocrx_word' id='word_1_311' title='bbox 264 4014 360 4062; x_wconf 71' lang='lat' dir='ltr'><strong>halsigu.</strong></span> <span class='ocrx_word' id='word_1_312' title='bbox 393 4014 424 4052; x_wconf 79' lang='lat' dir='ltr'><strong>tv.</strong></span> <span class='ocrx_word' id='word_1_313' title='bbox 885 4006 898 4052; x_wconf 84' lang='lat'><strong>7</strong></span> 
     </span>
    </p>
   </div>
   <div class='ocr_carea' id='block_1_4' title="bbox 0 0 1362 4426">
    <p class='ocr_par' dir='ltr' id='par_1_4' title="bbox 0 0 1362 4426">
     <span class='ocr_line' id='line_1_38' title="bbox 0 0 1362 4426; baseline 0 0"><span class='ocrx_word' id='word_1_314' title='bbox 0 0 1362 4426; x_wconf 95' lang='lat' dir='ltr'><strong> </strong></span> 
     </span>
    </p>
   </div>
  </div>
 </body>
</html>
