2812 4556
575 269 640 312 XXV

58 469 135 527 pere
161 449 267 523 (Oreo,
288 449 349 506 cod.
371 449 504 515 Heacnii·
527 468 562 507 eo
584 468 617 506 en
638 452 777 524 superiore
797 469 877 508 vasu
900 449 1063 526 repetitum.)
1102 453 1135 508 15

59 536 124 591 iam
149 535 209 590 hoc
232 534 298 605 (119.
321 532 385 593 Em.
411 533 483 606 273)
502 539 506 602 Ι
525 533 752 608 impetraverant
774 543 802 590 et
824 536 861 590 ab
885 535 949 607 (119.
967 534 1021 590 ibd.
1064 539 1136 590 Pro·

61 635 166 674 nonsen
188 617 371 672 necessatium
393 625 440 686 est,
465 617 540 690 quod
560 619 614 691 ipsi
637 617 800 686 Locrenses,
817 626 922 691 prater
944 619 1054 689 ieqotos,
1075 625 1138 672 ante

62 701 206 756 nominati
215 718 267 756 non
278 707 350 767 sunt,
362 699 412 756 sed
421 701 566 772 siqnijicati
575 702 679 756 nomine
691 700 824 773 Locros.)
835 700 890 770 IV,
913 704 922 757 1
939 709 965 756 et
977 703 993 756 2
1003 699 1136 755 loturum.

941 815 951 835 ι
1006 807 1024 835 ie

65 872 103 910 ea
127 860 212 920 aetns,
233 849 262 908 id
277 848 437 924 ingenium
461 859 490 908 ot
509 860 618 908 tutores
640 852 707 924 (My.
730 860 827 912 coest.
852 858 895 909 P:
917 851 1068 919 aeeetasit;
1094 853 1137 908 iit·

67 945 137 992 teron
161 935 355 1009 superscriptos
381 953 399 988 a
416 936 511 1008 punina
530 943 579 990 uod
605 936 695 990 ultera
715 953 807 994 manu.
851 935 950 1006 Eam,
972 953 1033 1009 qua
1056 938 1140 1008 pueri

66 1021 179 1074 nomine
205 1019 260 1074 mm
279 1017 431 1089 siqniicata
453 1026 500 1086 est,
522 1025 636 1086 atatem,
661 1017 691 1072 id
711 1019 858 1089 inqenium,
894 1017 969 1092 quod
989 1020 1035 1074 uie
1057 1018 1138 1074 iiber·

69 1111 158 1157 tatem
179 1101 283 1156 modice
306 1101 425 1156 diturum
446 1109 514 1168 erat,
537 1109 637 1156 tutores
656 1110 818 1174 acceperunt
838 1101 878 1158 ad
898 1095 1137 1176 pracipitundum.

68 1185 111 1241 Et
140 1203 176 1239 ec
207 1192 219 1238 1
250 1182 366 1254 notam.)
404 1185 419 1238 3
450 1183 568 1240 Lacuna
601 1185 640 1239 sic
675 1184 813 1257 expietur:
846 1184 1082 1240 Andranodocntn
1113 1193 1139 1240 et

69 1267 222 1342 Zoippum,
245 1267 294 1340 qui
314 1263 569 1338 Syracusanorum.
617 1265 799 1338 (Testamento
821 1275 922 1324 tutores
942 1267 1138 1324 constitueban-

71 1360 119 1406 tur
148 1357 222 1406 certo
254 1348 364 1417 ordine,
394 1367 447 1404 uon
479 1351 528 1423 qui
556 1367 570 1405 e
599 1345 782 1422 Syracusanis
806 1351 972 1409 eccellenent.
1027 1349 1139 1407 Rectius

76 1433 186 1504 Vatia.)
223 1437 240 1488 4
269 1427 301 1505 (a
331 1431 441 1487 addidit
462 1431 578 1504 Stratis.)
616 1436 631 1488 5
660 1431 780 1502 vellent,
804 1432 960 1506 disciplina
983 1433 1050 1504 (My.
1073 1432 1138 1493 Em.

71 1515 135 1572 273
150 1534 176 1574 n.
222 1513 368 1588 Appositio
395 1515 478 1570 nihilo
499 1517 591 1589 aptior
618 1533 700 1588 quom
720 1515 891 1588 asyndeton.)
911 1511 915 1592 Ι
935 1513 1067 1589 [eductus
1083 1533 1139 1588 pro

73 1599 196 1654 edoctus
229 1595 296 1652 Tan.
323 1595 408 1669 Fac.)
448 1601 463 1653 7
495 1597 651 1670 (Lacunam
671 1599 775 1654 notauit
794 1598 919 1671 ÷Weiss.)
956 1601 972 1655 8
1004 1598 1137 1669 (celebre.

73 1678 165 1738 Brevi
181 1697 195 1736 e
209 1685 252 1736 P:
274 1679 415 1736 celebravi
440 1679 516 1736 Creo.
539 1680 632 1736 Drolo.
655 1699 706 1741 om.
729 1680 828 1753 Brevi)
851 1681 890 1749 V,
917 1685 927 1738 1
947 1681 1007 1737 Vix
1023 1680 1138 1756 quidem

74 1763 126 1820 ulli
151 1765 217 1835 (Mo.
239 1761 303 1820 Em.
327 1762 395 1818 274.
442 1760 524 1830 Quod
552 1763 646 1820 Weiss.
665 1773 757 1837 putat,
781 1766 861 1820 edam
882 1767 987 1820 numeri
1006 1766 1138 1820 notionem

73 1847 181 1902 intendi
196 1863 293 1919 posse,
318 1863 370 1900 non
385 1855 477 1919 potest
497 1848 579 1902 simod
597 1865 658 1902 cane
672 1848 785 1912 uirtute·
807 1849 847 1903 sic
869 1849 937 1904 enine
958 1847 1140 1921 Hieronymus

75 1932 103 1986 in
124 1930 202 1985 bonis
223 1927 331 2000 sepibus
349 1930 477 2002 pontiur:
517 1929 613 2002 Lon9e
633 1930 690 1985 alia
712 1938 752 1986 est
772 1932 902 1986 orationis
916 1931 1012 2002 sorana
1034 1931 1061 1984 in
1091 1929 1139 1997 VI,

75 2013 125 2080 34,
138 2013 179 2084 ti.)
196 2015 212 2068 3
230 2010 269 2084 (ei
292 2027 389 2085 consp.
405 2017 478 2080 eP:
501 2021 529 2068 ot
544 2031 643 2086 consp.
673 2012 769 2073 Weiss.
782 2012 874 2068 Dralo.
888 2011 1001 2086 consp.)
1025 2013 1042 2068 9
1059 2009 1139 2083 (cal-

76 2095 172 2152 lonem
190 2113 245 2170 pro
260 2092 391 2149 calonem
409 2093 439 2153 O.
455 2093 491 2151 F.
507 2095 639 2167 Matthia)
659 2097 693 2151 12
710 2095 791 2168 (Lao.
806 2104 860 2151 not.
875 2095 1020 2151 Boettcher
1026 2116 1037 2160 ,·
1059 2095 1140 2151 aliter

55 2191 57 2196 ’
77 2176 285 2252 supplevimus.)
302 2175 356 2244 VI,
374 2179 389 2231 7
407 2177 446 2250 (Ρ
461 2187 556 2252 pactu.
591 2184 688 2234 Potest
701 2179 928 2252 somptumsuisse
943 2177 980 2234 ud
995 2176 1089 2234 foedus
1105 2195 1141 2234 ex

79 2279 138 2318 soc.
146 2279 170 2319 c.
179 2261 219 2320 H.
232 2267 319 2334 pacta
329 2257 502 2320 faciendum.
515 2259 717 2333 Convenio-)
729 2261 800 2328 VII,
812 2265 828 2317 4
842 2260 941 2318 structi
952 2261 1044 2332 (codd.
1054 2278 1140 2325 cecc..-

79 2343 144 2398 ΕΜ.
156 2344 227 2416 274)
252 2346 267 2398 7
281 2341 310 2397 in
325 2341 534 2399 multitudinem
550 2343 630 2416 (Aut
643 2345 771 2417 Pergere
782 2344 811 2398 in
824 2343 1031 2400 multitudinem
1041 2343 1142 2400 Latine

79 2426 255 2494 condicitur,
270 2427 324 2480 nisi
337 2424 384 2480 ott
396 2427 511 2498 impetus
525 2427 702 2498 siyaiticatur.
746 2431 844 2482 Potest
855 2428 1098 2500 scsiptumsuisse:
1113 2426 1142 2482 in
1176 2467 1178 2472 .

80 2507 190 2576 forum,
223 2506 403 2564 multitudine
429 2507 495 2564 laetu
521 2508 676 2581 libertate.)
711 2511 727 2566 9
751 2509 801 2582 (ud
824 2509 979 2583 provinoiae
998 2527 1052 2583 pro
1074 2527 1142 2582 pro-

81 2591 204 2648 vinciam
220 2591 348 2662 Piqlzius)
375 2595 407 2646 10
425 2591 582 2648 communio
599 2592 691 2665 (codd.
706 2593 772 2667 oiiq.
785 2593 867 2664 cecc.)
890 2592 978 2660 VIII,
1006 2595 1013 2648 1
1037 2591 1100 2664 (aut
1113 2591 1143 2647 id

82 2673 185 2730 bellum
210 2692 266 2748 pro
296 2681 346 2728 aui
367 2672 472 2730 bellum
498 2671 533 2733 G.
553 2674 666 2744 Becker,
689 2693 812 2748 eumque
828 2693 884 2748 pro
906 2692 1029 2748 cumque
1057 2671 1142 2733 Goon.

82 2757 171 2815 orat.
194 2774 259 2812 eum
283 2774 317 2811 eo
339 2756 434 2828 hoste)
459 2755 539 2814 501)
562 2760 618 2813 sine
639 2760 715 2814 uncis
729 2757 831 2830 (Dolo.)
858 2761 892 2814 10
909 2757 1072 2831 (Euspectes
1093 2764 1144 2813 aut

83 2840 233 2895 deomant
254 2835 333 2911 belli)
361 2841 395 2894 15
410 2839 450 2910 (Ρ
473 2839 623 2913 mariquib.
649 2839 815 2900 Hannibali.
832 2839 917 2896 Latet
930 2840 1040 2912 aliquid
1047 2861 1057 2904 ;
1080 2857 1144 2894 nam.

83 2941 165 2996 neque
186 2922 273 2978 etium
291 2929 354 2978 ante
375 2922 453 2977 velut
477 2931 571 2995 aptum
586 2932 724 2996 estusque
739 2922 848 2996 quaevis
869 2922 896 2980 u.
913 2923 931 2978 1.
952 2939 1008 2996 pre
1023 2922 1144 2978 omnibus

83 3004 179 3061 Liuias
211 3005 335 3061 dictutus
365 3003 447 3080 erat.)
491 3008 525 3061 16
561 3014 711 3080 opponant
742 3003 841 3079 (Scine.
866 3009 893 3060 Ρ
925 3005 1143 3078 oppugnabant.

84 3087 160 3150 Fert.
167 3089 256 3162 plura
266 3087 442 3159 ecciderunt.)
463 3090 496 3145 18
509 3088 569 3160 (oro
580 3088 746 3162 suadeoque
758 3107 812 3163 pro
824 3086 991 3160 suadeoque
1002 3086 1144 3158 Herteius)

86 3174 122 3226 20
136 3171 170 3226 ad
186 3169 391 3244 praecuvendas
407 3170 513 3226 similes
529 3171 626 3228 clades
637 3173 808 3227 documento
821 3171 912 3226 econi.
925 3169 1015 3226 Fabri
1028 3168 1144 3244 (Strati.

85 3259 112 3310 P
129 3253 165 3310 ud
179 3252 371 3327 praecavenda
393 3253 500 3309 similes
521 3254 604 3310 utiles
625 3254 738 3310 docum.
786 3251 851 3309 Non
867 3261 937 3310 recte
951 3261 1146 3327 componuntur

85 3335 175 3392 tristia
186 3336 320 3410 exemplo
328 3343 354 3391 ot
361 3335 555 3412 documento.)
567 3337 624 3406 IX,
638 3338 654 3393 9
666 3337 828 3410 (Eumedes
839 3346 926 3409 etque
940 3335 1024 3410 ipsi..
1036 3336 1144 3392 haben-

87 3419 107 3474 oi
128 3420 211 3475 etita
232 3417 356 3490 Rinkes.)
384 3424 480 3474 locut
501 3419 530 3474 in
552 3420 713 3494 exemplum
730 3421 795 3492 (Ma.
810 3419 874 3475 Em.
892 3419 963 3490 274)
989 3421 1019 3475 11
1040 3417 1088 3488 (ex
1110 3435 1145 3474 oa

87 3521 117 3558 re
137 3501 206 3559 linis.
228 3520 282 3572 pro
305 3519 342 3556 ex
363 3500 406 3577 re)
460 3503 506 3568 X,
529 3507 542 3558 4
570 3521 623 3576 pro
645 3511 768 3577 proetore
790 3498 919 3576 (screto.
944 3503 965 3558 Ρ
986 3511 1015 3556 et
1029 3501 1071 3574 p‘r.
1087 3500 1145 3575 pri-

89 3584 142 3641 oris
164 3584 231 3640 unni
253 3603 306 3658 pro
328 3583 387 3660 pr.)
412 3587 429 3641 8
454 3585 507 3641 sub
531 3595 637 3641 temam
660 3583 754 3660 (codd.
773 3584 860 3657 neoc.)
885 3581 889 3659 Ι
910 3581 1030 3658 (impet-u
1058 3587 1144 3642 Gran.

88 3685 136 3739 pro
166 3665 304 3742 impetus)
337 3669 354 3724 9
384 3686 486 3726 nucem
523 3671 583 3724 sine
615 3678 685 3724 notu
717 3666 843 3744 (Viticse
879 3669 918 3722 W.
950 3669 1144 3737 iuterpanoit,

90 3754 146 3820 ipsa
170 3751 318 3822 porticula
341 3769 397 3824 que
420 3751 541 3806 ostendit
564 3752 619 3807 duo
642 3755 670 3806 in
691 3751 821 3820 Sabinis,
845 3751 900 3805 duo
927 3748 1021 3804 Gabiis
1044 3746 1144 3822 tacto.)

94 3836 122 3889 11
146 3833 255 3908 (quum,
278 3832 327 3908 qui
343 3835 435 3890 discit.
449 3851 503 3904 pro
526 3833 575 3907 qui
598 3852 674 3896 oum,
690 3833 780 3891 Drais.
793 3831 928 3907 quitum.
942 3875 949 3892 .
963 3875 970 3891 .
991 3829 1145 3902 negarunt)

92 3916 161 3985 XII,
186 3919 203 3973 6
227 3925 291 3972 eret
307 3915 510 3974 -Luceriam
535 3916 571 3990 (l.
585 3919 617 3973 H.
641 3919 771 3985 Vossius,
794 3915 900 3971 eccidit
923 3921 954 3968 at
973 3922 1038 3984 post
1060 3909 1144 3987 erut.)

93 3998 182 4068 XIII,
214 3999 231 4054 3
258 3999 361 4054 lacuna
383 4001 532 4070 sopietur:
557 4001 626 4056 urbs
660 4003 689 4054 in
713 4006 882 4071 potestatem
910 4000 970 4053 eius
1002 3996 1144 4052 tradatur.

92 4079 116 4136 in
137 4089 287 4156 potestate.
330 4085 346 4136 5
369 4081 398 4137 in
410 4081 535 4152 Italiam,
559 4080 743 4138 Brundisium
762 4081 830 4155 (Mo.
843 4079 932 4139 Drals.
949 4097 1037 4153 quum
1051 4079 1145 4133 Brun·

94 4163 206 4236 ouium,
230 4165 265 4221 de
286 4165 370 4223 codd.
396 4163 513 4240 tacens.)
540 4167 576 4222 10
596 4162 705 4239 equites
716 4165 753 4238 I),
766 4166 814 4237 qui
827 4162 863 4238 (P
873 4161 983 4237 equites
997 4159 1143 4235 praesidio)
