2700 4426
437 215 515 263 Liber
532 213 632 264 xxm.
669 217 715 278 (A.
730 216 777 268 ch.
790 217 862 280 216.)
1082 219 1136 274 125
1170 240 1173 251 “

112 415 172 451 rem
202 397 241 451 ad
265 396 389 465 Poenoa,
418 397 508 453 filium
531 397 665 455 iuvenem
688 399 825 469 adduxit,
854 401 1030 456 abstractum
1055 419 1073 455 a
1095 401 1211 458 Deeii3

112 499 206 573 Magii
241 499 347 569 latere,
387 519 451 557 eum
485 519 543 574 quo
577 501 756 559 ferocissime
786 521 840 577 pro
872 504 1007 560 Romana
1040 507 1179 562 societate

112 605 253 661 adversus
290 605 432 662 Punicum
469 605 563 663 foedus
599 616 735 677 steterat,
767 625 821 664 nee
853 627 917 664 eum
955 617 1005 665 aut
1041 609 1180 668 inclinata

112 711 140 765 in
168 717 282 783 partem
310 709 432 765 alteram
465 710 568 767 civitas
593 722 642 768 aut
671 713 768 786 patria
792 713 931 769 maiestas
958 716 1101 771 sententia
1129 716 1177 772 de-

111 814 236 888 pulerat.
303 813 381 871 Huic
413 823 474 870 tum
513 823 598 888 pater
636 815 733 873 iuveni
764 817 961 872 Hannibalem
994 817 1208 893 deprecandos

113 919 207 993 magis
244 937 331 992 quam
364 918 518 992 purgando
553 918 695 993 placavit,
731 921 883 994 vietusque
918 922 1010 996 patris
1042 923 1176 996 precibus

111 1023 299 1096 lacrimisque
322 1023 410 1079 etiem
434 1023 593 1081 aduenam
617 1043 682 1081 eum
705 1045 770 1082 eum
792 1035 876 1100 patre
897 1027 998 1083 vocari
1018 1027 1109 1096 iussit,
1132 1026 1208 1083 eui5

112 1127 248 1185 convivio
263 1126 407 1183 neminem
421 1124 602 1200 Campanum
617 1137 810 1202 praeterquam
821 1131 951 1204 hospites
963 1131 1178 1204 Vibelliumque

113 1235 278 1301 Tauream,
310 1231 454 1304 insignem
481 1231 557 1287 bello
584 1232 694 1302 virum,
728 1234 909 1291 adhibiturus
937 1245 1008 1290 erat.
1056 1235 1207 1308 Epularib

113 1345 263 1411 eoeperunt
277 1336 314 1391 de
329 1335 385 1404 die,
408 1344 437 1391 et
459 1336 623 1393 convivium
639 1355 697 1394 non
720 1358 757 1394 ex
772 1356 853 1394 more
868 1338 980 1394 Punico
995 1348 1046 1394 aut
1061 1339 1177 1395 militari

112 1440 266 1516 disciplina
289 1458 367 1509 esse,
399 1439 460 1507 sed,
482 1449 514 1495 ut
540 1441 570 1496 in
593 1428 710 1498 ciuitate
731 1450 819 1515 atque
841 1442 927 1498 etiam
954 1443 1041 1498 domo
1069 1442 1177 1497 ditias

112 1546 274 1614 luxuriosa,
303 1543 437 1601 omnibus
460 1544 652 1618 voluptatium
684 1545 825 1603 illecebris
856 1547 1035 1604 instructum.
1091 1548 1176 1604 Unus
1191 1534 1223 1602 7'

111 1670 166 1708 nee
194 1651 377 1706 dominorum
414 1648 586 1705 invitatione
619 1668 672 1706 nee
704 1651 794 1725 ipsius
826 1652 969 1708 interdum
1002 1651 1176 1708 Hannibalis
1243 1643 1246 1646 ’

113 1753 253 1813 Calavius
273 1755 349 1812 filius
378 1755 499 1828 perpelli
517 1755 558 1810 ad
582 1756 741 1829 potandum
763 1757 871 1831 potuit,
898 1756 961 1830 ipse
981 1755 1175 1812 valetudinem
1210 1779 1213 1784 ·

112 1878 271 1931 excusans,
297 1867 383 1935 patre
410 1858 499 1914 animi
527 1876 644 1932 quoque
672 1860 733 1915 eius
763 1861 842 1916 haud
870 1860 1031 1916 mirabilem
1059 1868 1175 1934 pertur-

111 1965 259 2022 bationem
281 1972 429 2021 causante
473 1962 550 2021 Solis
572 1963 663 2021 ferme
692 1983 797 2021 occasu
827 1972 939 2038 patrem
962 1963 1114 2020 Calavium
1139 1973 1205 2027 ex8

111 2069 248 2126 convivio
272 2087 419 2143 egressum
444 2076 559 2126 secutus
581 2070 667 2138 filius,
689 2070 738 2126 ubi
759 2068 789 2124 in
811 2078 950 2125 secretum
978 2067 1090 2140 (hortos
1113 2077 1176 2124 erat

110 2172 231 2248 posticis
269 2174 372 2229 adium
408 2171 553 2247 partibus)
590 2182 798 2246 pervenerunt,
840 2171 1036 2241 „Consilium“
1081 2172 1204 2246 inquil9

112 2274 232 2346 „aliern
254 2285 346 2352 pater,
370 2296 427 2352 quo
442 2296 501 2334 non
522 2277 637 2334 veniam
659 2278 752 2334 solum
775 2277 896 2350 peceati,
919 2278 995 2350 quod
1018 2276 1175 2333 defecimus

110 2382 148 2437 ad
171 2382 376 2453 Hannibalem,
398 2381 583 2457 impetraturi
604 2383 641 2439 ab
656 2382 807 2451 Romanis,
828 2383 879 2437 sed
901 2381 930 2436 in
952 2381 1042 2437 multo
1065 2382 1175 2437 maiore

98 2483 251 2558 ‚dignitate
283 2496 312 2542 et
341 2488 437 2563 gratia
465 2488 555 2544 simus
583 2487 741 2562 Campani,
784 2505 871 2561 quam
904 2504 1031 2559 unquam
1059 2485 1174 2555 fuimus,

101 2590 227 2663 sideest
272 2590 368 2662 Quum
397 2592 586 2649 mirabundus
613 2601 711 2665 pater,
742 2591 879 2666 quidnam
902 2591 932 2646 id
957 2597 1033 2646 esset
1055 2590 1174 2659 consilii,
1191 2593 1225 2645 10

109 2704 266 2766 quaereret,
299 2707 370 2770 toga
401 2697 511 2754 reiecta
541 2696 579 2752 ab
606 2697 737 2763 humero,
767 2696 844 2751 latus
865 2696 1041 2753 succinctum
1073 2694 1173 2768 gladio

108 2798 210 2855 nudat.
256 2802 339 2870 ,Iam
355 2806 437 2885 'ego“
462 2801 556 2875 inquit
579 2801 739 2874 „sanguine
762 2800 936 2856 Hannibalis
959 2799 1087 2855 sanciam
1110 2800 1173 2854 Ro·
1191 2802 1221 2853 ll

110 2920 227 2959 manum
250 2904 353 2963 foedus.
396 2907 442 2963 Te
463 2907 493 2962 id
514 2905 594 2980 prius
615 2903 689 2966 seire
710 2905 800 2973 volui,
824 2906 848 2961 si
872 2904 948 2961 ferte
970 2903 1081 2972 abesse,
1104 2903 1172 2957 dum

106 3007 222 3066 facinus
245 3018 392 3085 patratur,
422 3009 550 3067 mallee.“
603 3010 675 3082 Quae
705 3010 755 3066 ubi
786 3008 896 3065 audivit
922 3007 1052 3080 viditque
1074 3025 1171 3075 senex,
1246 3001 1268 3067 9

108 3111 188 3168 velut
212 3112 237 3169 si
265 3114 323 3171 iam
346 3114 476 3189 agendis,
507 3133 572 3187 qum
602 3113 748 3182 audiebat,
775 3113 942 3179 interesset,
973 3128 1073 3168 amens
1094 3119 1171 3166 metu

109 3219 189 3287 ,Per
210 3237 264 3294 ego
286 3225 333 3277 te“
368 3220 479 3294 inquit,
514 3221 587 3290 ,fili,
617 3235 795 3293 quaeeunque
823 3217 887 3272 iura
918 3217 1024 3272 liberos
1051 3216 1202 3288 iungunt2

106 3323 292 3397 parentibus,
313 3344 418 3400 precor
440 3343 612 3398 quaesoque,
642 3342 678 3379 ne
700 3330 767 3377 ante
790 3322 891 3377 oeulos
912 3320 1003 3395 patris
1025 3319 1121 3375 faeere
1144 3329 1172 3375 et

105 3427 169 3501 pati
202 3428 299 3484 omnia
329 3427 450 3484 infanda
482 3428 563 3486 velis.
623 3429 731 3484 Paucae
762 3425 842 3480 horae
874 3432 953 3494 sunt,
986 3423 1062 3479 intra
1099 3427 1202 3497 quas3

106 3530 236 3587 iurantes
266 3551 320 3606 per
341 3533 477 3607 quiequid
499 3532 620 3588 deorum
644 3539 701 3600 est,
731 3530 841 3585 dextrae
863 3526 982 3584 dextras
1011 3529 1171 3602 iungentes,

106 3636 193 3693 fidem
228 3636 449 3705 obstrinximus3
487 3636 544 3705 vis,
581 3643 711 3691 saeratae
747 3634 804 3689 fide
840 3650 955 3701 uranus,
999 3633 1121 3708 digressi
1154 3653 1172 3688 a

105 3739 268 3814 eolloqoio,
299 3741 445 3815 extemplo
474 3741 503 3795 in
532 3758 597 3796 eum
626 3737 791 3795 armemus?
823 3739 872 3793 Ab
903 3735 1041 3810 hospitali
1071 3748 1200 3800 mensae

106 3844 217 3918 surgis,
250 3844 288 3901 ad
318 3864 406 3919 quam
429 3844 531 3901 tertius
554 3841 772 3916 Campanorum
796 3839 941 3896 adhibitus
969 3859 999 3896 es
1028 3842 1065 3896 ab
1087 3842 1169 3897 Han-

105 3947 217 4017 nibale,
249 3958 282 4004 ut
308 3967 373 4005 eam
403 3948 497 4023 ipsam
530 3965 660 4004 mensam
692 3953 823 4002 eruentes
856 3943 978 4017 hospitis
1008 3944 1169 4018 sanguine?
