2812 4556
442 1501 599 1578 Liber
636 1501 759 1580 XXl.

43 1782 89 1873 ln
124 1821 222 1892 p'arte
255 1813 352 1888 operis
380 1812 439 1870 mei
469 1813 537 1872 licet
567 1816 637 1874 rnihi
664 1815 797 1892 praeferi,
833 1817 912 1890 quod
933 1817 963 1874 in
994 1815 1136 1893 principio

48 1939 186 1977 summas
209 1918 300 1974 totius
322 1917 447 1994 professi
468 1920 599 1994 plerique
621 1929 688 1978 sunt
708 1941 805 1978 rerum
829 1922 1000 1996 scriptores,
1029 1921 1136 1979 bellum

51 2027 194 2084 maxime
225 2024 354 2080 omnium
387 2005 591 2095 memorabile,
622 2043 687 2100 quae
719 2045 846 2101 unquam
875 2036 959 2101 gesta
986 2025 1058 2097 sint,
1091 2045 1138 2083 me

52 2131 252 2206 scripturum,
274 2127 354 2202 quod
376 2127 544 2185 Hannibale
567 2130 639 2187 duce
662 2129 918 2206 Carthaginienses
940 2149 1004 2188 cum
1027 2132 1137 2207 populo

55 2237 205 2294 Romano
227 2250 353 2309 gessere.
397 2233 476 2288 Nam
499 2252 594 2308 neque
615 2235 772 2293 validiores
795 2235 899 2311 opibus
925 2237 990 2293 nllae
1011 2237 1087 2293 inter
1107 2245 1168 2300 se2

56 2343 206 2399 civitates
229 2348 389 2414 gentesque
410 2337 592 2396 coutulerunt
625 2359 721 2411 arma,
752 2359 847 2416 neque
868 2342 913 2398 his
934 2341 1005 2415 ipsis
1026 2351 1138 2398 tantum
1187 2340 1201 2368 ⁶

58 2464 199 2521 unquam
220 2445 326 2501 virium
349 2451 399 2499 aut
420 2442 536 2499 roboris
557 2442 626 2512 fuit,
658 2453 687 2501 et
708 2447 787 2502 haud
815 2445 931 2520 ignotas
961 2445 1030 2502 belli
1060 2455 1138 2502 artes

59 2552 144 2608 inter
166 2569 247 2620 sese,
275 2550 328 2619 sed
350 2555 486 2624 expertus
514 2548 609 2624 primo
631 2551 745 2608 Punico
768 2552 960 2608 conserebant
989 2549 1081 2618 bello,
1111 2558 1140 2604 et

62 2658 144 2714 adeo
167 2657 251 2714 varia
271 2653 391 2710 fortuna
409 2651 477 2710 belli
500 2670 666 2729 ancepsque
687 2657 770 2712 Mers
790 2653 854 2724 fuit,
876 2663 907 2712 ut
929 2655 1049 2730 propius
1064 2653 1140 2729 pori·

62 2763 166 2818 culum
193 2760 318 2830 fuerint,
352 2759 402 2832 qui
430 2757 571 2816 vicerunt.
624 2759 709 2816 Odiis
740 2759 827 2816 etiam
861 2777 954 2835 prope
982 2755 1170 2824 maioribus3

65 2875 220 2924 certarunt
235 2883 324 2940 quam
339 2864 459 2932 viribus,
481 2864 624 2920 Romanis
633 2863 865 2940 indignantibus,
890 2863 969 2936 quod
982 2863 1141 2920 victoribus

65 2973 141 3028 victi
174 2971 250 3029 ultro
278 2968 418 3026 inferrent
448 2985 548 3038 arma,
583 2969 698 3039 Poenis,
731 2968 810 3042 quod
841 2967 966 3043 superbe
994 2986 1142 3041 avareque

67 3075 221 3132 crederent
248 3073 445 3148 imperitatum
477 3071 563 3128 victis
594 3089 667 3132 esse.
710 3075 805 3130 Fame
827 3082 872 3128 est
902 3072 1005 3142 etiem,
1027 3072 1172 3139 Hanni-4

68 3181 167 3237 belem
196 3197 340 3236 annorum
373 3177 466 3234 ferme
497 3194 619 3247 novem,
652 3177 802 3253 pueriliter
837 3177 1031 3234 blandientem
1064 3177 1142 3252 petri

69 3285 246 3356 Hamilcari,
267 3294 300 3342 ut
324 3285 478 3340 duceretur
497 3281 528 3337 in
543 3282 740 3356 Hispaniam,
773 3299 862 3357 quum
884 3281 1014 3357 perfecto
1037 3283 1141 3341 Africo

71 3389 149 3448 bello
171 3390 332 3446 exercitum
354 3408 390 3446 eo
410 3389 582 3446 traiecturus
603 3386 796 3458 sacrificaret,
820 3387 960 3444 altaribus
983 3390 1141 3459 admotum,

71 3496 155 3552 tactis
177 3495 287 3565 sacris,
308 3496 371 3552 iure
392 3493 516 3551 iurando
539 3481 686 3562 adactum,
710 3509 752 3562 se,
774 3509 862 3566 quum
887 3494 1011 3567 primum
1034 3503 1142 3570 posset,

72 3601 184 3655 hostem
218 3597 285 3655 fore
321 3599 431 3674 populo
467 3601 613 3656 Romano.
669 3599 830 3672 Angebant
860 3598 986 3672 ingentis
1024 3601 1172 3676 spiritusb

73 3703 164 3760 virum
188 3704 290 3762 Sicilia
312 3703 508 3777 Sardiniaque
534 3701 663 3758 amissae:
691 3719 760 3758 narn
784 3711 812 3760 et
834 3702 963 3761 Siciliam
985 3705 1071 3762 nimis
1093 3725 1142 3762 ce·

74 3807 124 3864 leri
145 3809 350 3884 desperatione
381 3827 478 3866 rerum
503 3822 672 3864 concessam
694 3816 724 3864 et
746 3809 911 3867 Sardiniam
933 3803 1010 3866 inter
1031 3822 1142 3870 motum

77 3911 182 3970 Africae
202 3913 308 3972 fraude
329 3915 544 3982 Romanorum,
576 3911 720 3985 stipendio
745 3914 833 3971 etiam
855 3913 975 3987 insuper
995 3915 1142 3990 imposito,

27 3995 31 4004 Ι
78 4017 271 4094 interceptam.
315 4020 372 4076 His
398 4016 504 4076 anxius
524 4017 600 4074 curis
621 4017 663 4073 ita
687 4012 845 4076 se-'Airioo
867 4015 954 4087 bello,
987 4021 1066 4092 quod
1087 4021 1143 4079 fuit
1216 4010 1238 4078 2

104 4129 165 4166 livius
181 4141 203 4167 cn
217 4142 259 4168 rer.
276 4130 377 4176 liedvigli.
405 4127 437 4166 lll.
465 4107 471 4123 l
909 4125 920 4166 l
