2704 4552
302 201 341 260 78
572 199 651 251 Liber
668 199 756 250 XXII.
792 200 838 265 (Δ.
853 213 879 252 a.
893 215 915 249 c.
929 198 1003 264 tat.)

258 382 297 440 ad
318 381 481 457 quindecim
506 382 597 442 millia
617 383 743 442 bostium
767 383 948 454 oeciderunt,
972 391 1112 460 quattuor
1140 381 1238 440 millia
1266 397 1320 439 ma

258 487 355 546 multis
378 487 549 546 militaribus
570 488 659 564 signis
681 488 807 565 capiunt.

163 590 208 661 22
341 593 408 650 Hoc
439 603 517 652 statu
548 613 645 652 rerum
672 593 703 652 iu
724 593 870 670 Hispania
898 593 934 650 P.
957 592 1056 669 Scipio
1084 593 1115 650 in
1144 589 1319 668 provinciam

258 697 351 767 venit,
379 707 538 774 prorogato
564 709 631 776 post
657 696 838 756 consulatum
860 697 983 774 imperio
1010 700 1049 756 ab
1078 707 1184 756 senatu
1214 697 1321 767 missus,

259 821 324 860 oum
346 803 466 879 triginta
485 803 580 880 longis
601 803 725 862 navibus
753 813 782 861 at
811 811 877 860 octo
900 803 1026 862 millibus
1055 803 1180 860 militum
1203 820 1320 876 magno·

228 914 316 984 2que
337 917 499 967 commeatu
522 907 652 966 advecto.
699 909 747 966 Ea
768 907 869 966 classis
897 908 1000 984 ingens
1029 909 1147 983 agmine
1173 907 1319 966 oneraris·

258 1033 322 1071 rum
345 1013 446 1090 procul
469 1013 532 1072 visa
554 1031 618 1071 cum
641 1031 750 1088 magna
770 1012 870 1070 launa
891 1012 998 1072 civium
1027 1014 1238 1088 sociorumque
1261 1031 1318 1087 por-

228 1126 320 1182 atum
344 1119 522 1177 Tarraconis
543 1137 581 1176 ex
602 1117 661 1176 alto
682 1118 783 1176 tenuit.
826 1117 874 1176 Ibi
895 1117 985 1175 milita
1011 1119 1157 1194 exposito,
1177 1117 1320 1194 profectus

260 1223 359 1300 Scipio
381 1223 466 1298 fratri
487 1242 520 1280 ae
540 1223 698 1298 coniungit,
719 1240 755 1280 ac
776 1223 879 1280 deinde
900 1223 1045 1292 communi
1068 1224 1168 1282 animo
1190 1223 1319 1282 consilio·

229 1339 317 1404 tque
337 1329 477 1404 gerebant
500 1327 616 1387 bellum.
646 1325 818 1404 'Occupatis
838 1328 927 1404 igitur
948 1325 1241 1414 Carthaginiensibus
1265 1326 1319 1384 Cel·

259 1435 381 1492 tiberico
403 1434 489 1502 bello,
519 1433 598 1490 haud
620 1439 789 1490 cunctanter
809 1432 951 1490 Hiberum
974 1433 1246 1508 transgrediuntur,
1275 1449 1318 1488 nec

260 1538 319 1596 ullo
342 1538 405 1595 viso
426 1539 520 1606 hoste,
537 1537 699 1612 Saguntum
717 1547 841 1613 pergunt
862 1537 914 1608 irs,
934 1538 1013 1612 quod
1034 1538 1074 1595 ibi
1097 1538 1218 1596 obsides
1239 1539 1319 1596 totius

260 1644 411 1718 Hispanias
439 1642 562 1704 traditos
590 1644 628 1701 ab
657 1643 823 1700 Hannibale
850 1641 932 1700 fama
958 1652 1022 1701 erat
1050 1643 1168 1701 modico
1201 1644 1232 1728 ip
1263 1661 1318 1700 arca

229 1747 399 1811 boustodiri
420 1748 564 1823 prasidio.
606 1749 643 1806 Id
670 1767 758 1830 unum
785 1748 890 1824 pignus
916 1748 1069 1806 inclinatos
1098 1749 1139 1806 ad
1160 1751 1317 1807 Romanam

260 1854 428 1911 societatem
457 1854 586 1912 omnium
617 1853 767 1930 Hispanias
796 1853 970 1929 populorum
1001 1853 1115 1910 animos
1146 1856 1317 1919 morabatur,

230 1967 297 2022 6ne
321 1959 462 2034 sauguine
487 1959 610 2016 liberum
636 1975 755 2017 suorum
784 1958 871 2034 culpa
904 1959 1074 2018 defectionis
1099 1959 1241 2019 lueretur.
1282 1959 1317 2014 Eo

261 2064 377 2123 vinculo
409 2063 585 2140 Hispaniam
612 2063 658 2120 vir
684 2082 759 2122 unus
787 2063 897 2122 sollerti
919 2066 1012 2140 magis
1034 2084 1123 2140 quam
1154 2065 1237 2122 fideli
1258 2081 1316 2120 con·

261 2169 326 2227 silio
354 2170 488 2230 exsolvit.
539 2169 657 2226 Abelux
683 2177 747 2226 erat
777 2169 902 2244 Sagunti
928 2170 1033 2250 nobilis
1055 2169 1226 2245 Hispanus,
1256 2167 1317 2224 fidus

176 2301 179 2310 =
262 2281 329 2329 ante
353 2273 470 2344 Poenis;
492 2281 562 2345 turn,
585 2275 684 2349 qualia
705 2275 876 2350 plerumque
896 2285 964 2333 sunt
984 2276 1180 2334 barbarorum
1203 2272 1317 2348 ingania.

231 2380 327 2436 'lcum
363 2376 481 2436 fortuna
516 2387 682 2438 mutaverat
715 2379 810 2438 fidem.
874 2378 1010 2438 Ceterum
1046 2378 1232 2455 transfugam
1268 2380 1317 2436 siue

263 2501 377 2558 magua
399 2484 443 2540 rei
463 2483 627 2559 proditione
654 2484 816 2542 venientem
846 2486 884 2544 ad
905 2487 1003 2543 hostes
1026 2485 1098 2542 nihil
1127 2485 1210 2544 aliud
1241 2501 1317 2559 quan

262 2606 351 2646 unum
384 2587 442 2644 vile
471 2598 558 2665 atque
582 2587 691 2648 infame
721 2607 826 2666 corpus
856 2609 919 2648 esse
946 2601 1042 2662 ratus,
1077 2590 1108 2647 id
1139 2592 1264 2666 agebat,
1295 2595 1317 2642 ut

232 2690 351 2768 dquam
379 2693 537 2752 maximum
569 2695 792 2752 emolumentum
822 2694 906 2752 novis
933 2694 1019 2752 sociis
1050 2705 1136 2752 esset.
1197 2671 1338 2752 Circum-³

262 2797 368 2873 spactis
399 2798 487 2874 igitur
514 2799 663 2870 omnibus,
696 2817 761 2872 qua
786 2796 905 2857 fortuna
932 2799 1085 2876 potestatis
1118 2799 1180 2858 eius
1213 2805 1317 2874 poterat

262 2902 369 2976 facere,
381 2905 529 2962 obsidibus
540 2903 721 2979 potissimum
734 2904 881 2961 tradendis
898 2904 1024 2962 animam
1036 2904 1151 2974 adiecit,
1163 2923 1228 2962 carn
1239 2919 1317 2960 unam

260 3027 321 3066 rem
345 3009 472 3067 maxime
491 3017 574 3067 ratus
597 3009 814 3067 conciliaturam
837 3011 977 3068 Romanis
995 2985 1161 3112 pffincipum
1178 3008 1317 3084 Hispania

231 3089 429 3174 llamicitiam.
478 3113 537 3172 Sed
559 3131 648 3187 quum
679 3112 789 3174 iniussu
819 3114 952 3174 Bostaris
980 3113 1109 3190 prefecti
1141 3115 1215 3172 satis
1242 3114 1337 3198 sciret

261 3216 332 3273 nihil
363 3216 497 3274 obsidum
525 3218 660 3290 custodes
688 3218 818 3276 facturos
848 3238 926 3292 esse,
957 3219 1111 3278 Bostarem
1141 3218 1238 3294 ipsum
1265 3208 1337 3274 artri

214 3322 248 3375 10
263 3321 438 3398 aggreditur.
482 3319 588 3380 Castra
616 3333 701 3382 extra
727 3325 826 3382 urbem
854 3325 883 3382 in
912 3326 977 3401 ipso
1005 3323 1090 3380 litore
1115 3323 1245 3380 habebat
1267 3322 1315 3378 Bo-

261 3437 338 3497 star,
359 3435 391 3483 ut
412 3425 522 3485 aditum
544 3439 580 3486 ea
601 3437 685 3504 parte
704 3428 909 3487 intercluderet
930 3429 1080 3490 Romanis.
1130 3427 1179 3484 Ibi
1206 3446 1269 3484 eum
1294 3426 1315 3481 in

261 3539 403 3588 secretum
436 3531 608 3605 abductum,
638 3534 719 3592 velut
738 3534 936 3609 ignorantem,
966 3543 1073 3604 monet,
1104 3551 1162 3607 quo
1191 3541 1267 3590 statu
1286 3530 1315 3586 sit

213 3635 245 3690 ll
261 3655 324 3695 res:
357 3637 469 3694 Motum
497 3638 672 3696 continuisse
699 3639 738 3696 ad
770 3659 834 3697 eam
867 3640 942 3697 diem
971 3639 1170 3714 Hispanorum
1205 3638 1314 3704 animos,

263 3736 333 3826 quia
354 3742 456 3818 procul
476 3742 603 3800 Romani
631 3744 778 3815 abessent;
812 3763 890 3802 nunc
910 3745 952 3802 cis
972 3743 1116 3802 Hiberum
1148 3752 1245 3800 casua
1263 3743 1336 3826 Βο·1

261 3867 350 3906 mana
371 3865 444 3918 esse,
472 3865 569 3906 arcem
591 3856 682 3907 tutam
704 3847 928 3925 perfugiumque
952 3867 1046 3907 novas
1072 3847 1238 3906 volentibus
1261 3862 1312 3912 ras;
1335 3828 1336 3868 ¹

260 3953 369 4025 itaque,
391 3969 465 4026 quos
486 3962 580 4010 matus
601 3971 660 4010 nou
681 3961 787 4023 teneat,
808 3953 948 4012 beneficio
970 3961 999 4010 et
1012 3952 1108 4028 gratia
1123 3953 1313 4011 devinciendos
