<?xml version="1.0" encoding="UTF-8"?>
<!DOCTYPE html PUBLIC "-//W3C//DTD XHTML 1.0 Transitional//EN"
    "http://www.w3.org/TR/xhtml1/DTD/xhtml1-transitional.dtd">
<html xmlns="http://www.w3.org/1999/xhtml" xml:lang="en" lang="en">
 <head>
  <title>
</title>
<meta http-equiv="Content-Type" content="text/html;charset=utf-8" />
  <meta name='ocr-system' content='tesseract 3.04.00' />
  <meta name='ocr-capabilities' content='ocr_page ocr_carea ocr_par ocr_line ocrx_word'/>
</head>
<body>
  <div class='ocr_page' id='page_1' title='image "./titiliviihistor01ussigoog/titiliviihistor01ussigoog_0602.png"; bbox 0 0 2748 4556; ppageno 0'>
   <div class='ocr_carea' id='block_1_1' title="bbox 382 247 1064 313">
    <p class='ocr_par' dir='ltr' id='par_1_1' title="bbox 382 247 1064 313">
     <span class='ocr_line' id='line_1_1' title="bbox 382 247 1064 313; baseline 0.018 -15"><span class='ocrx_word' id='word_1_1' title='bbox 382 247 459 298; x_wconf 75' lang='lat' dir='ltr'><strong>Liber</strong></span> <span class='ocrx_word' id='word_1_2' title='bbox 476 248 561 298; x_wconf 80' lang='lat' dir='ltr'>xxx.</span> <span class='ocrx_word' id='word_1_3' title='bbox 598 249 644 312; x_wconf 79' lang='grc' dir='ltr'><strong>(Α.</strong></span> <span class='ocrx_word' id='word_1_4' title='bbox 658 247 705 298; x_wconf 83' lang='lat' dir='ltr'><strong>ch.</strong></span> <span class='ocrx_word' id='word_1_5' title='bbox 720 249 792 313; x_wconf 83' lang='lat' dir='ltr'><strong>soa.)</strong></span> <span class='ocrx_word' id='word_1_6' title='bbox 1009 253 1064 310; x_wconf 83' lang='lat' dir='ltr'><strong>tet</strong></span> 
     </span>
    </p>
   </div>
   <div class='ocr_carea' id='block_1_2' title="bbox 7 432 1140 1039">
    <p class='ocr_par' dir='ltr' id='par_1_2' title="bbox 7 432 1140 1039">
     <span class='ocr_line' id='line_1_2' title="bbox 139 432 1140 509; baseline 0.002 -19"><span class='ocrx_word' id='word_1_7' title='bbox 139 432 290 490; x_wconf 80' lang='lat' dir='ltr'>Hannibal</span> <span class='ocrx_word' id='word_1_8' title='bbox 320 451 384 490; x_wconf 88' lang='lat' dir='ltr'><strong>cum</strong></span> <span class='ocrx_word' id='word_1_9' title='bbox 418 434 518 509; x_wconf 86' lang='lat' dir='ltr'><strong>paucis</strong></span> <span class='ocrx_word' id='word_1_10' title='bbox 545 434 686 508; x_wconf 88' lang='lat' dir='ltr'><strong>equitibus</strong></span> <span class='ocrx_word' id='word_1_11' title='bbox 714 435 788 491; x_wconf 89' lang='lat' dir='ltr'><strong>inter</strong></span> <span class='ocrx_word' id='word_1_12' title='bbox 816 435 967 492; x_wconf 88' lang='lat' dir='ltr'><strong>tumultum</strong></span> <span class='ocrx_word' id='word_1_13' title='bbox 996 434 1140 509; x_wconf 79' lang='lat' dir='ltr'><strong>elapsusl</strong></span> 
     </span>
     <span class='ocr_line' id='line_1_3' title="bbox 7 537 1110 616; baseline 0.001 -21"><span class='ocrx_word' id='word_1_14' title='bbox 7 539 269 596; x_wconf 72' lang='lat' dir='ltr'>Hadrumetum</span> <span class='ocrx_word' id='word_1_15' title='bbox 296 538 438 614; x_wconf 77' lang='lat' dir='ltr'><strong>perfugit,</strong></span> <span class='ocrx_word' id='word_1_16' title='bbox 478 541 575 598; x_wconf 89' lang='lat' dir='ltr'><strong>omnia</strong></span> <span class='ocrx_word' id='word_1_17' title='bbox 609 549 638 596; x_wconf 90' lang='lat' dir='ltr'><strong>et</strong></span> <span class='ocrx_word' id='word_1_18' title='bbox 676 538 705 596; x_wconf 92' lang='lat' dir='ltr'><strong>in</strong></span> <span class='ocrx_word' id='word_1_19' title='bbox 744 540 845 616; x_wconf 86' lang='lat' dir='ltr'><strong>proelio</strong></span> <span class='ocrx_word' id='word_1_20' title='bbox 881 537 962 616; x_wconf 87' lang='lat' dir='ltr'><strong>[ante</strong></span> <span class='ocrx_word' id='word_1_21' title='bbox 994 537 1110 616; x_wconf 86' lang='lat' dir='ltr'><strong>aciem],</strong></span> 
     </span>
     <span class='ocr_line' id='line_1_4' title="bbox 9 644 1139 722; baseline 0.004 -22"><span class='ocrx_word' id='word_1_22' title='bbox 9 644 226 719; x_wconf 85' lang='lat' dir='ltr'><strong>priusquam</strong></span> <span class='ocrx_word' id='word_1_23' title='bbox 253 646 404 704; x_wconf 78' lang='lat' dir='ltr'><strong>excederet</strong></span> <span class='ocrx_word' id='word_1_24' title='bbox 431 665 544 722; x_wconf 87' lang='lat' dir='ltr'><strong>pugna,</strong></span> <span class='ocrx_word' id='word_1_25' title='bbox 580 657 732 722; x_wconf 89' lang='lat' dir='ltr'><strong>expertus,</strong></span> <span class='ocrx_word' id='word_1_26' title='bbox 769 655 797 702; x_wconf 89' lang='lat' dir='ltr'><strong>et</strong></span> <span class='ocrx_word' id='word_1_27' title='bbox 823 645 1002 702; x_wconf 88' lang='lat' dir='ltr'><strong>confessione</strong></span> <span class='ocrx_word' id='word_1_28' title='bbox 1024 645 1139 704; x_wconf 87' lang='lat' dir='ltr'><strong>etiam5</strong></span> 
     </span>
     <span class='ocr_line' id='line_1_5' title="bbox 16 749 1110 828; baseline -0.003 -20"><span class='ocrx_word' id='word_1_29' title='bbox 16 749 203 826; x_wconf 82' lang='lat' dir='ltr'>Scipionis</span> <span class='ocrx_word' id='word_1_30' title='bbox 224 752 409 826; x_wconf 90' lang='lat' dir='ltr'><strong>omniumque</strong></span> <span class='ocrx_word' id='word_1_31' title='bbox 436 753 592 828; x_wconf 88' lang='lat' dir='ltr'><strong>peritorum</strong></span> <span class='ocrx_word' id='word_1_32' title='bbox 620 752 726 809; x_wconf 77' lang='lat' dir='ltr'><strong>militiae</strong></span> <span class='ocrx_word' id='word_1_33' title='bbox 747 751 825 808; x_wconf 86' lang='lat' dir='ltr'><strong>illam</strong></span> <span class='ocrx_word' id='word_1_34' title='bbox 846 750 960 807; x_wconf 87' lang='lat' dir='ltr'><strong>laudem</strong></span> <span class='ocrx_word' id='word_1_35' title='bbox 980 750 1110 824; x_wconf 87' lang='lat' dir='ltr'><strong>adeptos,</strong></span> 
     </span>
     <span class='ocr_line' id='line_1_6' title="bbox 17 856 1140 932; baseline 0.005 -21"><span class='ocrx_word' id='word_1_36' title='bbox 17 857 197 931; x_wconf 75' lang='lat' dir='ltr'>singulari</span> <span class='ocrx_word' id='word_1_37' title='bbox 224 867 285 914; x_wconf 88' lang='lat' dir='ltr'><strong>arte</strong></span> <span class='ocrx_word' id='word_1_38' title='bbox 315 858 405 914; x_wconf 88' lang='lat' dir='ltr'><strong>aciem</strong></span> <span class='ocrx_word' id='word_1_39' title='bbox 436 877 470 915; x_wconf 91' lang='lat' dir='ltr'><strong>eo</strong></span> <span class='ocrx_word' id='word_1_40' title='bbox 499 858 544 916; x_wconf 89' lang='lat' dir='ltr'><strong>die</strong></span> <span class='ocrx_word' id='word_1_41' title='bbox 565 858 747 916; x_wconf 84' lang='lat' dir='ltr'><strong>instruxisse:</strong></span> <span class='ocrx_word' id='word_1_42' title='bbox 780 857 947 932; x_wconf 89' lang='lat' dir='ltr'><strong>elephantos</strong></span> <span class='ocrx_word' id='word_1_43' title='bbox 967 856 996 912; x_wconf 90' lang='lat' dir='ltr'><strong>in</strong></span> <span class='ocrx_word' id='word_1_44' title='bbox 1009 856 1140 931; x_wconf 78' lang='lat' dir='ltr'><strong>&#39;primah</strong></span> 
     </span>
     <span class='ocr_line' id='line_1_7' title="bbox 21 961 1110 1039; baseline 0.002 -21"><span class='ocrx_word' id='word_1_45' title='bbox 21 961 171 1032; x_wconf 80' lang='lat' dir='ltr'><strong>fronte,</strong></span> <span class='ocrx_word' id='word_1_46' title='bbox 204 982 325 1037; x_wconf 90' lang='lat' dir='ltr'><strong>quorum</strong></span> <span class='ocrx_word' id='word_1_47' title='bbox 348 963 482 1021; x_wconf 88' lang='lat' dir='ltr'><strong>fortuitus</strong></span> <span class='ocrx_word' id='word_1_48' title='bbox 503 965 627 1039; x_wconf 89' lang='lat' dir='ltr'><strong>impetus</strong></span> <span class='ocrx_word' id='word_1_49' title='bbox 648 973 735 1037; x_wconf 85' lang='lat' dir='ltr'><strong>atque</strong></span> <span class='ocrx_word' id='word_1_50' title='bbox 755 962 942 1019; x_wconf 89' lang='lat' dir='ltr'><strong>intolerabilis</strong></span> <span class='ocrx_word' id='word_1_51' title='bbox 962 963 1006 1020; x_wconf 86' lang='lat' dir='ltr'><strong>vis</strong></span> <span class='ocrx_word' id='word_1_52' title='bbox 1028 963 1110 1037; x_wconf 89' lang='lat' dir='ltr'><strong>signa</strong></span> 
     </span>
    </p>
   </div>
   <div class='ocr_carea' id='block_1_3' title="bbox 25 1068 1206 4110">
    <p class='ocr_par' dir='ltr' id='par_1_3' title="bbox 25 1068 1206 2733">
     <span class='ocr_line' id='line_1_8' title="bbox 25 1068 1110 1143; baseline 0 -19"><span class='ocrx_word' id='word_1_53' title='bbox 25 1068 141 1141; x_wconf 81' lang='lat' dir='ltr'><strong>sequi</strong></span> <span class='ocrx_word' id='word_1_54' title='bbox 171 1079 200 1125; x_wconf 91' lang='lat' dir='ltr'><strong>et</strong></span> <span class='ocrx_word' id='word_1_55' title='bbox 231 1087 348 1126; x_wconf 85' lang='lat' dir='ltr'><strong>servare</strong></span> <span class='ocrx_word' id='word_1_56' title='bbox 374 1070 502 1140; x_wconf 78' lang='lat' dir='ltr'><strong>ordines,</strong></span> <span class='ocrx_word' id='word_1_57' title='bbox 534 1070 563 1126; x_wconf 89' lang='lat' dir='ltr'><strong>in</strong></span> <span class='ocrx_word' id='word_1_58' title='bbox 595 1087 653 1143; x_wconf 92' lang='lat' dir='ltr'><strong>quo</strong></span> <span class='ocrx_word' id='word_1_59' title='bbox 685 1068 838 1143; x_wconf 88' lang='lat' dir='ltr'><strong>plurimum</strong></span> <span class='ocrx_word' id='word_1_60' title='bbox 870 1068 932 1143; x_wconf 88' lang='lat' dir='ltr'><strong>spei</strong></span> <span class='ocrx_word' id='word_1_61' title='bbox 964 1081 1110 1143; x_wconf 75' lang='lat' dir='ltr'><strong>ponerent,</strong></span> 
     </span>
     <span class='ocr_line' id='line_1_9' title="bbox 27 1171 1138 1251; baseline -0.002 -17"><span class='ocrx_word' id='word_1_62' title='bbox 27 1177 207 1234; x_wconf 87' lang='lat' dir='ltr'><strong>Romanos</strong></span> <span class='ocrx_word' id='word_1_63' title='bbox 222 1175 420 1251; x_wconf 89' lang='lat' dir='ltr'><strong>prohiberent;</strong></span> <span class='ocrx_word' id='word_1_64' title='bbox 444 1174 546 1232; x_wconf 89' lang='lat' dir='ltr'><strong>deinde</strong></span> <span class='ocrx_word' id='word_1_65' title='bbox 568 1174 722 1232; x_wconf 83' lang='lat' dir='ltr'><strong>auxiliares</strong></span> <span class='ocrx_word' id='word_1_66' title='bbox 744 1183 810 1231; x_wconf 92' lang='lat' dir='ltr'><strong>ante</strong></span> <span class='ocrx_word' id='word_1_67' title='bbox 831 1171 1138 1249; x_wconf 70' lang='lat' dir='ltr'><strong>Carthaginiensium?</strong></span> 
     </span>
     <span class='ocr_line' id='line_1_10' title="bbox 33 1279 1110 1354; baseline -0.001 -16"><span class='ocrx_word' id='word_1_68' title='bbox 33 1282 161 1352; x_wconf 81' lang='lat' dir='ltr'><strong>aciem,</strong></span> <span class='ocrx_word' id='word_1_69' title='bbox 184 1300 219 1338; x_wconf 92' lang='lat' dir='ltr'><strong>ne</strong></span> <span class='ocrx_word' id='word_1_70' title='bbox 241 1281 370 1338; x_wconf 85' lang='lat' dir='ltr'><strong>homines</strong></span> <span class='ocrx_word' id='word_1_71' title='bbox 392 1279 474 1338; x_wconf 80' lang='lat' dir='ltr'><strong>mixti</strong></span> <span class='ocrx_word' id='word_1_72' title='bbox 496 1297 532 1338; x_wconf 87' lang='lat' dir='ltr'><strong>ex</strong></span> <span class='ocrx_word' id='word_1_73' title='bbox 551 1279 712 1338; x_wconf 86' lang='lat' dir='ltr'><strong>colluvione</strong></span> <span class='ocrx_word' id='word_1_74' title='bbox 732 1280 858 1338; x_wconf 91' lang='lat' dir='ltr'><strong>omnium</strong></span> <span class='ocrx_word' id='word_1_75' title='bbox 880 1280 1017 1354; x_wconf 89' lang='lat' dir='ltr'><strong>gentium,</strong></span> <span class='ocrx_word' id='word_1_76' title='bbox 1037 1299 1110 1354; x_wconf 89' lang='lat' dir='ltr'><strong>quos</strong></span> 
     </span>
     <span class='ocr_line' id='line_1_11' title="bbox 33 1384 1110 1462; baseline 0.001 -20"><span class='ocrx_word' id='word_1_77' title='bbox 33 1406 115 1443; x_wconf 91' lang='lat' dir='ltr'><strong>non</strong></span> <span class='ocrx_word' id='word_1_78' title='bbox 145 1387 216 1444; x_wconf 86' lang='lat' dir='ltr'><strong>fides</strong></span> <span class='ocrx_word' id='word_1_79' title='bbox 239 1397 358 1458; x_wconf 90' lang='lat' dir='ltr'><strong>teneret,</strong></span> <span class='ocrx_word' id='word_1_80' title='bbox 384 1387 434 1444; x_wconf 89' lang='lat' dir='ltr'><strong>sed</strong></span> <span class='ocrx_word' id='word_1_81' title='bbox 463 1404 588 1455; x_wconf 89' lang='lat' dir='ltr'><strong>merces,</strong></span> <span class='ocrx_word' id='word_1_82' title='bbox 614 1385 735 1443; x_wconf 88' lang='lat' dir='ltr'><strong>liberum</strong></span> <span class='ocrx_word' id='word_1_83' title='bbox 757 1395 902 1462; x_wconf 87' lang='lat' dir='ltr'><strong>receptum</strong></span> <span class='ocrx_word' id='word_1_84' title='bbox 925 1384 1001 1459; x_wconf 75' lang='lat' dir='ltr'><strong>fugae</strong></span> <span class='ocrx_word' id='word_1_85' title='bbox 1022 1387 1110 1443; x_wconf 87' lang='lat' dir='ltr'><strong>habe·</strong></span> 
     </span>
     <span class='ocr_line' id='line_1_12' title="bbox 35 1492 1140 1568; baseline 0.003 -20"><span class='ocrx_word' id='word_1_86' title='bbox 35 1502 138 1561; x_wconf 85' lang='lat' dir='ltr'><strong>rent,</strong></span> <span class='ocrx_word' id='word_1_87' title='bbox 171 1492 256 1549; x_wconf 89' lang='lat' dir='ltr'><strong>simul</strong></span> <span class='ocrx_word' id='word_1_88' title='bbox 284 1493 407 1568; x_wconf 91' lang='lat' dir='ltr'><strong>primum</strong></span> <span class='ocrx_word' id='word_1_89' title='bbox 442 1493 575 1549; x_wconf 89' lang='lat' dir='ltr'><strong>ardorem</strong></span> <span class='ocrx_word' id='word_1_90' title='bbox 604 1502 691 1566; x_wconf 89' lang='lat' dir='ltr'><strong>atque</strong></span> <span class='ocrx_word' id='word_1_91' title='bbox 715 1492 853 1567; x_wconf 92' lang='lat' dir='ltr'><strong>impetum</strong></span> <span class='ocrx_word' id='word_1_92' title='bbox 880 1492 1004 1549; x_wconf 90' lang='lat' dir='ltr'><strong>hostium</strong></span> <span class='ocrx_word' id='word_1_93' title='bbox 1032 1492 1140 1551; x_wconf 79' lang='lat' dir='ltr'><strong>cxci-8</strong></span> 
     </span>
     <span class='ocr_line' id='line_1_13' title="bbox 39 1597 1110 1674; baseline 0.001 -20"><span class='ocrx_word' id='word_1_94' title='bbox 39 1598 169 1673; x_wconf 83' lang='lat' dir='ltr'><strong>pientes</strong></span> <span class='ocrx_word' id='word_1_95' title='bbox 190 1598 346 1674; x_wconf 81' lang='lat' dir='ltr'><strong>fatigarent</strong></span> <span class='ocrx_word' id='word_1_96' title='bbox 375 1616 423 1666; x_wconf 91' lang='lat' dir='ltr'><strong>ac,</strong></span> <span class='ocrx_word' id='word_1_97' title='bbox 459 1598 483 1654; x_wconf 88' lang='lat' dir='ltr'><strong>si</strong></span> <span class='ocrx_word' id='word_1_98' title='bbox 511 1598 581 1656; x_wconf 88' lang='lat' dir='ltr'><strong>nihil</strong></span> <span class='ocrx_word' id='word_1_99' title='bbox 610 1599 702 1666; x_wconf 88' lang='lat' dir='ltr'><strong>aliud,</strong></span> <span class='ocrx_word' id='word_1_100' title='bbox 737 1598 902 1656; x_wconf 88' lang='lat' dir='ltr'><strong>vulneribus</strong></span> <span class='ocrx_word' id='word_1_101' title='bbox 923 1599 982 1656; x_wconf 90' lang='lat' dir='ltr'><strong>suis</strong></span> <span class='ocrx_word' id='word_1_102' title='bbox 1003 1597 1110 1656; x_wconf 89' lang='lat' dir='ltr'><strong>ferrum</strong></span> 
     </span>
     <span class='ocr_line' id='line_1_14' title="bbox 42 1702 1140 1779; baseline 0.001 -16"><span class='ocrx_word' id='word_1_103' title='bbox 42 1703 184 1764; x_wconf 90' lang='lat' dir='ltr'><strong>hostium</strong></span> <span class='ocrx_word' id='word_1_104' title='bbox 206 1705 387 1773; x_wconf 79' lang='lat' dir='ltr'><strong>hebetarent3</strong></span> <span class='ocrx_word' id='word_1_105' title='bbox 422 1714 497 1774; x_wconf 92' lang='lat' dir='ltr'><strong>tum,</strong></span> <span class='ocrx_word' id='word_1_106' title='bbox 526 1705 575 1762; x_wconf 90' lang='lat' dir='ltr'><strong>ubi</strong></span> <span class='ocrx_word' id='word_1_107' title='bbox 597 1705 689 1760; x_wconf 90' lang='lat' dir='ltr'><strong>omnis</strong></span> <span class='ocrx_word' id='word_1_108' title='bbox 711 1721 776 1779; x_wconf 89' lang='lat' dir='ltr'><strong>spes</strong></span> <span class='ocrx_word' id='word_1_109' title='bbox 798 1713 884 1774; x_wconf 83' lang='lat' dir='ltr'><strong>esset,</strong></span> <span class='ocrx_word' id='word_1_110' title='bbox 915 1704 1017 1762; x_wconf 87' lang='lat' dir='ltr'><strong>milites</strong></span> <span class='ocrx_word' id='word_1_111' title='bbox 1040 1702 1140 1764; x_wconf 82' lang='lat' dir='ltr'><strong>Car-9</strong></span> 
     </span>
     <span class='ocr_line' id='line_1_15' title="bbox 44 1808 1112 1885; baseline 0.002 -19"><span class='ocrx_word' id='word_1_112' title='bbox 44 1810 253 1884; x_wconf 88' lang='lat' dir='ltr'><strong>thaginienses</strong></span> <span class='ocrx_word' id='word_1_113' title='bbox 269 1808 427 1884; x_wconf 82' lang='lat' dir='ltr'><strong>Afrosque,</strong></span> <span class='ocrx_word' id='word_1_114' title='bbox 448 1821 488 1882; x_wconf 86' lang='lat' dir='ltr'><strong>ut,</strong></span> <span class='ocrx_word' id='word_1_115' title='bbox 510 1811 641 1868; x_wconf 90' lang='lat' dir='ltr'><strong>omnibus</strong></span> <span class='ocrx_word' id='word_1_116' title='bbox 655 1811 741 1866; x_wconf 87' lang='lat' dir='ltr'><strong>rebus</strong></span> <span class='ocrx_word' id='word_1_117' title='bbox 764 1808 827 1865; x_wconf 87' lang='lat' dir='ltr'><strong>aliis</strong></span> <span class='ocrx_word' id='word_1_118' title='bbox 849 1829 943 1884; x_wconf 89' lang='lat' dir='ltr'><strong>pares,</strong></span> <span class='ocrx_word' id='word_1_119' title='bbox 965 1830 1010 1879; x_wconf 93' lang='lat' dir='ltr'><strong>eo,</strong></span> <span class='ocrx_word' id='word_1_120' title='bbox 1035 1812 1112 1885; x_wconf 94' lang='lat' dir='ltr'><strong>quod</strong></span> 
     </span>
     <span class='ocr_line' id='line_1_16' title="bbox 48 1915 1111 1991; baseline 0 -19"><span class='ocrx_word' id='word_1_121' title='bbox 48 1915 164 1990; x_wconf 87' lang='lat' dir='ltr'><strong>integri</strong></span> <span class='ocrx_word' id='word_1_122' title='bbox 196 1933 258 1972; x_wconf 89' lang='lat' dir='ltr'><strong>cum</strong></span> <span class='ocrx_word' id='word_1_123' title='bbox 291 1915 374 1972; x_wconf 90' lang='lat' dir='ltr'><strong>fessis</strong></span> <span class='ocrx_word' id='word_1_124' title='bbox 411 1933 445 1974; x_wconf 88' lang='lat' dir='ltr'><strong>ac</strong></span> <span class='ocrx_word' id='word_1_125' title='bbox 474 1916 578 1974; x_wconf 91' lang='lat' dir='ltr'><strong>sauciis</strong></span> <span class='ocrx_word' id='word_1_126' title='bbox 606 1925 783 1991; x_wconf 87' lang='lat' dir='ltr'><strong>pugnarent,</strong></span> <span class='ocrx_word' id='word_1_127' title='bbox 819 1915 981 1990; x_wconf 84' lang='lat' dir='ltr'><strong>superiores</strong></span> <span class='ocrx_word' id='word_1_128' title='bbox 1002 1927 1111 1985; x_wconf 83' lang='lat' dir='ltr'><strong>essent3</strong></span> 
     </span>
     <span class='ocr_line' id='line_1_17' title="bbox 49 2020 1125 2096; baseline -0.002 -18"><span class='ocrx_word' id='word_1_129' title='bbox 49 2020 195 2089; x_wconf 87' lang='lat' dir='ltr'><strong>Italicos,</strong></span> <span class='ocrx_word' id='word_1_130' title='bbox 218 2021 351 2092; x_wconf 87' lang='lat' dir='ltr'><strong>incertos,</strong></span> <span class='ocrx_word' id='word_1_131' title='bbox 373 2021 443 2078; x_wconf 88' lang='lat' dir='ltr'><strong>socii</strong></span> <span class='ocrx_word' id='word_1_132' title='bbox 464 2039 501 2077; x_wconf 90' lang='lat' dir='ltr'><strong>an</strong></span> <span class='ocrx_word' id='word_1_133' title='bbox 523 2023 620 2079; x_wconf 89' lang='lat' dir='ltr'><strong>hostes</strong></span> <span class='ocrx_word' id='word_1_134' title='bbox 642 2031 753 2090; x_wconf 86' lang='lat' dir='ltr'><strong>essent,</strong></span> <span class='ocrx_word' id='word_1_135' title='bbox 779 2021 809 2077; x_wconf 90' lang='lat' dir='ltr'><strong>in</strong></span> <span class='ocrx_word' id='word_1_136' title='bbox 829 2030 1004 2096; x_wconf 86' lang='lat' dir='ltr'><strong>postremam</strong></span> <span class='ocrx_word' id='word_1_137' title='bbox 1021 2021 1125 2078; x_wconf 68' lang='lat' dir='ltr'><strong>aciem,</strong></span> 
     </span>
     <span class='ocr_line' id='line_1_18' title="bbox 54 2126 1161 2202; baseline 0.003 -19"><span class='ocrx_word' id='word_1_138' title='bbox 54 2136 229 2183; x_wconf 90' lang='lat' dir='ltr'><strong>summotos.</strong></span> <span class='ocrx_word' id='word_1_139' title='bbox 277 2127 343 2184; x_wconf 88' lang='lat' dir='ltr'><strong>Hoc</strong></span> <span class='ocrx_word' id='word_1_140' title='bbox 371 2126 447 2184; x_wconf 90' lang='lat' dir='ltr'><strong>edito</strong></span> <span class='ocrx_word' id='word_1_141' title='bbox 469 2126 548 2182; x_wconf 88' lang='lat' dir='ltr'><strong>velut</strong></span> <span class='ocrx_word' id='word_1_142' title='bbox 576 2127 675 2184; x_wconf 89' lang='lat' dir='ltr'><strong>ultimo</strong></span> <span class='ocrx_word' id='word_1_143' title='bbox 696 2128 809 2184; x_wconf 89' lang='lat' dir='ltr'><strong>virtutis</strong></span> <span class='ocrx_word' id='word_1_144' title='bbox 830 2147 932 2202; x_wconf 91' lang='lat' dir='ltr'><strong>opere,</strong></span> <span class='ocrx_word' id='word_1_145' title='bbox 964 2127 1111 2184; x_wconf 82' lang='lat' dir='ltr'><strong>Hannibal</strong></span> <span class='ocrx_word' id='word_1_146' title='bbox 1126 2133 1161 2186; x_wconf 84' lang='lat'><strong>10</strong></span> 
     </span>
     <span class='ocr_line' id='line_1_19' title="bbox 56 2231 1112 2308; baseline 0.001 -18"><span class='ocrx_word' id='word_1_147' title='bbox 56 2251 149 2308; x_wconf 89' lang='lat' dir='ltr'><strong>quum</strong></span> <span class='ocrx_word' id='word_1_148' title='bbox 178 2231 388 2291; x_wconf 75' lang='lat' dir='ltr'><strong>Hadrumetum</strong></span> <span class='ocrx_word' id='word_1_149' title='bbox 418 2232 586 2307; x_wconf 87' lang='lat' dir='ltr'><strong>refugisset,</strong></span> <span class='ocrx_word' id='word_1_150' title='bbox 621 2233 785 2307; x_wconf 85' lang='lat' dir='ltr'><strong>accitusque</strong></span> <span class='ocrx_word' id='word_1_151' title='bbox 812 2233 878 2290; x_wconf 91' lang='lat' dir='ltr'><strong>inde</strong></span> <span class='ocrx_word' id='word_1_152' title='bbox 909 2231 1112 2308; x_wconf 85' lang='lat' dir='ltr'><strong>Carthaginem</strong></span> 
     </span>
     <span class='ocr_line' id='line_1_20' title="bbox 57 2337 1114 2415; baseline -0.001 -17"><span class='ocrx_word' id='word_1_153' title='bbox 57 2349 144 2398; x_wconf 85' lang='lat' dir='ltr'><strong>sexto</strong></span> <span class='ocrx_word' id='word_1_154' title='bbox 166 2359 201 2396; x_wconf 85' lang='lat' dir='ltr'><strong>ac</strong></span> <span class='ocrx_word' id='word_1_155' title='bbox 222 2339 364 2397; x_wconf 89' lang='lat' dir='ltr'><strong>tricesimo</strong></span> <span class='ocrx_word' id='word_1_156' title='bbox 386 2347 453 2414; x_wconf 89' lang='lat' dir='ltr'><strong>post</strong></span> <span class='ocrx_word' id='word_1_157' title='bbox 474 2357 564 2408; x_wconf 91' lang='lat' dir='ltr'><strong>anno,</strong></span> <span class='ocrx_word' id='word_1_158' title='bbox 585 2356 671 2412; x_wconf 89' lang='lat' dir='ltr'><strong>quam</strong></span> <span class='ocrx_word' id='word_1_159' title='bbox 695 2359 768 2414; x_wconf 88' lang='lat' dir='ltr'><strong>puer</strong></span> <span class='ocrx_word' id='word_1_160' title='bbox 788 2340 853 2396; x_wconf 89' lang='lat' dir='ltr'><strong>inde</strong></span> <span class='ocrx_word' id='word_1_161' title='bbox 876 2337 1021 2415; x_wconf 89' lang='lat' dir='ltr'><strong>profectus</strong></span> <span class='ocrx_word' id='word_1_162' title='bbox 1043 2349 1114 2410; x_wconf 81' lang='lat' dir='ltr'><strong>erat,</strong></span> 
     </span>
     <span class='ocr_line' id='line_1_21' title="bbox 57 2440 1161 2520; baseline 0 -18"><span class='ocrx_word' id='word_1_163' title='bbox 57 2445 197 2514; x_wconf 88' lang='lat' dir='ltr'><strong>redisset,</strong></span> <span class='ocrx_word' id='word_1_164' title='bbox 233 2445 327 2503; x_wconf 86' lang='lat' dir='ltr'><strong>fassus</strong></span> <span class='ocrx_word' id='word_1_165' title='bbox 354 2444 383 2501; x_wconf 90' lang='lat' dir='ltr'><strong>in</strong></span> <span class='ocrx_word' id='word_1_166' title='bbox 411 2444 491 2501; x_wconf 89' lang='lat' dir='ltr'><strong>curia</strong></span> <span class='ocrx_word' id='word_1_167' title='bbox 512 2454 563 2515; x_wconf 92' lang='lat' dir='ltr'><strong>est,</strong></span> <span class='ocrx_word' id='word_1_168' title='bbox 586 2463 644 2501; x_wconf 91' lang='lat' dir='ltr'><strong>non</strong></span> <span class='ocrx_word' id='word_1_169' title='bbox 666 2445 766 2520; x_wconf 87' lang='lat' dir='ltr'><strong>proelio</strong></span> <span class='ocrx_word' id='word_1_170' title='bbox 789 2447 875 2503; x_wconf 89' lang='lat' dir='ltr'><strong>modo</strong></span> <span class='ocrx_word' id='word_1_171' title='bbox 897 2463 942 2515; x_wconf 89' lang='lat' dir='ltr'><strong>se,</strong></span> <span class='ocrx_word' id='word_1_172' title='bbox 966 2445 1017 2501; x_wconf 90' lang='lat' dir='ltr'><strong>sed</strong></span> <span class='ocrx_word' id='word_1_173' title='bbox 1038 2444 1113 2502; x_wconf 90' lang='lat' dir='ltr'><strong>bello</strong></span> <span class='ocrx_word' id='word_1_174' title='bbox 1129 2440 1161 2493; x_wconf 84' lang='lat' dir='ltr'><strong>ll</strong></span> 
     </span>
     <span class='ocr_line' id='line_1_22' title="bbox 58 2550 1113 2628; baseline -0.001 -21"><span class='ocrx_word' id='word_1_175' title='bbox 58 2551 178 2621; x_wconf 87' lang='lat' dir='ltr'><strong>victum,</strong></span> <span class='ocrx_word' id='word_1_176' title='bbox 199 2571 252 2609; x_wconf 90' lang='lat' dir='ltr'><strong>nec</strong></span> <span class='ocrx_word' id='word_1_177' title='bbox 274 2570 353 2627; x_wconf 91' lang='lat' dir='ltr'><strong>spem</strong></span> <span class='ocrx_word' id='word_1_178' title='bbox 375 2550 476 2608; x_wconf 89' lang='lat' dir='ltr'><strong>salutis</strong></span> <span class='ocrx_word' id='word_1_179' title='bbox 497 2550 565 2607; x_wconf 88' lang='lat' dir='ltr'><strong>alibi</strong></span> <span class='ocrx_word' id='word_1_180' title='bbox 588 2569 674 2624; x_wconf 88' lang='lat' dir='ltr'><strong>quam</strong></span> <span class='ocrx_word' id='word_1_181' title='bbox 696 2553 725 2608; x_wconf 90' lang='lat' dir='ltr'><strong>in</strong></span> <span class='ocrx_word' id='word_1_182' title='bbox 750 2571 823 2627; x_wconf 88' lang='lat' dir='ltr'><strong>pace</strong></span> <span class='ocrx_word' id='word_1_183' title='bbox 843 2551 1024 2628; x_wconf 88' lang='lat' dir='ltr'><strong>impetranda</strong></span> <span class='ocrx_word' id='word_1_184' title='bbox 1042 2568 1113 2608; x_wconf 89' lang='lat' dir='ltr'><strong>esse.</strong></span> 
     </span>
     <span class='ocr_line' id='line_1_23' title="bbox 145 2645 1206 2733; baseline -0.004 -17"><span class='ocrx_word' id='word_1_185' title='bbox 145 2657 252 2733; x_wconf 89' lang='lat' dir='ltr'><strong>Scipio,</strong></span> <span class='ocrx_word' id='word_1_186' title='bbox 285 2656 433 2713; x_wconf 87' lang='lat' dir='ltr'><strong>confestim</strong></span> <span class='ocrx_word' id='word_1_187' title='bbox 467 2674 485 2712; x_wconf 86' lang='lat' dir='ltr'><strong>a</strong></span> <span class='ocrx_word' id='word_1_188' title='bbox 516 2656 617 2731; x_wconf 87' lang='lat' dir='ltr'><strong>proaho</strong></span> <span class='ocrx_word' id='word_1_189' title='bbox 647 2658 819 2732; x_wconf 85' lang='lat' dir='ltr'><strong>expugnatis</strong></span> <span class='ocrx_word' id='word_1_190' title='bbox 854 2659 980 2716; x_wconf 88' lang='lat' dir='ltr'><strong>hostium</strong></span> <span class='ocrx_word' id='word_1_191' title='bbox 1009 2655 1110 2714; x_wconf 88' lang='lat' dir='ltr'><strong>castris</strong></span> <span class='ocrx_word' id='word_1_192' title='bbox 1162 2645 1206 2713; x_wconf 75' lang='grc'><strong>36</strong></span> 
     </span>
    </p>

    <p class='ocr_par' dir='ltr' id='par_1_4' title="bbox 62 2758 1146 4110">
     <span class='ocr_line' id='line_1_24' title="bbox 62 2758 1142 2838; baseline -0.006 -18"><span class='ocrx_word' id='word_1_193' title='bbox 62 2763 245 2838; x_wconf 89' lang='lat' dir='ltr'><strong>direptisque,</strong></span> <span class='ocrx_word' id='word_1_194' title='bbox 267 2781 330 2820; x_wconf 90' lang='lat' dir='ltr'><strong>cum</strong></span> <span class='ocrx_word' id='word_1_195' title='bbox 345 2762 452 2836; x_wconf 88' lang='lat' dir='ltr'><strong>ingenti</strong></span> <span class='ocrx_word' id='word_1_196' title='bbox 467 2763 572 2837; x_wconf 71' lang='lat' dir='ltr'><strong>¹praeda</strong></span> <span class='ocrx_word' id='word_1_197' title='bbox 588 2763 625 2818; x_wconf 90' lang='lat' dir='ltr'><strong>ad</strong></span> <span class='ocrx_word' id='word_1_198' title='bbox 647 2780 727 2820; x_wconf 89' lang='lat' dir='ltr'><strong>mere</strong></span> <span class='ocrx_word' id='word_1_199' title='bbox 744 2782 779 2820; x_wconf 90' lang='lat' dir='ltr'><strong>ac</strong></span> <span class='ocrx_word' id='word_1_200' title='bbox 795 2783 883 2821; x_wconf 85' lang='lat' dir='ltr'><strong>naves</strong></span> <span class='ocrx_word' id='word_1_201' title='bbox 898 2764 990 2832; x_wconf 91' lang='lat' dir='ltr'><strong>rediit,</strong></span> <span class='ocrx_word' id='word_1_202' title='bbox 1011 2762 1110 2820; x_wconf 91' lang='lat' dir='ltr'><strong>nuntie</strong></span> <span class='ocrx_word' id='word_1_203' title='bbox 1125 2758 1142 2814; x_wconf 85' lang='lat'>2</span> 
     </span>
     <span class='ocr_line' id='line_1_25' title="bbox 64 2867 1112 2942; baseline -0.003 -16"><span class='ocrx_word' id='word_1_204' title='bbox 64 2869 162 2938; x_wconf 86' lang='lat' dir='ltr'><strong>allato,</strong></span> <span class='ocrx_word' id='word_1_205' title='bbox 184 2871 219 2927; x_wconf 92' lang='lat' dir='ltr'><strong>P.</strong></span> <span class='ocrx_word' id='word_1_206' title='bbox 233 2868 384 2927; x_wconf 89' lang='lat' dir='ltr'><strong>Lentulum</strong></span> <span class='ocrx_word' id='word_1_207' title='bbox 408 2887 470 2925; x_wconf 89' lang='lat' dir='ltr'><strong>cum</strong></span> <span class='ocrx_word' id='word_1_208' title='bbox 494 2867 703 2942; x_wconf 86' lang='lat' dir='ltr'><strong>quinquaginta</strong></span> <span class='ocrx_word' id='word_1_209' title='bbox 724 2868 870 2939; x_wconf 87' lang='lat' dir='ltr'><strong>rostratis,</strong></span> <span class='ocrx_word' id='word_1_210' title='bbox 905 2877 1018 2925; x_wconf 89' lang='lat' dir='ltr'><strong>centum</strong></span> <span class='ocrx_word' id='word_1_211' title='bbox 1042 2886 1112 2924; x_wconf 91' lang='lat' dir='ltr'><strong>one-</strong></span> 
     </span>
     <span class='ocr_line' id='line_1_26' title="bbox 63 2971 1114 3049; baseline -0.001 -18"><span class='ocrx_word' id='word_1_212' title='bbox 63 2975 162 3044; x_wconf 88' lang='lat' dir='ltr'><strong>rariis,</strong></span> <span class='ocrx_word' id='word_1_213' title='bbox 197 2993 262 3033; x_wconf 88' lang='lat' dir='ltr'><strong>cum</strong></span> <span class='ocrx_word' id='word_1_214' title='bbox 298 2975 376 3032; x_wconf 92' lang='lat' dir='ltr'><strong>omni</strong></span> <span class='ocrx_word' id='word_1_215' title='bbox 408 2991 511 3049; x_wconf 88' lang='lat' dir='ltr'><strong>genera</strong></span> <span class='ocrx_word' id='word_1_216' title='bbox 541 2981 718 3030; x_wconf 87' lang='lat' dir='ltr'><strong>commeatus</strong></span> <span class='ocrx_word' id='word_1_217' title='bbox 746 2973 783 3029; x_wconf 92' lang='lat' dir='ltr'><strong>ad</strong></span> <span class='ocrx_word' id='word_1_218' title='bbox 805 2973 921 3032; x_wconf 89' lang='lat' dir='ltr'><strong>Uticam</strong></span> <span class='ocrx_word' id='word_1_219' title='bbox 950 2971 1114 3030; x_wconf 87' lang='lat' dir='ltr'><strong>accessisse.</strong></span> 
     </span>
     <span class='ocr_line' id='line_1_27' title="bbox 64 3076 1145 3155; baseline -0.006 -17"><span class='ocrx_word' id='word_1_220' title='bbox 64 3081 286 3138; x_wconf 87' lang='lat' dir='ltr'><strong>Admovendum</strong></span> <span class='ocrx_word' id='word_1_221' title='bbox 317 3080 405 3155; x_wconf 89' lang='lat' dir='ltr'><strong>igitur</strong></span> <span class='ocrx_word' id='word_1_222' title='bbox 439 3078 563 3153; x_wconf 88' lang='lat' dir='ltr'><strong>undique</strong></span> <span class='ocrx_word' id='word_1_223' title='bbox 601 3089 738 3136; x_wconf 88' lang='lat' dir='ltr'><strong>terrorem</strong></span> <span class='ocrx_word' id='word_1_224' title='bbox 771 3080 909 3154; x_wconf 76' lang='lat' dir='ltr'><strong>perculsae</strong></span> <span class='ocrx_word' id='word_1_225' title='bbox 945 3076 1145 3152; x_wconf 80' lang='lat' dir='ltr'><strong>Carthagini3</strong></span> 
     </span>
     <span class='ocr_line' id='line_1_28' title="bbox 66 3182 1114 3254; baseline -0.005 -10"><span class='ocrx_word' id='word_1_226' title='bbox 66 3197 159 3254; x_wconf 89' lang='lat' dir='ltr'><strong>ratus,</strong></span> <span class='ocrx_word' id='word_1_227' title='bbox 194 3186 281 3244; x_wconf 89' lang='lat' dir='ltr'><strong>misso</strong></span> <span class='ocrx_word' id='word_1_228' title='bbox 313 3184 401 3242; x_wconf 82' lang='lat' dir='ltr'><strong>Laelio</strong></span> <span class='ocrx_word' id='word_1_229' title='bbox 428 3186 552 3242; x_wconf 88' lang='lat' dir='ltr'><strong>Romam</strong></span> <span class='ocrx_word' id='word_1_230' title='bbox 581 3203 645 3243; x_wconf 91' lang='lat' dir='ltr'><strong>cum</strong></span> <span class='ocrx_word' id='word_1_231' title='bbox 665 3186 793 3243; x_wconf 78' lang='lat' dir='ltr'><strong>victoriae</strong></span> <span class='ocrx_word' id='word_1_232' title='bbox 812 3183 929 3252; x_wconf 90' lang='lat' dir='ltr'><strong>nuntio,</strong></span> <span class='ocrx_word' id='word_1_233' title='bbox 962 3182 1114 3240; x_wconf 85' lang='lat' dir='ltr'><strong>Octavium</strong></span> 
     </span>
     <span class='ocr_line' id='line_1_29' title="bbox 68 3289 1115 3367; baseline -0.005 -16"><span class='ocrx_word' id='word_1_234' title='bbox 68 3293 190 3351; x_wconf 89' lang='lat' dir='ltr'><strong>terrestri</strong></span> <span class='ocrx_word' id='word_1_235' title='bbox 218 3291 318 3348; x_wconf 88' lang='lat' dir='ltr'><strong>itinere</strong></span> <span class='ocrx_word' id='word_1_236' title='bbox 338 3291 442 3347; x_wconf 89' lang='lat' dir='ltr'><strong>ducere</strong></span> <span class='ocrx_word' id='word_1_237' title='bbox 469 3289 596 3364; x_wconf 89' lang='lat' dir='ltr'><strong>legiones</strong></span> <span class='ocrx_word' id='word_1_238' title='bbox 626 3289 829 3367; x_wconf 86' lang='lat' dir='ltr'><strong>Carthaginem</strong></span> <span class='ocrx_word' id='word_1_239' title='bbox 858 3291 951 3358; x_wconf 81' lang='lat' dir='ltr'><strong>iubet3</strong></span> <span class='ocrx_word' id='word_1_240' title='bbox 983 3289 1054 3365; x_wconf 90' lang='lat' dir='ltr'><strong>ipse,</strong></span> <span class='ocrx_word' id='word_1_241' title='bbox 1078 3289 1115 3346; x_wconf 88' lang='lat' dir='ltr'><strong>ad</strong></span> 
     </span>
     <span class='ocr_line' id='line_1_30' title="bbox 68 3394 1114 3470; baseline -0.004 -14"><span class='ocrx_word' id='word_1_242' title='bbox 68 3417 145 3456; x_wconf 85' lang='lat' dir='ltr'><strong>suam</strong></span> <span class='ocrx_word' id='word_1_243' title='bbox 172 3406 296 3454; x_wconf 85' lang='lat' dir='ltr'><strong>veterem</strong></span> <span class='ocrx_word' id='word_1_244' title='bbox 331 3414 408 3451; x_wconf 88' lang='lat' dir='ltr'><strong>nova</strong></span> <span class='ocrx_word' id='word_1_245' title='bbox 440 3395 554 3452; x_wconf 91' lang='lat' dir='ltr'><strong>Lentuli</strong></span> <span class='ocrx_word' id='word_1_246' title='bbox 585 3397 677 3453; x_wconf 88' lang='lat' dir='ltr'><strong>classe</strong></span> <span class='ocrx_word' id='word_1_247' title='bbox 715 3397 873 3464; x_wconf 72' lang='lat' dir='ltr'><strong>adiuncta,</strong></span> <span class='ocrx_word' id='word_1_248' title='bbox 897 3394 1043 3470; x_wconf 88' lang='lat' dir='ltr'><strong>profectus</strong></span> <span class='ocrx_word' id='word_1_249' title='bbox 1078 3396 1114 3452; x_wconf 87' lang='lat' dir='ltr'><strong>ab</strong></span> 
     </span>
     <span class='ocr_line' id='line_1_31' title="bbox 69 3498 1146 3578; baseline -0.004 -15"><span class='ocrx_word' id='word_1_250' title='bbox 69 3504 151 3564; x_wconf 87' lang='lat' dir='ltr'><strong>Utica</strong></span> <span class='ocrx_word' id='word_1_251' title='bbox 172 3511 286 3578; x_wconf 90' lang='lat' dir='ltr'><strong>portum</strong></span> <span class='ocrx_word' id='word_1_252' title='bbox 310 3498 493 3575; x_wconf 86' lang='lat' dir='ltr'><strong>Carthaginis</strong></span> <span class='ocrx_word' id='word_1_253' title='bbox 520 3501 599 3575; x_wconf 86' lang='lat' dir='ltr'><strong>petit.</strong></span> <span class='ocrx_word' id='word_1_254' title='bbox 647 3502 734 3559; x_wconf 88' lang='lat' dir='ltr'><strong>Haud</strong></span> <span class='ocrx_word' id='word_1_255' title='bbox 755 3502 856 3578; x_wconf 87' lang='lat' dir='ltr'><strong>procul</strong></span> <span class='ocrx_word' id='word_1_256' title='bbox 877 3501 993 3570; x_wconf 88' lang='lat' dir='ltr'><strong>aberat,</strong></span> <span class='ocrx_word' id='word_1_257' title='bbox 1027 3506 1146 3575; x_wconf 83' lang='lat' dir='ltr'><strong>quum4</strong></span> 
     </span>
     <span class='ocr_line' id='line_1_32' title="bbox 69 3585 1114 3683; baseline 0.001 -17"><span class='ocrx_word' id='word_1_258' title='bbox 69 3609 161 3666; x_wconf 84' lang='lat' dir='ltr'><strong>velata</strong></span> <span class='ocrx_word' id='word_1_259' title='bbox 188 3607 284 3666; x_wconf 87' lang='lat' dir='ltr'><strong>infulis</strong></span> <span class='ocrx_word' id='word_1_260' title='bbox 314 3606 460 3679; x_wconf 88' lang='lat' dir='ltr'><strong>ramisque</strong></span> <span class='ocrx_word' id='word_1_261' title='bbox 486 3606 556 3664; x_wconf 87' lang='lat' dir='ltr'><strong>oleae</strong></span> <span class='ocrx_word' id='word_1_262' title='bbox 577 3585 856 3683; x_wconf 82' lang='lat' dir='ltr'><strong>Carthaginiensium</strong></span> <span class='ocrx_word' id='word_1_263' title='bbox 879 3606 1003 3662; x_wconf 87' lang='lat' dir='ltr'><strong>occurrit</strong></span> <span class='ocrx_word' id='word_1_264' title='bbox 1023 3605 1114 3667; x_wconf 86' lang='lat' dir='ltr'><strong>navis.</strong></span> 
     </span>
     <span class='ocr_line' id='line_1_33' title="bbox 71 3703 1115 3789; baseline -0.005 -16"><span class='ocrx_word' id='word_1_265' title='bbox 71 3717 174 3773; x_wconf 91' lang='lat' dir='ltr'><strong>Decem</strong></span> <span class='ocrx_word' id='word_1_266' title='bbox 205 3713 293 3789; x_wconf 88' lang='lat' dir='ltr'><strong>legati</strong></span> <span class='ocrx_word' id='word_1_267' title='bbox 332 3721 422 3782; x_wconf 89' lang='lat' dir='ltr'><strong>erant,</strong></span> <span class='ocrx_word' id='word_1_268' title='bbox 452 3712 594 3788; x_wconf 88' lang='lat' dir='ltr'><strong>principes</strong></span> <span class='ocrx_word' id='word_1_269' title='bbox 625 3713 762 3782; x_wconf 88' lang='lat' dir='ltr'><strong>civitatis,</strong></span> <span class='ocrx_word' id='word_1_270' title='bbox 796 3703 913 3769; x_wconf 84' lang='lat' dir='ltr'><strong>auctore</strong></span> <span class='ocrx_word' id='word_1_271' title='bbox 950 3712 1115 3768; x_wconf 88' lang='lat' dir='ltr'><strong>Hannibale</strong></span> 
     </span>
     <span class='ocr_line' id='line_1_34' title="bbox 72 3816 1145 3894; baseline -0.006 -15"><span class='ocrx_word' id='word_1_272' title='bbox 72 3822 144 3878; x_wconf 87' lang='lat' dir='ltr'><strong>missi</strong></span> <span class='ocrx_word' id='word_1_273' title='bbox 173 3818 382 3894; x_wconf 86' lang='lat' dir='ltr'><strong>adpetendam</strong></span> <span class='ocrx_word' id='word_1_274' title='bbox 404 3835 515 3892; x_wconf 87' lang='lat' dir='ltr'><strong>pacem.</strong></span> <span class='ocrx_word' id='word_1_275' title='bbox 564 3817 621 3892; x_wconf 82' lang='lat' dir='ltr'><strong>Qui</strong></span> <span class='ocrx_word' id='word_1_276' title='bbox 650 3837 738 3892; x_wconf 89' lang='lat' dir='ltr'><strong>quum</strong></span> <span class='ocrx_word' id='word_1_277' title='bbox 765 3819 801 3876; x_wconf 88' lang='lat' dir='ltr'><strong>ad</strong></span> <span class='ocrx_word' id='word_1_278' title='bbox 830 3818 948 3894; x_wconf 91' lang='lat' dir='ltr'><strong>puppim</strong></span> <span class='ocrx_word' id='word_1_279' title='bbox 975 3816 1145 3892; x_wconf 72' lang='lat' dir='ltr'><strong>praetoriaeh</strong></span> 
     </span>
     <span class='ocr_line' id='line_1_35' title="bbox 73 3923 1115 3999; baseline -0.006 -15"><span class='ocrx_word' id='word_1_280' title='bbox 73 3927 147 3984; x_wconf 82' lang='lat' dir='ltr'><strong>navis</strong></span> <span class='ocrx_word' id='word_1_281' title='bbox 177 3926 363 3982; x_wconf 87' lang='lat' dir='ltr'><strong>accessissent</strong></span> <span class='ocrx_word' id='word_1_282' title='bbox 392 3923 554 3981; x_wconf 86' lang='lat' dir='ltr'><strong>velamenta</strong></span> <span class='ocrx_word' id='word_1_283' title='bbox 582 3924 741 3999; x_wconf 89' lang='lat' dir='ltr'><strong>supplicum</strong></span> <span class='ocrx_word' id='word_1_284' title='bbox 772 3925 966 3999; x_wconf 89' lang='lat' dir='ltr'><strong>porrigentes,</strong></span> <span class='ocrx_word' id='word_1_285' title='bbox 1000 3933 1115 3980; x_wconf 85' lang='lat' dir='ltr'><strong>orantes</strong></span> 
     </span>
     <span class='ocr_line' id='line_1_36' title="bbox 73 4028 1146 4110; baseline -0.004 -20"><span class='ocrx_word' id='word_1_286' title='bbox 73 4033 308 4110; x_wconf 87' lang='lat' dir='ltr'><strong>implorantesque</strong></span> <span class='ocrx_word' id='word_1_287' title='bbox 335 4030 420 4087; x_wconf 86' lang='lat' dir='ltr'><strong>fidem</strong></span> <span class='ocrx_word' id='word_1_288' title='bbox 449 4045 493 4096; x_wconf 80' lang='lat' dir='ltr'><strong>ac,</strong></span> <span class='ocrx_word' id='word_1_289' title='bbox 512 4029 737 4087; x_wconf 87' lang='lat' dir='ltr'><strong>misericordiam</strong></span> <span class='ocrx_word' id='word_1_290' title='bbox 761 4029 920 4105; x_wconf 87' lang='lat' dir='ltr'><strong>Scipionis,</strong></span> <span class='ocrx_word' id='word_1_291' title='bbox 951 4029 1059 4086; x_wconf 91' lang='lat' dir='ltr'><strong>nullum</strong></span> <span class='ocrx_word' id='word_1_292' title='bbox 1080 4028 1146 4086; x_wconf 81' lang='lat' dir='ltr'><strong>iise</strong></span> 
     </span>
    </p>
   </div>
   <div class='ocr_carea' id='block_1_4' title="bbox 0 0 1419 4556">
    <p class='ocr_par' dir='ltr' id='par_1_5' title="bbox 0 0 1419 4556">
     <span class='ocr_line' id='line_1_37' title="bbox 0 0 1419 4556; baseline 0 0"><span class='ocrx_word' id='word_1_293' title='bbox 0 0 1419 4556; x_wconf 95' lang='lat' dir='ltr'><strong> </strong></span> 
     </span>
    </p>
   </div>
  </div>
 </body>
</html>
