2812 4556
548 271 624 318 nvn

49 451 53 532 l
77 455 194 529 quidem
207 474 262 530 ego
278 455 426 530 gloriabor
447 451 556 526 (Alaea.
571 473 584 510 e
597 457 632 510 P:
645 455 760 529 quidem
773 452 951 532 egloriabor)
977 460 1010 513 17
1025 453 1115 533 (cives

45 539 99 595 tibi
107 539 178 595 Lou.
184 539 213 609 3,
221 539 307 595 Doui.
317 537 465 594 PetDralc.
473 537 551 593 cives
558 537 635 610 sibi.)
651 540 801 608 lssautem,
814 536 1066 595 adversusfamam
1076 581 1083 595 .
1092 581 1114 595 ..

45 623 120 678 satis
135 622 161 678 si
176 623 277 678 firmus
300 624 368 696 tuq.
385 620 438 676 Illo
455 621 511 676 loco
526 629 556 676 ut
568 630 690 694 ponatur
703 619 737 691 si,
758 622 802 677 uel
819 622 964 696 anaphora
981 623 1116 696 postulat,

44 714 176 778 sequente
195 704 221 761 si
242 701 346 779 te...)
372 707 407 759 ta
431 701 623 777 (Probabile'ter
647 707 760 768 Muret:
785 704 907 779 gloriam
931 723 1038 761 vanam
1067 705 1116 778 qui

44 788 122 862 apr.)
158 790 191 844 21
221 797 325 862 agatur
345 805 437 842 moneo
460 786 539 860 (My.)
562 786 629 857 XL,
658 787 852 856 3evenireut;
876 798 906 844 at
928 788 951 844 si
972 788 1038 860 (Vq.
1055 791 1117 844 er:

46 869 116 947 etsi)
163 875 178 926 1
205 868 295 945 (Fert.
331 869 456 944 dignitas
485 869 606 930 deesset.
630 869 694 930 Fau.
719 871 790 943 249)
819 871 911 937 XLI,
949 873 966 928 6
996 870 1117 944 (ferente

44 971 150 1010 secum
175 953 277 1022 milite,
307 965 403 1010 castra
431 951 527 1011 Weiss.
558 954 579 1008 P
605 951 723 1010 larentia
750 971 847 1010 secum
877 953 980 1010 milites
1011 964 1115 1010 castra.

44 1036 145 1092 Drak.
176 1035 300 1092 ferentes
328 1053 384 1092 sec.
408 1035 511 1092 milites
534 1036 654 1102 ducens,
683 1035 791 1111 castra)
818 1039 846 1092 ’7
871 1035 936 1111 (per
957 1037 1116 1094 convallem

47 1119 178 1176 mediam
202 1122 254 1192 119.
272 1119 336 1177 Em.
352 1119 420 1178 250.
438 1121 524 1192 Pper
538 1119 712 1176 cornuallem
735 1115 998 1176 medium'amncm.
1023 1119 1116 1178 Drala

46 1223 103 1276 par
126 1202 288 1260 convallem
313 1201 437 1258 medium
463 1200 579 1276 agmen)
602 1202 702 1269 XLII,
726 1204 743 1259 3
766 1201 854 1272 (Plrit,
879 1204 972 1276 quide
986 1203 1042 1260 ar.
1066 1204 1118 1259 du·

46 1287 153 1342 1111111
174 1295 199 1341 et
219 1285 350 1359 protinus
369 1287 461 1359 potius
472 1294 538 1358 post
559 1283 753 1358 ducerentque
764 1286 920 1358 ponendum
933 1287 1118 1359 1111111111-

46 1379 103 1426 ret.
150 1367 219 1436 Sed,
252 1369 327 1442 qaod
345 1368 464 1424 nondum
493 1367 571 1423 uideo
600 1377 767 1435 annotatum,
798 1368 928 1442 protinus
949 1369 1016 1442 fieri
1042 1368 1121 1443 apud

47 1453 165 1508 Liuium
186 1452 296 1520 dicitur,
319 1450 394 1524 quod
414 1451 530 1506 alteriue
551 1452 665 1507 actionis
686 1469 721 1507 ac
741 1459 829 1506 motus
852 1460 940 1508 tenore
961 1470 1014 1507 noa
1036 1452 1117 1507 inter·

47 1544 137 1609 rupto
152 1535 294 1607 eimulfit:
318 1543 490 1608 unterwegs.
541 1533 602 1592 Vid.
617 1533 734 1603 XXIV,
757 1535 804 1603 48,
828 1536 874 1603 10,
895 1533 1028 1602 XXVII,
1047 1535 1076 1602 4,
1091 1535 1119 1604 9,

46 1617 209 1683 XXVIII,
236 1617 283 1686 13,
306 1618 324 1672 4
347 1625 373 1672 et
396 1618 443 1685 16,
467 1618 518 1684 10,
550 1613 674 1682 XXIX,
698 1617 744 1680 11,
768 1619 797 1686 5,
819 1617 867 1672 uhi
885 1618 956 1673 mole
972 1626 1120 1673 enarratur

51 1702 150 1769 „ohne
171 1701 231 1756 sich
255 1699 471 1768 aufzuhalten“,
491 1698 560 1768 XL,
583 1699 632 1767 26,
655 1701 684 1770 6,
705 1699 790 1768 XLI,
812 1702 840 1768 5,
868 1699 911 1773 .9;)
935 1703 952 1756 6
975 1719 1033 1775 qua
1055 1717 1119 1756 ver·

50 1793 123 1858 gant
147 1781 228 1858 (Atd.
253 1783 363 1856 Pquae
384 1781 518 1856 vergant)
551 1782 674 1852 XLIII,
712 1782 837 1839 6simul
860 1783 937 1856 quod
969 1801 1027 1857 quo
1063 1783 1118 1855 (ed.

51 1865 169 1923 Arcens.
201 1865 290 1922 1513.
321 1865 350 1921 P
377 1865 463 1921 simul
497 1865 575 1938 quod
612 1865 739 1940 lonqus)
780 1869 811 1922 11
847 1863 939 1922 effuso
976 1863 1119 1940 (Walck.)

50 1950 169 2021 XLIV,
210 1953 219 2005 1
248 1951 288 2020 (et
309 1949 338 2004 in
361 1966 458 2022 consp.
483 1945 569 2005 Grau.
592 1948 671 2004 Put
697 1948 726 2004 in
759 1965 857 2023 consp.
880 1948 972 2006 urat.
1002 1948 1051 2004 ubi
1079 1946 1121 2024 in)

52 2035 68 2088 2
93 2035 153 2090 et3
180 2032 371 2091 Aufidius...
400 2031 548 2088 Aufidium
573 2030 652 2087 6vel
673 2049 726 2088 usu
749 2032 805 2104 (M,
820 2033 847 2087 si
866 2033 970 2087 silentio
984 2030 1080 2104 fides.)
1103 2035 1118 2088 7

50 2115 153 2190 lingua
174 2125 312 2190 prompta
334 2115 405 2186 (tam
428 2116 454 2169 iu
477 2113 505 2168 P
525 2132 581 2170 esse
605 2111 690 2170 Gran.
713 2116 769 2179 ait,·
791 2123 832 2170 eet
852 2117 880 2170 iu
902 2113 933 2172 0.
966 2113 1047 2170 Dure
1060 2132 1122 2170 uer·

52 2198 116 2254 bum
139 2198 274 2271 auditur.)
297 2197 395 2267 XLV,
421 2197 609 2268 6(instruunt
631 2198 721 2254 aciem
751 2197 877 2254 Wes‘aae
897 2197 939 2252 P:
961 2197 1121 2253 iustruncta

52 2281 125 2341 acie.
149 2281 242 2338 Drula
264 2281 403 2337 instructa
425 2278 499 2355 acie)
525 2283 539 2336 7
564 2279 750 2352 (iaculatores
773 2297 837 2337 cum
860 2280 962 2337 ceteris
983 2279 1075 2336 DroIc.
1097 2280 1127 2335 P

51 2363 230 2421 iaculatores
255 2383 292 2420 ex
315 2373 368 2421 cet.
422 2363 530 2431 Vereor,
552 2381 585 2418 ue
605 2362 705 2419 Liuius
727 2371 831 2420 tanturn
853 2366 1012 2437 sumpserit:
1040 2373 1121 2420 tenu·

53 2459 150 2506 erunt.
199 2447 247 2504 Ex
269 2445 371 2503 ceteris
394 2444 499 2502 levium
526 2464 597 2501 arm.
620 2463 687 2504 aux.
713 2446 786 2520 [quea
808 2456 973 2520 separantur
993 2465 1012 2503 a
1028 2447 1123 2521 pedite

53 2541 80 2587 et
102 2533 192 2604 equite
217 2532 350 2586 sociorum
371 2528 537 2584 Latituorum
559 2537 585 2584 et
606 2526 755 2605 Italorum]
787 2529 882 2604 prima
911 2522 954 2585 ar'.
983 2528 1019 2599 f„
1040 2539 1067 2586 et
1086 2530 1121 2586 ub

53 2615 146 2670 atiena
171 2614 375 2686 iuterpretuntis
396 2631 478 2668 mauu
493 2614 638 2668 accesserit
658 2611 857 2688 iaculatores.)
879 2611 993 2682 XLVI,
1020 2615 1122 2668 dasne

54 2707 83 2752 et
116 2695 190 2752 alius
219 2695 335 2752 habitus
366 2713 379 2751 e
408 2697 474 2751 coni.
499 2692 584 2750 Gran.
621 2691 696 2768 (My.
717 2695 746 2750 P
764 2695 916 2751 antetalius
938 2695 1121 2754 hannibatus.

55 2779 136 2837 Sane
157 2787 252 2852 aptum
275 2797 328 2834 aon
350 2786 457 2834 estnec
479 2786 542 2833 onte
564 2780 710 2851 quicquam
742 2779 861 2834 terribile
888 2787 1123 2835 commemoratum

55 2870 112 2929 est,
145 2880 197 2935 quo
225 2864 362 2934 reseratur
394 2867 422 2916 at
449 2860 523 2916 alius
545 2860 625 2933 hab.)
669 2863 686 2917 8
709 2858 826 2935 (stetere
851 2859 936 2918 Gran.
960 2861 989 2916 P
1005 2871 1120 2917 statere.

55 2943 150 3000 Druk.
174 2942 296 3019 starent)
320 2943 451 3011 XLVII,
478 2947 495 3000 4
517 2940 593 3018 (par,
619 2943 686 2998 dum
710 2943 770 3016 My.
787 2943 851 2999 Em.
874 2945 943 2998 251.
964 2943 994 2998 P
1010 2962 1122 3018 parum.

55 3027 149 3085 Dralc.
171 3025 271 3102 pares)
295 3031 310 3082 5
334 3045 418 3101 aequa
446 3024 541 3082 fronte
572 3024 682 3100 (Lr'par
703 3026 768 3082 Em.
789 3026 858 3085 250.
885 3025 976 3080 Ilva]
1009 3025 1123 3082 consili·

56 3128 142 3183 aequa
171 3108 279 3183 fronte)
306 3113 322 3166 6
345 3109 477 3165 insistere
504 3106 623 3180 (Gron.,·
650 3108 715 3168 Em.
737 3108 805 3181 ud.)
842 3110 859 3165 8
891 3107 967 3180 (dein
995 3108 1122 3165 cedendo

57 3191 155 3253 Alrcla
178 3192 208 3247 P
225 3191 424 3250 deindetendo.
448 3191 541 3247 Drak.
564 3191 667 3247 deinde
688 3191 820 3264 nitendo)
858 3193 876 3248 9
900 3191 1072 3260 ceciderant,
1096 3200 1124 3248 et

58 3276 199 3332 adversus
227 3272 334 3350 (Creu.)
354 3270 358 3349 Ι
378 3273 469 3331 Afros
501 3275 643 3348 integram
677 3293 803 3349 pugnam
833 3272 954 3350 (Errare
978 3276 1056 3350 opud
1075 3293 1124 3331 uos

59 3360 185 3414 omissum
197 3367 238 3414 eet
247 3358 402 3432 integram)
413 3358 561 3424 XLVIII,
577 3362 587 3414 1
605 3358 744 3413 Romanis
757 3357 829 3428 (edd.
841 3366 903 3414 vett.
917 3363 944 3414 Ρ
956 3358 1092 3429 Romani)
1106 3362 1122 3414 5
1157 3359 1159 3364 '

58 3441 229 3497 Hasdrubal
244 3441 294 3515 qul
312 3440 447 3512 (Frustra
457 3440 534 3496 Liuii
548 3457 626 3496 error
640 3442 802 3510 occultatur,
814 3442 890 3496 cuiue
903 3447 959 3496 tota
966 3443 1069 3515 proelii
1079 3441 1125 3496 de·

59 3526 171 3598 sumptio
182 3524 363 3596 consuescet.)
376 3527 392 3580 6
406 3519 528 3596 (equites
542 3521 627 3582 Groa.
640 3523 699 3580 Pet
706 3523 798 3583 Drck.
812 3521 934 3598 pedites)
948 3519 951 3602 l
965 3524 1021 3580 iam
1034 3543 1126 3599 propa

60 3605 110 3683 (P)
122 3607 239 3675 XLIX,
256 3609 273 3662 2
287 3615 315 3662 et
326 3607 471 3662 concurrit
486 3604 599 3680 (errore,
613 3614 644 3661 ut
653 3607 772 3679 uidetur)
789 3610 805 3664 3
819 3606 997 3663 denuntianti
1012 3605 1126 3679 (Gran.)

63 3692 79 3747 8
102 3687 143 3764 (et
157 3708 254 3747 comes
276 3689 382 3748 Wulclt.
401 3689 467 3746 Pet
483 3689 576 3748 Drala
596 3689 704 3762 comes)
726 3693 760 3745 10
774 3689 940 3758 AEmilium,
962 3709 1012 3746 om.
1028 3689 1053 3746 L
1069 3689 1124 3764 (ed.

62 3773 200 3845 Mequnt.)
224 3772 450 3844 (vixisseadhuc
474 3781 502 3828 et
518 3771 613 3828 Aleria
635 3771 782 3828 Pvixisse
805 3782 834 3829 et
856 3773 950 3828 adhuc
972 3782 1008 3831 et.
1031 3770 1124 3829 Drak.

63 3855 169 3912 vixisse
203 3865 231 3912 et
255 3853 361 3929 adhuc)
397 3859 427 3911 11
447 3865 553 3912 memet
573 3855 602 3911 in
626 3852 702 3929 (edu.
725 3865 787 3911 vett.
808 3854 837 3910 P
855 3853 972 3929 maetiu)
1010 3856 1042 3910 12
1065 3855 1127 3910 haec

63 3939 239 4013 [ex]agentis
266 3932 347 4010 (My.
378 3938 442 3996 aa.
476 3938 545 3996 252.
574 3938 602 3993 Ρ
631 3938 692 3994 haec
723 3937 881 4012 exagentis.
937 3935 1029 3997 Drak.
1066 3937 1127 3994 haec

64 4017 224 4096 exigentes)
244 4017 248 4094 Ι
269 4031 328 4076 tum
352 4020 466 4077 demum
489 4018 598 4096 (Alech.
614 4021 644 4076 P
662 4030 721 4077 tum
744 4021 829 4076 unde.
852 4019 944 4076 Dralc.
967 4030 1026 4077 tum
1048 4020 1126 4094 inde)

67 4109 99 4161 14
117 4102 254 4180 (insertus
275 4103 380 4160 Bauer.
403 4104 476 4160 Pet
495 4101 587 4166 Drola
610 4101 744 4180 infestus)
770 4106 806 4160 16
829 4112 859 4160 et
882 4111 965 4161 tanta
986 4106 1042 4160 aine
1063 4111 1127 4159 uota

89 4216 153 4254 1111111
169 4227 193 4253 ax
206 4227 247 4254 rec.
262 4215 363 4263 untvigtt.
391 4214 423 4253 tlt.
