2700 4426
428 187 505 239 ntor
522 185 622 237 xxm.
659 185 706 262 (a.
724 184 860 250 oarn.)
1073 158 1128 246 175

104 371 234 448 regimen
271 390 366 430 rernm
398 370 525 429 omnium
557 388 646 445 penes
679 389 710 427 se
741 371 878 446 virosque
910 389 979 429 snos
1016 371 1170 429 Andrano·

106 477 206 534 dortcm
231 481 258 532 ei
278 477 429 552 Zoippum,
462 478 512 550 qui
537 484 666 532 tutorum.
683 475 769 550 primi
792 476 1036 551 relinquebantur.
1100 477 1200 536 Noas
1270 463 1277 469 „

106 580 194 639 facile
233 590 297 638 erat
335 580 555 656 nonagesimum
591 580 649 638 iam
691 582 788 656 agenti
823 601 946 652 annum,
982 567 1170 640 circumsesso

106 685 169 743 dies
205 694 363 760 noctesque
396 685 585 742 muliebribus
625 685 786 757 blanditiis,
822 686 946 745 liberare
982 688 1109 744 animum
1144 696 1172 744 et

107 800 276 850 convertere
308 791 347 848 ad
381 791 527 866 publicam
559 811 578 847 o
609 792 727 865 privata
758 810 867 853 euram.
926 795 1032 868 Itaque
1057 799 1202 882 tutoresb

107 898 196 954 modo
215 895 377 971 quindecim
393 914 484 971 puero
505 895 650 970 relinquit,⁴
674 915 747 970 quos
769 907 904 971 precatus
919 908 962 955 est
983 899 1118 968 moriens,
1140 911 1172 956 nt

107 1002 193 1059 fidem
210 1005 211 1008 ’
230 1019 300 1076 erga
332 1001 471 1076 populum
502 1003 666 1059 Romanum
701 1002 913 1077 quinquaginta
946 1022 1038 1060 annos
1068 1006 1106 1063 ab
1140 1024 1171 1063 se

106 1103 215 1165 cultam
229 1105 397 1168 inviolatam
414 1117 573 1178 servarent,
595 1108 786 1182 iuvenemque
800 1109 859 1164 suis
881 1108 1063 1182 potissimum
1085 1111 1171 1168 vest-i·

107 1211 163 1287 giis
194 1212 327 1268 insistere
359 1211 466 1268 vellent
498 1222 525 1269 et
555 1213 728 1287 discipline,
768 1212 797 1269 in
831 1232 889 1287 qna
929 1214 1048 1270 ednotus
1087 1226 1171 1273 esset.

108 1310 181 1374 Haea
203 1317 349 1374 mandata.
398 1315 494 1388 Quum
518 1317 703 1392 exspirasset,
724 1327 843 1387 tutores,
865 1327 1037 1376 testamento
1056 1321 1203 1394 prolatoli

108 1439 258 1500 pueroque
285 1421 500 1478 incentionem
523 1421 664 1496 producto
689 1422 765 1492 (erat
792 1431 891 1479 autem
920 1424 1082 1498 quindecim
1105 1434 1172 1482 tune

106 1526 201 1584 ferme
228 1527 398 1598 annorum),
434 1526 550 1600 paneis,
582 1526 632 1600 qui
658 1544 711 1601 per
735 1527 898 1585 contionem
934 1529 972 1586 ad
1003 1529 1201 1588 excitandos'l

108 1632 251 1689 elamores
273 1631 407 1707 dispositi
428 1639 528 1702 erant,
559 1632 789 1706 approbantibus
817 1640 1037 1703 testamentum,
1071 1636 1172 1694 oeterie

108 1736 189 1794 velut
198 1746 282 1811 patre
296 1737 404 1794 amisso
419 1736 449 1793 in
460 1736 533 1793 orba
547 1735 664 1794 civitate
679 1737 776 1794 omnia
791 1735 1030 1812 timentibus**¹).
1072 1741 1173 1798 Funus
1186 1743 1203 1798 8

109 1842 142 1898 fit
162 1840 286 1917 regium,
308 1843 401 1917 magis
422 1861 523 1898 amore
544 1841 648 1898 civium
672 1851 700 1898 et
722 1843 842 1900 caritate
858 1862 945 1918 quarn
961 1863 1032 1902 cura
1053 1863 1171 1903 suornm

108 1945 232 2003 celebre.
272 1947 362 2004 Brevi
383 1946 487 2003 deinde
503 1954 615 2003 eeteros
630 1955 741 2003 tutores
756 1929 918 2005 summovet
929 1949 1171 2022 Andranodorus‚
1186 1954 1202 2010 9

109 2052 243 2126 invenem
269 2052 328 2109 iam
351 2069 414 2108 esse
439 2051 574 2108 dictitans
597 2051 807 2126 Hieronymum
836 2071 871 2110 ao
900 2055 982 2128 regni
1012 2064 1171 2131 potentem3

110 2156 342 2232 deponendoque
361 2156 480 2214 tutelam
503 2157 574 2231 ipse,
597 2175 661 2230 quae
683 2174 746 2212 oum
769 2157 899 2232 pluribus
920 2163 1079 2219 eommunis
1102 2174 1172 2234 erat,

110 2259 140 2316 in
161 2277 194 2315 se
215 2277 302 2316 unum
327 2263 454 2319 omnium
477 2262 554 2318 vires
575 2261 726 2319 convertit.

196 2364 256 2421 Vix
278 2366 392 2443 quidem
414 2366 462 2423 vel
484 2368 561 2424 bono
577 2368 787 2440 moderatoque
807 2367 870 2441 regi
890 2367 984 2428 facilis
1002 2381 1065 2429 erat
1086 2372 1172 2429 favor·
1248 2375 1264 2392 '

110 2471 189 2544 apud
212 2470 428 2546 Syracusanos,
461 2473 626 2529 suecedenli
647 2481 734 2530 tantae
756 2473 870 2530 caritati
891 2475 1041 2546 Hieronis3
1070 2486 1202 2539 vernm2

110 2576 258 2633 enimvero
280 2577 494 2653 Hieronymus,
524 2578 603 2634 velut
630 2578 689 2634 suis
720 2578 797 2634 vitiis
819 2580 1038 2637 desiderabilem
1061 2580 1174 2638 efficere
1246 2602 1248 2607 ·

109 2681 198 2738 vellet
219 2700 322 2753 avum,
358 2683 453 2757 primo
475 2682 571 2739 statim
596 2691 765 2757 conspeetu,
792 2685 897 2742 omnia
925 2704 1013 2761 quam
1046 2686 1173 2760 disparia

109 2796 216 2857 essent,
234 2763 375 2848 sostendit.
418 2787 497 2844 Nam
521 2787 570 2861 qui
592 2805 645 2862 per
665 2795 709 2843 tot
733 2807 824 2845 annos
846 2790 1003 2847 Hieronem
1026 2791 1203 2866 filiumque3

108 2892 173 2949 eius
194 2891 337 2950 Gelonem
371 2911 425 2948 nee
457 2893 546 2950 vestie
579 2892 680 2949 habitu
716 2910 769 2949 nee
791 2892 848 2949 alio
882 2893 940 2950 ullo
962 2893 1066 2968 insigni
1090 2893 1172 2953 diffe·
1209 2886 1217 2890 ’

107 3005 206 3054 rentes
234 3016 264 3061 a,
282 2997 384 3054 ceteris
414 2997 525 3055 civibus
555 2997 710 3066 vidissent,
746 2997 773 3053 ei
803 3016 981 3072 conspexere
1013 3018 1172 3074 purpuram

107 3120 146 3160 ae
166 3101 302 3159 diadema
323 3121 359 3160 ao
379 3102 517 3160 satellites
538 3112 677 3173 armatos,
703 3103 909 3177 quadrigisque
931 3105 1028 3184 etiamu
1040 3105 1203 3170 alborum4

107 3224 251 3279 equorum
266 3206 410 3264 interdum
432 3227 469 3264 ex
488 3209 571 3283 regia
584 3207 788 3283 procedentem
804 3226 885 3263 more
899 3207 1034 3283 Dionysii
1048 3211 1172 3285 tyranni.

105 3310 198 3368 Hune
235 3319 294 3368 tarn
336 3315 496 3387 superbum=
531 3320 704 3388 apparatum
742 3312 930 3388 habitumque
970 3315 1203 3388 convenientesf)

105 3416 308 3489 sequebantur
342 3427 523 3493 contemptus
551 3418 678 3475 omnium
713 3417 878 3487 hominum,
912 3419 1044 3492 superbae
1079 3439 1172 3489 aures,

105 3521 319 3579 contumeliosa
341 3522 508 3592 disrarari
532 3523 628 3580 aditus
651 3543 708 3580 non
724 3523 825 3580 alienis
848 3523 945 3594 modo,
965 3525 1016 3580 sed
1031 3527 1173 3582 tutoribus

105 3626 212 3697 etiam,
245 3627 378 3684 libidines
404 3646 502 3696 novae,
528 3627 687 3685 inhumana
716 3626 880 3685 erudelitas.
939 3629 1043 3703 Itaque
1076 3639 1204 3694 tantnsa

106 3751 211 3791 omnes
237 3741 331 3791 terror
358 3734 518 3802 invaserat,
552 3742 584 3790 nt
615 3733 733 3808 quidam
763 3752 800 3789 ex
827 3733 976 3789 tutoribus.
998 3746 1049 3789 ant
1079 3743 1171 3790 morte

104 3838 275 3896 voluntaria
296 3844 354 3894 [ant
376 3837 447 3913 fuga
467 3847 672 3913 praeverterent
702 3845 806 3894 metum
830 3837 1046 3912 suppliciorum.
1097 3839 1202 3901 Tree‘l

126 3953 131 3959 ι
138 3954 309 3964 .—---—-.—.-·

145 3999 170 4068 ¹)
208 4003 342 4054 Excidisse
360 4005 483 4053 nonnulla
505 4005 624 4054 videntur
642 4007 672 4054 do
700 4019 779 4067 regno
798 4005 829 4054 ad
851 4005 1036 4074 Hieronymum
1053 4022 1099 4072 qer
1119 4023 1177 4070 eqe-

209 4074 275 4122 eiem
294 4074 387 4124 decreti
405 4075 534 4124 translato.
