2748 4556
297 251 356 308 tot
572 247 750 298 sturm.
787 249 874 308 (aa.
888 263 910 300 e.
928 251 998 309 aaa,

254 433 352 510 pacina
376 433 427 491 sed
450 431 572 490 forsitan
594 450 653 490 non
675 431 785 508 indigni
807 433 911 501 simus,
934 431 984 507 qui
1005 430 1155 488 nobismet
1176 429 1232 506 ipsi
1252 432 1318 488 mul·

202 537 241 593 25
254 547 314 596 tam
337 537 508 612 irrogemus.
556 537 626 594 Non
653 555 836 608 recusamus,
872 537 942 613 quin
969 537 1084 605 omnia,
1120 544 1321 612 propterque

254 644 291 702 ad
313 643 420 701 bellum
442 643 512 700 itum
536 653 599 711 est,
629 651 728 700 vestra
749 643 820 712 sint,
851 642 965 713 Sicilia,
994 641 1153 713 Sardinia,
1176 641 1322 717 Hispania,

254 749 390 824 quioquid
419 749 578 806 insularum
606 757 668 806 toto
695 748 771 805 inter
791 747 925 806 Africam
957 747 1139 822 Italiamque
1168 747 1323 804 continetur

202 854 240 908 26
254 854 337 912 mari.
387 853 643 930 Carthaginienses
674 853 777 910 inclusi
804 852 916 911 Africa
942 853 1077 910 litoribus
1096 871 1176 924 vos,
1213 852 1323 927 qnando

253 961 295 1018 ita
316 961 360 1017 dis
377 960 502 1035 placuit,
530 970 651 1018 externa
671 961 758 1017 etiem
776 969 854 1017 terra
872 957 1005 1032 marique
1020 957 1182 1015 videamus
1198 967 1323 1034 regentes

202 1064 239 1118 27
253 1064 384 1139 imperio.
438 1064 528 1122 Haud
550 1066 728 1139 negaverim,
750 1074 871 1140 propter
891 1082 951 1120 non
967 1063 1053 1120 nimis
1072 1064 1192 1122 sincere
1210 1064 1322 1139 petitam

253 1179 304 1227 aut
325 1177 523 1245 exspectatam
545 1188 638 1245 nuper
665 1188 767 1245 pacem
797 1177 961 1244 suspectam
984 1186 1049 1224 esse
1072 1168 1165 1226 vobis
1188 1169 1321 1226 Punicam

253 1275 349 1334 tidem.
402 1275 544 1342 Multum,
575 1294 629 1350 per
653 1293 726 1350 quos
751 1275 842 1350 petita
864 1274 917 1343 sit,
940 1273 978 1330 ad
999 1273 1088 1330 fidem
1108 1273 1229 1331 tuenda
1248 1271 1322 1348 pacis

201 1378 393 1454 28pertinet,
425 1379 532 1455 Scipio.
582 1379 683 1437 Vestri
704 1399 838 1454 quoqne,
873 1387 906 1435 ut
930 1378 1035 1446 audio,
1072 1389 1178 1454 patres
1201 1378 1322 1436 nonnihil

253 1484 339 1542 etiarn
363 1486 401 1542 ob
425 1487 497 1552 hoo,
529 1485 598 1560 quia
619 1504 721 1560 parum
745 1485 892 1560 dignitatis
914 1484 943 1540 in
964 1483 1114 1558 legatione
1139 1495 1219 1554 erat,
1241 1502 1320 1558 nega·

200 1588 239 1643 29
252 1601 356 1646 verunt
382 1608 493 1664 pacem.
552 1591 701 1648 Hannibal
731 1600 798 1666 peto
826 1609 946 1665 pacem,
980 1590 1030 1663 qui
1057 1608 1159 1663 neque
1189 1599 1321 1665 peterem,

251 1693 306 1751 nisi
338 1694 435 1751 utilem
465 1697 627 1765 crederem,
661 1706 689 1753 et
720 1705 841 1771 propter
874 1697 995 1754 eandem
1030 1694 1190 1751 utilitatem
1227 1694 1321 1750 tuebor

201 1799 327 1869 eneam,
348 1810 572 1876 propterquam
593 1801 672 1877 petii.
709 1801 750 1858 Et
762 1801 1017 1873 quemadmodum,
1040 1800 1207 1874 quiaame
1221 1799 1321 1856 bellum
1371 1845 1372 1856 i

253 1915 377 1981 coepturn
401 1915 454 1976 est,
476 1927 513 1964 ne
535 1925 619 1981 qoem
647 1907 708 1964 eius
731 1906 893 1981 paeniteret,
915 1905 1013 1980 quood
1035 1905 1091 1980 ipsi
1113 1905 1251 1962 invidere
1272 1902 1322 1962 dei.

254 2011 382 2086 prestiti,
404 2011 445 2068 ita
467 2012 591 2079 annitar,
613 2029 650 2068 ne
672 2030 758 2086 quem
779 2012 860 2086 pacis
881 2029 935 2085 per
957 2030 1003 2066 me
1031 2020 1124 2085 pertae
1156 2010 1319 2084 paeniteat.“

157 2107 197 2175 31
336 2116 489 2174 Adversus
515 2119 577 2174 baec
605 2117 764 2192 imperator
784 2117 935 2173 Romanus
961 2115 991 2172 in
1022 2117 1099 2172 hanc
1120 2114 1187 2172 fere
1211 2123 1321 2171 senten-

251 2221 321 2278 tiam
348 2222 514 2297 respondit:
550 2222 639 2290 „Non
668 2240 713 2277 me
738 2219 874 2291 fallebat,
908 2221 1075 2288 Hannibal,
1113 2221 1263 2278 adventus
1283 2218 1320 2275 tui

251 2345 303 2401 spe
325 2326 579 2401 Carthaginienses
610 2336 640 2383 et
668 2335 838 2401 praesentem
867 2326 1045 2384 indutiarum
1075 2325 1165 2382 fidem
1188 2334 1220 2382 et
1244 2343 1318 2400 spen

220 2429 332 2507 lpaois
362 2433 514 2501 turbasse3
545 2451 639 2507 neque
668 2443 698 2489 to
726 2432 757 2488 id
782 2451 853 2490 sane
875 2431 1055 2502 dissimules,
1088 2431 1139 2504 qui
1162 2433 1201 2488 de
1224 2431 1320 2488 condi·

251 2537 381 2594 cionibus
411 2525 610 2614 superioribus
639 2538 719 2613 pacis
743 2538 842 2594 omnia
863 2539 1019 2595 subtrahes
1039 2547 1145 2613 preter
1169 2556 1226 2605 ea,
1261 2553 1318 2611 quae

221 2640 309 2698 tiam
337 2642 449 2716 pridem
480 2644 510 2700 in
539 2651 640 2700 nostra
661 2651 806 2718 potestate
827 2653 903 2702 sunt.
952 2642 1087 2701 Ceterum
1114 2651 1146 2699 ut
1168 2642 1224 2700 tibi
1248 2657 1319 2700 cura

252 2757 304 2819 est,
326 2749 432 2806 sentire
454 2751 532 2806 cives
554 2759 629 2818 tuos,
653 2760 762 2824 quanto
785 2769 837 2824 per
858 2759 887 2805 te
912 2767 999 2806 onere
1021 2749 1164 2819 leventur,
1187 2749 1230 2805 sic
1253 2745 1318 2804 mihi

250 2854 441 2913 laborandum
471 2865 532 2924 est,
567 2873 618 2921 ne,
659 2873 723 2928 quae
751 2863 812 2911 tum
833 2854 1023 2930 pepigerunt,
1056 2853 1144 2911 hodie
1170 2854 1320 2910 subtracta
1371 2851 1372 2924 l

218 2959 287 3018 ‘lex
325 2961 543 3018 condicionibus
576 2961 657 3036 pacis
689 2959 808 3035 praemia
842 2959 970 3035 perfidiae
1006 2960 1142 3018 babeant
1195 2956 1320 3032 Indigni.

250 3066 353 3140 quibos
385 3066 486 3122 eadem
521 3075 622 3141 pateat
651 3064 799 3135 condicio,
833 3066 920 3122 etiem
952 3073 985 3121 ut
1005 3065 1099 3141 prosit
1120 3064 1207 3120 vobis
1229 3064 1319 3122 fraus.

248 3171 353 3247 petitis.
401 3171 509 3244 Neque
527 3179 625 3246 patres
647 3169 738 3227 nostri
756 3169 868 3243 priores
891 3170 927 3226 de
956 3169 1056 3228 Sicilie
1083 3189 1180 3244 neque
1207 3189 1264 3227 nos
1288 3172 1321 3227 de

247 3278 393 3353 Hispania
422 3277 544 3336 lecimus
579 3275 699 3345 bellum;
731 3283 760 3332 et
794 3285 868 3332 tuno
896 3275 1139 3332 Mamertinorum
1172 3277 1319 3334 sociorum
1371 3325 1372 3328 ,

247 3383 403 3458 periculum
444 3394 472 3442 et
508 3400 584 3439 nunc
627 3381 749 3456 Sagunti
788 3381 931 3439 excidium
971 3381 1055 3437 nobis
1088 3381 1140 3456 pia
1173 3401 1210 3440 ac
1243 3383 1318 3439 insta

216 3487 401 3546 binduerunt
423 3507 517 3547 arma.
567 3488 631 3543 Vos
659 3486 825 3556 lacessisse,
861 3495 890 3543 et
921 3494 953 3542 tu
986 3485 1049 3560 ipse
1081 3485 1184 3544 fateris
1213 3497 1243 3544 et
1275 3486 1317 3542 dei

246 3600 334 3649 testes
363 3604 446 3663 sunt,
482 3593 533 3667 qui
561 3602 590 3649 et
616 3592 692 3648 illius
719 3591 787 3648 belli
818 3591 926 3649 exitum
961 3592 1119 3650 secundum
1148 3591 1194 3648 ius
1216 3590 1317 3666 fasque

217 3696 387 3755 idedernnt
417 3709 446 3756 et
477 3700 561 3755 huius
592 3698 663 3754 dant
704 3706 732 3754 et
767 3697 886 3758 dabunt.
936 3697 1023 3772 Quod
1055 3699 1094 3754 ad
1127 3715 1176 3754 me
1209 3698 1315 3756 attinet

232 3813 275 3877 ⁸et
306 3805 441 3860 humanae
480 3803 655 3864 infirmitatis
688 3802 805 3860 memini
837 3813 866 3860 et
900 3803 960 3861 vim
992 3802 1118 3860 fortuna
1152 3812 1257 3879 reputo
1289 3813 1314 3859 et

245 3908 357 3978 omnia,
395 3927 575 3982 quacunque
597 3909 729 3984 agimus,
761 3909 892 3966 subiecta
913 3927 977 3966 esse
999 3909 1079 3966 mille
1101 3910 1221 3968 casibus
1242 3910 1314 3968 scio:

216 4012 369 4067 laetarum
394 4013 641 4084 quemadmodum
664 4013 788 4087 superbo
810 4023 838 4069 et
853 4011 996 4071 violenter
1019 4032 1066 4070 me
1085 4013 1198 4072 faterer
1211 4015 1314 4075 lacere.
