2680 4546
320 245 357 300 18
588 239 665 288 Liber
682 238 784 288 xxvi.
822 239 869 298 (A.
884 253 908 286 u.
923 253 944 290 c.
959 239 1035 300 544.)

274 549 333 586 uon
363 541 395 586 ut
421 529 477 604 ipsi
505 545 674 585 maneamus
701 527 731 582 in
753 527 915 600 Hispania,
950 526 1002 582 sed
1033 544 1071 581 ne
1093 523 1184 582 Poeni
1207 543 1268 580 man

277 654 330 691 nec
356 646 389 690 ut
415 653 469 709 pro
491 633 556 708 ripa
577 631 681 690 Hiberi
702 641 812 690 stantes
833 649 985 688 arceamus
1006 629 1134 686 transitu
1155 629 1267 687 hostes.

246 746 309 798 'lut
331 739 406 796 ultro
434 750 616 794 transeamus
639 737 907 810 transferamusque
932 735 1055 804 bellum,
1085 753 1212 804 vereor,
1241 753 1272 789 ne
1291 731 1321 790 cui

276 859 403 904 vestrum
417 843 510 902 maius
531 842 560 898 id
575 841 772 915 audaciusque
786 840 936 898 consilium
953 859 1040 915 quam
1064 851 1119 896 aut
1140 859 1196 916 pro
1212 859 1255 896 me
1304 839 1310 850 '

277 951 400 1008 cladium
436 967 529 1023 nuper
563 957 747 1020 acceptarum
790 956 841 1004 aut
883 965 936 1022 pro
975 957 1061 1002 atate
1103 964 1173 1002 mea
1208 945 1316 1000 videaur

246 1056 417 1114 8Adversss
452 1071 555 1129 pugnas
588 1052 618 1108 in
645 1050 790 1124 Hispania
821 1051 927 1109 nullius
958 1052 987 1108 in
1025 1051 1130 1108 animo
1158 1069 1246 1123 quam
1276 1039 1322 1104 ned

277 1158 370 1215 minus
398 1155 557 1216 oblitterari
587 1165 723 1231 possunt,
752 1156 860 1230 quippe
887 1158 934 1214 cui
962 1167 1046 1231 pater
1068 1165 1098 1214 et
1129 1166 1248 1232 patruus
1267 1155 1321 1210 intra

245 425 335 484 bsed
358 443 446 498 quum
474 425 531 480 iam
560 422 737 496 benignitate
768 422 854 478 deum
885 421 915 478 id
945 438 1084 494 paremus
1108 431 1201 493 atque
1220 437 1321 688 agap}

276 1263 395 1338 triginta
430 1262 539 1318 dierum
572 1262 715 1336 spatium,
748 1270 780 1316 ut
809 1260 887 1317 aliud
919 1280 1007 1336 super
1038 1262 1119 1318 aliud
1152 1261 1320 1318 cumularetur

245 1367 393 1427 bismilies
425 1378 530 1424 nostrae
556 1366 657 1436 funus,
687 1366 829 1424 interfecti
852 1379 933 1435 suut;
966 1368 1018 1424 sed
1037 1377 1070 1424 ut
1091 1366 1243 1424 familiaris
1261 1381 1318 1440 peut

277 1473 388 1530 orbitas
410 1491 445 1528 ac
466 1472 591 1528 solitudo
613 1470 722 1546 frangit
744 1472 882 1543 animum,
903 1473 946 1530 ita
966 1472 1085 1547 publica
1107 1491 1199 1546 quum
1219 1472 1317 1528 fortuna

275 1589 336 1634 tum
365 1577 457 1634 virtus
484 1578 638 1651 desperare
673 1577 709 1634 de
736 1593 850 1632 summa
886 1595 982 1634 rerum
1011 1578 1158 1652 prohibet.
1212 1577 1316 1634 Balatu

277 1682 403 1756 quodam
434 1683 505 1738 data
525 1681 609 1738 nobis
636 1699 700 1738 sors
728 1691 786 1751 est,
814 1691 846 1738 ut
875 1682 989 1756 magnis
1010 1683 1148 1740 omnibus
1176 1682 1251 1738 bellis
1269 1679 1315 1736 riui

227 1786 438 1850 tovicerimus.
482 1788 593 1844 Vetera
614 1788 732 1854 omitto,
761 1787 954 1856 Porsinnam,
983 1785 1108 1857 Gallos,
1142 1787 1314 1852 Samnitem

276 1892 394 1948 Punicis
416 1892 497 1948 bellis
518 1892 664 1968 incipiam.
708 1891 787 1963 Quot
808 1891 933 1960 classes,
955 1903 1028 1966 quot
1049 1893 1150 1960 duces,
1171 1902 1238 1966 quot
1254 1909 1312 1948 eru·

226 2001 259 2056 ll
276 1997 350 2054 citus
369 1996 466 2071 priore
485 1997 561 2054 bsllo
583 1997 681 2054 amissi
702 1994 787 2052 sunt?
820 1997 885 2054 Iam
907 1997 976 2070 quid
1000 1999 1058 2054 hoc
1078 1998 1156 2056 bello
1172 1993 1312 2054 memorent?

237 2121 243 2128 ·
276 2101 418 2159 Omnibus
450 2111 500 2160 aut
529 2102 592 2176 ipse
621 2099 691 2158 affui
718 2101 849 2158 cladibus
880 2115 946 2171 aut,
975 2103 1081 2176 quibus
1113 2101 1189 2172 afui,
1217 2101 1310 2158 maxine

276 2225 349 2264 unua
372 2206 498 2263 omnium
520 2224 570 2262 eas
592 2205 678 2264 sensi.
732 2206 857 2275 Trebia,
890 2209 1121 2277 Trasumennus,
1145 2207 1244 2266 Canna
1260 2201 1325 2278 quilt

276 2313 353 2370 aliud
375 2322 442 2368 sunt
457 2329 544 2386 quam
560 2320 748 2368 monumenta
764 2313 924 2370 occisorum
940 2312 1120 2370 exercituum
1136 2313 1305 2382 consulumque

228 2420 262 2474 12
276 2415 495 2475 Romanorum?
528 2416 615 2474 Adde
637 2415 827 2474 defectionem
842 2417 945 2486 Italia,
968 2417 1075 2476 sicfliae
1104 2419 1218 2476 maioris
1235 2415 1304 2491 parda

276 2521 432 2589 Sardiniam
466 2521 541 2578 adde
562 2521 694 2578 ultimum
716 2531 857 2579 terrorem
883 2541 917 2580 ac
940 2540 1093 2596 pavorem,
1115 2533 1209 2580 castra
1226 2519 1303 2578 l'uuiu

274 2627 349 2682 inter
370 2626 513 2684 Anienem
541 2645 576 2682 ac
607 2627 715 2684 nroenia
736 2628 872 2685 Romana
894 2628 992 2703 posita
1017 2637 1047 2684 et
1078 2627 1172 2684 visum
1194 2623 1301 2701 propriu

275 2732 366 2808 portis
387 2732 525 2788 victorem
547 2731 752 2788 Hannibalem.
799 2733 835 2790 Iu
863 2735 919 2790 hae
946 2732 1030 2790 ruina
1057 2751 1156 2790 rerum
1184 2731 1250 2787 stetit
1265 2745 1300 2782 un

274 2837 387 2912 integra
414 2847 503 2911 atque
533 2836 689 2893 immobilis
717 2837 809 2894 virtus
840 2838 942 2912 populi
969 2838 1114 2907 Romani;
1156 2839 1213 2894 bac
1234 2831 1299 2891 cnut
1324 2855 1326 2932 1

226 2947 367 3000 l3strata
395 2941 475 2998 humi
503 2940 596 2998 erexit
623 2957 657 2998 uc
683 2942 806 3000 sustulit.
854 2943 917 2999 Vos
946 2942 1074 2998 omnium
1099 2943 1197 3017 primi,
1221 2938 1297 2996 milites
1324 2951 1326 3054 q

274 3059 342 3122 post
363 3046 543 3106 Cannensem
566 3044 676 3104 cladem
699 3047 818 3104 vadenti
840 3047 1021 3104 Hasdrubali
1042 3047 1080 3103 ad
1104 3049 1196 3122 Alpes
1206 3045 1296 3104 natm
1325 3057 1326 3098 1

275 3171 345 3224 que,
373 3151 423 3224 qui
450 3151 475 3206 si
505 3169 536 3208 se
566 3169 631 3206 cum
658 3149 749 3208 fratre
769 3151 979 3220 coniunxisset,
1009 3151 1122 3208 nullum
1149 3153 1203 3211 iam
1226 3164 1295 3206 nonen
1324 3121 1326 3248 l

274 3267 350 3314 esset
371 3256 471 3331 populi
492 3256 631 3325 Romani,
659 3256 746 3314 ductu
769 3258 957 3332 auspicioque
978 3258 1069 3333 patris
1095 3257 1153 3314 mei
1173 3252 1294 3313 obstitistis:
1325 3319 1326 3326 ἵ

226 3370 260 3422 ll
274 3371 303 3418 at
333 3363 377 3418 hse
399 3360 531 3418 secundae
552 3379 599 3418 res
620 3360 685 3418 illas
707 3361 847 3418 adversas
867 3361 1075 3420 sustinuerunt.
1131 3365 1212 3421 Nunc
1229 3357 1295 3428 buig-
1324 3327 1326 3348 ⁴

273 3467 364 3524 nitate
396 3467 480 3522 deum
510 3464 608 3520 omnia
637 3465 780 3536 secunda,
813 3485 970 3541 prospera,
1005 3468 1035 3524 in
1073 3468 1135 3524 dies
1164 3467 1257 3524 latiora
1274 3477 1293 3514 u
1324 3493 1326 3532 t

225 3579 260 3632 15
275 3573 394 3630 meliora
424 3571 454 3626 in
483 3569 571 3626 Italia
598 3568 755 3644 Siciliaque
780 3582 928 3645 geruntur.
987 3575 1023 3630 ln
1051 3574 1151 3631 Sicilia
1176 3571 1293 3648 Syrtwff·
1325 3545 1326 3570 ³

273 3677 465 3751 Agrigentum
488 3686 618 3750 captum,
644 3673 721 3748 pulei
743 3685 804 3732 tota
825 3676 921 3734 insula
940 3679 1054 3748 hostes,
1074 3686 1235 3752 receptaque
1251 3686 1292 3744 prt·

273 3781 369 3838 vincia
401 3782 431 3837 in
451 3780 563 3837 dicione
588 3780 688 3854 populi
710 3781 834 3838 Romani
862 3792 921 3851 θείς
951 3783 980 3840 in
1006 3782 1096 3839 Italia
1115 3780 1188 3856 Arpi
1212 3771 1290 3848 metit

225 3892 260 3945 16
273 3885 377 3960 Capua
392 3897 487 3959 capta.
536 3886 597 3942 lter
617 3904 703 3942 omne
724 3886 762 3942 ab
786 3886 858 3942 urbe
875 3888 972 3944 Roma
994 3887 1107 3962 trepida
1120 3886 1187 3960 luga
1198 3893 1288 3940 curerats

273 3987 437 4055 Hannibal,
457 3986 487 4042 in
509 3998 669 4046 extremum
693 3989 828 4064 angulum
852 3991 916 4064 agri
939 3990 1046 4048 Bruttii
1067 3989 1230 4066 compulsus,
1243 3979 1287 4040 till
