2700 4426
392 267 395 271 .
423 218 503 270 Liber
518 217 620 270 XXIV.
661 218 706 280 (A.
719 213 768 266 ch.
784 217 859 280 214.)
1054 279 1057 282 ,
1073 221 1129 276 185

110 401 167 458 tori
189 412 298 469 essent,
326 401 548 476 scripseratque
560 400 673 457 senatui
698 419 755 457 non
782 410 853 467 tam,
877 400 945 474 quid
967 402 1202 471 desiderarent,4
1251 397 1253 402 ’
1290 400 1292 416 “
1330 416 1334 424 ·

110 526 197 580 quarn
222 507 290 581 quid
313 508 497 590 meruissent:
520 507 597 563 bona
619 505 746 580 fortique
769 524 859 580 opera
880 524 979 562 eorum
1002 525 1033 562 se
1055 507 1171 563 adeam

110 612 186 669 diem
216 630 315 684 osum,
347 612 501 686 nequead
529 609 692 685 exemplum
719 610 786 666 iusti
814 611 911 667 militis
943 611 1097 684 quicquam
1131 611 1171 667 eis

109 726 215 792 praeter
229 718 390 774 libertatem
414 719 523 775 deesse.
565 717 613 772 De
635 735 669 773 eo
691 717 863 790 permissum
884 716 940 791 ipsi
962 724 1032 786 erat,
1054 715 1202 780 facerent

109 822 188 896 quod
222 842 238 879 e
270 842 303 879 re
336 822 453 897 publica
485 822 601 877 duceret
638 839 711 877 esse.
768 822 873 894 Itaque
905 821 1073 896 prinsquam
1107 841 1171 879 cum

109 929 194 983 hoste
217 946 333 984 monum
357 935 529 994 consereret,
551 925 733 1000 pronuntiat,
755 935 868 999 tempus
891 927 1004 984 venisse
1026 928 1066 984 eis
1088 927 1171 984 liber·

107 1032 187 1101 tatis,
210 1051 296 1106 quam
320 1031 368 1087 diu
392 1040 566 1105 sperassent,
588 1029 743 1104 potiundae.
788 1032 911 1108 Postero
934 1033 980 1088 die
1002 1033 1091 1106 signis
1113 1032 1202 1088 eol-6

108 1137 176 1194 latis
199 1134 401 1194 dimicaturum
423 1154 497 1210 puro
528 1154 562 1191 ac
583 1135 695 1210 patenti
718 1152 838 1209 campo,
871 1135 919 1192 ubi
940 1136 1002 1192 sine
1023 1136 1081 1192 ullo
1103 1136 1171 1192 insi·

108 1243 223 1299 diarum
249 1250 325 1299 metu
349 1259 419 1297 vera
437 1240 543 1296 virtute
564 1240 626 1314 geri
653 1259 699 1296 res
721 1249 828 1314 posset.
877 1240 934 1313 Qui
965 1249 1052 1315 caput
1080 1242 1200 1298 hostis7

108 1347 269 1416 retulisset,
298 1365 363 1403 eum
386 1359 417 1402 se
439 1345 584 1419 extemplo
613 1345 733 1402 liberum
764 1347 907 1402 iussurum
930 1364 1006 1415 esse;
1036 1347 1085 1421 qui
1106 1348 1171 1404 loco

108 1452 252 1523 cessisset,
276 1451 305 1508 in
331 1471 395 1507 eum
419 1451 516 1507 servili
537 1450 679 1524 supplicio
701 1451 986 1518 animadversurum
1008 1469 1089 1507 suam
1113 1454 1171 1508 oui·

109 1575 167 1630 que
187 1556 333 1614 fortunam
359 1557 388 1613 in
411 1575 498 1612 manu
520 1573 591 1611 esse.
642 1556 795 1612 Libertatis
818 1565 965 1613 auctorem
993 1557 1033 1612 eis
1060 1575 1118 1612 non
1140 1556 1203 1612 se8

108 1661 175 1719 fore
195 1662 297 1732 solum,
320 1663 371 1719 sed
389 1661 536 1718 consulem
559 1661 600 1719 M.
618 1661 797 1730 Marcellum,
819 1662 870 1718 sed
892 1663 1042 1719 universos
1064 1672 1171 1736 patrae,

108 1785 183 1840 quos
206 1768 353 1824 consultos
377 1767 414 1822 ab
437 1783 469 1822 se
487 1767 522 1822 de
543 1764 675 1821 libertate
697 1783 797 1820 eorum
815 1765 870 1822 sibi
893 1766 1067 1840 permisisse.
1109 1766 1203 1822 nit-9

109 1882 186 1929 teras
214 1871 434 1929 inde'consulis
464 1889 499 1927 ac
528 1880 645 1926 senatus
675 1868 836 1925 consultum
864 1870 1011 1939 recitavit,
1042 1871 1079 1926 ad
1109 1888 1172 1943 quoe

108 1978 220 2034 clamor
241 1996 306 2040 cum
328 1975 436 2050 ingenti
458 1992 577 2030 assensu
600 1984 643 2030 est
664 1974 803 2030 sublatus.
847 1974 981 2048 Pugnam
1004 1975 1172 2049 poscebant,

108 2083 281 2157 signumque
302 2089 334 2138 ut
355 2080 441 2155 daret
459 2080 614 2154 extemplo,
647 2079 782 2136 ferociter
812 2078 967 2134 instabant.
1011 2077 1172 2141 Gracchus,
1189 2083 1224 2136 to

108 2187 212 2262 proelio
234 2186 264 2242 in
286 2195 433 2261 posterum
457 2184 532 2240 diem
548 2183 745 2258 pronuntiato,
768 2183 931 2241 contionem
954 2182 1075 2251 dimisit3
1099 2183 1171 2239 mili-

108 2303 152 2350 tes
174 2291 241 2361 laeti,
264 2290 408 2366 praecipue
431 2289 535 2363 quibus
551 2307 660 2345 merces
682 2297 796 2346 navatae
817 2289 847 2344 in
869 2308 956 2345 unum
979 2288 1054 2343 diem
1077 2306 1172 2363 operae

106 2395 228 2452 libertas
262 2395 361 2451 futura
385 2403 461 2462 erat,
492 2394 579 2450 armis
610 2394 796 2468 expediendis
818 2376 958 2467 reliquum
988 2393 1044 2450 diet
1063 2411 1171 2450 consu-

76 2511 81 2516 '
108 2510 199 2557 munt.
246 2502 370 2556 Postero
393 2499 440 2555 die
461 2500 511 2556 ubi
532 2500 615 2575 signa
637 2509 786 2574 coeperunt
807 2518 920 2568 canere,
941 2485 1027 2574 primi
1044 2499 1170 2555 omnium
1228 2494 1267 2560 15

107 2605 206 2681 parati
227 2604 416 2678 instructique
439 2606 475 2659 ad
498 2605 663 2679 praetorium
680 2605 862 2664 conveniunt.
906 2605 975 2663 Sole
997 2613 1061 2661 orto
1077 2604 1171 2663 Grae·

106 2713 180 2768 chus
212 2710 242 2766 in
275 2709 366 2766 aciem
395 2710 494 2784 copias
523 2709 631 2777 educit,
661 2727 713 2764 nec
743 2710 841 2766 hostes
871 2729 982 2766 moram
1016 2711 1172 2768 dimicandi

105 2815 269 2872 fecerunt.¹
310 2816 420 2870 Decem
458 2824 568 2889 septem
608 2813 698 2869 millia
739 2813 869 2888 peditum
902 2825 1000 2884 erant,
1041 2815 1202 2873 maxima2

106 2940 148 2982 ex,
168 2929 252 2995 parte
274 2919 381 2976 Bruttii
403 2937 437 2974 ac
459 2919 579 2988 Lucani,
609 2918 719 2992 equites
741 2918 818 2976 millo
840 2919 970 2988 ducenti,
1003 2920 1078 2984 inter
1099 2938 1171 2994 qnos

106 3025 195 3102 pauci
217 3024 373 3081 admodum
392 3024 502 3093 Italici,
530 3025 617 3080 ceteri
639 3023 864 3081 Numidae’fere
886 3042 986 3080 omnes
1009 3026 1171 3098 Maurique.

107 3133 276 3204 Pugnatum
300 3140 343 3186 est
373 3140 400 3186 et
423 3130 529 3187 aeriter
551 3139 578 3187 et
600 3130 663 3200 diu;
693 3139 830 3204 quattuor
858 3130 937 3186 horis
958 3137 1060 3184 neutro
1090 3130 1202 3190 inuti-3

107 3244 180 3292 nata
212 3244 255 3291 est
283 3254 396 3310 pugna,
426 3254 480 3291 nec
515 3234 572 3291 alia
604 3237 697 3310 magis
728 3238 893 3294 Romanum
919 3233 1096 3308 impediebat
1124 3253 1171 3289 res

106 3352 196 3414 quom
220 3339 317 3414 capita
337 3340 463 3396 hostium
486 3340 579 3413 pretia
599 3340 741 3397 libertatis
764 3341 851 3398 facta.
894 3341 973 3397 Nam
996 3347 1028 3394 ut
1049 3337 1202 3412 quisqne4

106 3448 220 3502 hostem
244 3444 366 3520 impigre
389 3444 551 3513 occiderat,
581 3444 705 3519 primum
733 3446 828 3520 capite
856 3463 932 3519 aegro
959 3445 1033 3501 inter
1056 3442 1169 3498 turbam

105 3550 321 3624 tumultumque
357 3549 532 3607 abscidendo
568 3551 679 3605 terebat
712 3557 839 3621 tempus;
875 3547 992 3616 deindo,
1029 3557 1171 3620 occupata

107 3657 215 3712 dextra
237 3657 362 3713 tenendo
385 3663 482 3729 caput,
504 3653 678 3710 fortissimus
702 3654 825 3728 quisque
845 3660 991 3727 pugnator
1013 3668 1076 3706 esse
1098 3649 1172 3706 desi·

107 3769 182 3829 erat,
203 3760 339 3834 segnibus
361 3779 395 3818 ao
424 3759 531 3816 timidis
558 3751 666 3814 tredita
692 3778 790 3834 pugna
814 3767 886 3815 erat.
930 3755 1016 3829 Quod
1042 3754 1093 3810 ubi
1121 3754 1202 3816 tri-5

106 3864 178 3921 boni
211 3864 333 3921 militum
367 3864 504 3923 Graccho
535 3864 748 3932 nuntiaverunt,
781 3862 923 3920 neminem
956 3868 1079 3916 stantem
1113 3859 1170 3914 iam

97 3963 256 4026 'vulnerari
285 3971 413 4040 hostem,
439 3969 600 4026 carnificari
629 3970 770 4050 iacentes,
797 3977 826 4022 et
855 3967 884 4022 in
912 3964 1021 4022 dext-ris
1049 3963 1184 4027 militum,
