2700 4426
402 142 625 198 Liberxxvnl.
662 141 770 208 (scu
787 144 860 207 eos.)
971 207 973 210 ¹
1058 145 1112 201 159

105 340 250 389 certamen
281 328 358 404 esse)
386 347 473 403 quam
504 329 542 385 ad
569 329 745 404 expetendas
778 331 815 386 ab
842 328 1005 386 hominibus
1034 328 1160 385 scelestis

105 456 214 514 prenae.
1250 485 1251 488 ,

188 545 237 602 Ab
266 546 321 601 hac
347 543 477 601 oratione
498 541 631 599 dimissos
653 541 691 598 ad
711 541 766 598 iter
786 558 1010 616 seocomparare
1031 541 1061 598 in
1083 541 1157 599 diem
1211 535 1254 604 33

105 660 251 726 posterum
282 650 377 720 iubet,
410 648 614 724 profectusque
634 647 751 705 decimis
772 648 874 704 castris
896 649 1083 722 pervenitad
1105 649 1159 705 Hi·

104 759 207 814 berum
228 757 344 816 flumen.
391 755 630 830 Inde,.superato
654 755 740 825 amni,
761 754 808 810 die
830 763 933 828 quarto
954 755 984 811 in
1006 765 1160 830 conspectu

105 863 231 919 hostiurn
259 862 356 936 posuit
382 870 484 920 castra.
532 859 661 935 Campus
689 870 764 929 ante,
785 861 929 917 montibus
950 861 1027 918 circa
1046 859 1191 937 saeptus,2

107 977 179 1025 erat.
226 969 262 1026 Iu
293 988 358 1026 eam
384 966 488 1024 vallem
517 966 615 1042 Scipio
644 985 732 1040 quum
755 985 879 1043 pecora,
913 974 999 1041 rapta
1015 949 1162 1042 pleraque

108 1093 145 1131 ex
166 1074 292 1131 hostium
315 1072 401 1148 agris,
423 1072 546 1148 propelli
567 1071 605 1129 ad
626 1071 795 1130 imitandam
813 1072 956 1130 feritatem
971 1074 1162 1132 barbarorum

107 1179 250 1250 iussisset,
283 1181 383 1237 velites
412 1177 540 1236 subsidio
569 1177 660 1247 misit,
696 1179 839 1253 aquibus
861 1179 910 1236 ubi
931 1198 983 1254 per
1006 1175 1192 1254 procures-3

106 1287 213 1344 tionem
235 1287 389 1345 commissa
410 1303 508 1361 pugna
528 1294 617 1354 esset,
646 1284 765 1342 Laelium
788 1303 851 1342 eum
874 1285 1001 1360 equitatu
1023 1287 1161 1361 impetum

108 1412 145 1449 ex
167 1392 278 1449 occulto
300 1391 397 1450 facere
418 1391 506 1449 iubet.
555 1391 642 1446 Mons
664 1398 826 1465 opportune
847 1390 1011 1466 prominens
1034 1391 1192 1465 equitum4

107 1498 226 1555 insidias
253 1499 340 1570 texit,
376 1517 429 1554 nec
456 1496 516 1552 ulla
543 1515 626 1552 mora
656 1514 760 1571 puguae
788 1496 868 1553 facta
889 1507 940 1554 est.
987 1497 1112 1572 Hispani
1132 1499 1162 1555 in

108 1613 263 1679 conspecta
283 1604 385 1679 procul
404 1621 525 1678 pecora,
545 1601 646 1657 velites
666 1601 696 1656 iu
717 1602 866 1676 Hispanos
887 1603 986 1677 praeda
1006 1613 1162 1681 occupatos

106 1711 260 1768 incurrere.
307 1710 408 1768 Primo
428 1707 582 1767 missilibus
604 1706 784 1778 territavere3
806 1707 917 1779 deindo,
930 1709 1036 1766 missis
1052 1707 1193 1768 levibus5

107 1815 187 1885 telis,
222 1833 286 1889 quae
314 1815 428 1873 irritare
459 1813 550 1888 magis
579 1831 666 1887 quam
693 1813 845 1870 decernere
870 1833 997 1889 pugnam
1020 1825 1162 1890 poteraut,

109 1921 221 1996 gladios
239 1921 365 1991 nudant,
398 1929 427 1978 et
448 1921 553 1979 collato
571 1919 643 1992 pede
664 1936 708 1974 rea
728 1927 815 1993 crepta
840 1922 901 1992 peri
920 1929 976 1991 eat3
1012 1941 1163 1997 ancepsque

108 2028 246 2103 pedestre¹
268 2036 412 2084 certamen
439 2035 516 2096 erat,
551 2025 606 2082 nisi
636 2024 746 2098 equites
773 2026 1011 2099 supervenissent.
1059 2024 1193 2104 nequet

107 2153 144 2192 ex
174 2135 297 2190 adverso
328 2140 440 2190 tantum
468 2130 540 2188 illati
568 2130 670 2187 obvios
700 2130 859 2201 obtrivere,
895 2132 945 2188 sed
983 2133 1164 2190 circumvecti

107 2239 193 2297 etiam
216 2240 332 2314 quidam
354 2257 407 2314 per
427 2239 527 2295 infime
546 2237 614 2294 clivi
636 2237 673 2294 ab
695 2244 776 2311 tergo
798 2256 838 2308 se,
860 2246 892 2294 ut
906 2239 1059 2314 plerosque
1076 2239 1163 2296 inter·
1230 2318 1232 2321 v

107 2346 268 2416 eluderent,
304 2344 483 2415 obiecerunt,
518 2343 669 2417 maiorque
701 2343 792 2401 caedes
825 2343 888 2414 fuit,
916 2363 1002 2418 quam
1026 2354 1163 2419 quantam

109 2452 193 2509 edere
213 2452 289 2508 levia
309 2471 362 2526 per
382 2451 565 2508 excursiones
585 2449 690 2524 proelia
712 2449 813 2507 solent.
856 2449 907 2506 Ire
928 2449 1021 2525 magis
1042 2450 1192 2507 accensa?

110 2555 233 2613 adverso
261 2557 362 2630 proelio
392 2556 523 2613 barbaris
550 2565 602 2626 est,
629 2573 716 2629 quam
752 2555 893 2613 imminuti
919 2555 1017 2616 animi.
1060 2556 1164 2631 Itaque

110 2681 146 2719 ne
168 2662 292 2737 perculsi
313 2637 484 2730 viderentur,
507 2660 602 2734 prima
619 2660 684 2716 lucc
701 2668 818 2734 postero
837 2661 883 2718 die
897 2661 926 2718 in
946 2662 1035 2719 aciem
1048 2681 1164 2736 proces·

111 2787 184 2825 sere.
229 2768 298 2825 Nou
322 2765 455 2841 capiebat
476 2783 574 2822 omnes
596 2764 695 2839 copias
716 2775 853 2839 ⁴angusta,
874 2765 948 2823 sieut
968 2775 1034 2822 ante
1058 2764 1196 2824 dictum8

111 2883 171 2944 est,
203 2872 301 2941 vallie3
336 2871 400 2928 duae
427 2870 518 2928 ferme
548 2870 676 2945 peditum
709 2879 822 2945 partes,
855 2871 947 2927 omnis
969 2872 1112 2945 equitatus
1135 2873 1166 2930 in

110 2978 202 3036 aciem
235 2977 396 3048 descendit3
429 2977 505 3052 quod
523 2977 665 3051 reliquum
686 2976 813 3051 peditum
840 2986 917 3047 erat,
958 2977 1076 3052 obliquo
1098 2997 1166 3036 con-

110 3084 264 3140 stituerunt
284 3082 367 3142 colle.
416 3083 523 3159 Scipio,
553 3101 606 3157 pro
629 3100 660 3139 se
682 3100 744 3140 esse
765 3083 821 3140 loci
844 3083 992 3157 angustias
1013 3093 1107 3156 ratus,
1139 3081 1196 3142 et9

111 3188 189 3264 quod
219 3189 249 3245 in
283 3200 345 3246 arto
379 3208 477 3266 pugna
509 3191 643 3247 Romano
679 3189 775 3264 aptior
808 3207 894 3263 quam
927 3189 1060 3265 Hispano
1085 3188 1168 3246 militi

111 3293 209 3352 futura
236 3295 404 3366 videbatur,
441 3304 470 3352 et
504 3295 581 3369 quod
612 3294 642 3352 in
669 3313 733 3352 sum
760 3294 855 3352 locum
885 3295 1014 3352 detracta
1042 3294 1166 3352 hostiurn

113 3401 189 3457 acies
210 3410 293 3470 esset,
315 3400 365 3475 qui
385 3420 444 3458 non
465 3419 580 3458 omnem
601 3399 810 3457 multitudinem
830 3419 929 3458 eorum
944 3408 1069 3476 caperet,
1090 3417 1167 3457 novo

114 3505 198 3562 etiem
243 3508 362 3564 oonsilio
408 3507 512 3564 adiecit
554 3506 699 3575 animum
748 3507 872 3581 equitem
913 3524 965 3564 nec
1011 3525 1042 3564 se
1083 3523 1168 3582 posse
1184 3507 1219 3561 tu

115 3611 292 3668 circumdare
317 3613 452 3670 cornibus
479 3612 509 3669 in
537 3620 598 3668 tam
616 3620 740 3686 angusto
762 3611 875 3687 spatio,
911 3622 940 3670 et
960 3612 1050 3684 hosti,
1083 3630 1167 3687 quem

115 3734 179 3773 cum
208 3717 303 3792 pedite
333 3718 492 3787 eduxisset,
527 3717 654 3774 inutilem
677 3716 752 3780 fore.
798 3718 903 3792 Itaque
925 3717 1049 3792 imperet
1068 3717 1169 3789 Laelio,
1187 3719 1220 3774 11

115 3832 146 3884 ut
174 3841 226 3898 per
254 3823 341 3880 colles
373 3842 460 3898 quam
489 3822 682 3880 occultissimo
711 3822 822 3881 itinere*
842 3824 1036 3882 circumducat
1060 3825 1169 3898 equites

114 3937 311 4004 segregetque,
345 3938 482 4002 quantum
514 3929 615 4004 possit,
652 3938 812 4002 equestrem
842 3948 861 3986 a
881 3929 1006 4004 pedestri
1028 3946 1170 4004 pugnam3
