2700 4426
413 167 491 217 Liber
507 166 633 216 XXVIII.
669 165 717 229 (Δ.
730 162 777 215 ch.
793 167 864 230 206.)
1068 170 1123 226 163

112 370 175 408 eam
200 351 287 422 muri,
311 371 368 426 qua
389 363 475 428 capta
496 350 644 427 Carthago
666 353 703 408 ab
723 350 862 409 Romanis
881 349 984 420 fuerat,
1006 350 1092 419 ducit,
1113 365 1166 408 neo

111 459 244 535 praesidio
266 459 336 515 satis
358 459 455 516 valido
478 461 576 516 urbem
599 459 688 515 teneri
710 466 790 514 ratus
812 466 841 513 et
870 456 983 531 aliquos
1005 455 1166 530 oppidano·

111 585 174 623 rum
216 567 252 622 ad
295 584 374 641 spem
418 564 546 622 novandi
583 581 629 620 res
673 562 780 637 aliquid
824 570 962 619 moturos.
1030 559 1195 623 Ceterum6
1292 565 1294 569 ’

110 671 201 729 nuntii
246 692 282 729 ex
323 672 400 747 agris
432 662 535 746 trepidi
583 670 668 726 simul
701 667 914 744 populationem
953 666 1165 742 agrestiumque

111 777 209 853 fugam
232 789 261 834 et
281 778 405 833 hostium
428 777 582 833 adventum
606 776 768 843 attulerant,
791 783 819 830 et
840 774 903 830 visa
923 773 1046 829 interdiu
1066 773 1194 834 classis?

113 890 184 951 erat,
210 901 261 939 nec
282 882 343 938 sine
365 900 453 938 causa
475 882 593 938 electam
617 890 684 938 ante
706 883 804 938 urbem
821 880 972 947 stationem
989 880 1165 953 apparebat;

109 992 208 1064 itaque
236 987 365 1045 instructi
393 988 555 1061 armatique
574 987 650 1044 intra
675 998 788 1063 portam
815 985 852 1041 ad
874 995 1007 1058 stagnum
1030 1003 1064 1041 ac
1085 1003 1165 1043 mare

111 1114 225 1153 versam
249 1093 476 1153 continebantur.
524 1093 584 1152 Ubi
605 1092 688 1150 effusi
708 1095 822 1164 hostes,
852 1096 943 1152 mixta
963 1095 1038 1150 inter
1062 1091 1194 1152 milites8

109 1202 223 1260 navalis
244 1203 344 1270 turba,
382 1199 419 1255 ad
448 1216 545 1255 muros
568 1200 690 1257 tumultu
715 1202 825 1258 maiore
848 1220 933 1276 quam
957 1199 985 1256 vi
1007 1199 1163 1268 subierunt,

110 1308 256 1384 patefacta
271 1318 387 1382 repente
402 1315 487 1380 porta
500 1305 623 1362 Romani
646 1324 709 1362 cum
732 1307 859 1365 clamore
881 1314 1051 1381 erumpunt,
1063 1306 1193 1364 turba-9
1211 1379 1214 1382 Ι

110 1424 214 1488 tosque
242 1414 340 1469 hostes
371 1422 399 1468 et
429 1411 466 1468 ad
493 1411 615 1486 primum
638 1412 780 1470 incursum
804 1413 1020 1486 coniectumque
1041 1397 1163 1467 telorum
1235 1481 1237 1490 Ι

110 1537 228 1576 aversos
256 1537 346 1592 nsque
376 1517 412 1573 ad
445 1517 511 1574 litus
540 1536 603 1574 cum
634 1519 723 1576 multa
745 1520 822 1576 caede
840 1526 1066 1594 persequuntur;
1101 1535 1163 1587 nec,
1179 1523 1214 1575 to

109 1624 164 1682 nisi
196 1643 285 1680 naves
320 1623 397 1680 litori
433 1623 560 1698 appulsae
591 1625 718 1700 trepidos
750 1626 940 1700 accepissent,
976 1623 1164 1698 superfuisset

109 1729 186 1805 fugae
223 1740 272 1787 aut
303 1748 407 1805 pugnae
443 1730 605 1804 qnisquam.
660 1731 696 1788 In
733 1730 804 1805 ipsis
841 1749 956 1805 quoque
989 1729 1162 1803 trepidatum
1179 1734 1209 1788 ll

110 1835 232 1892 navibus
255 1843 313 1903 est,
336 1835 412 1906 dum,
436 1854 472 1891 ne
492 1836 590 1891 hostes
612 1853 676 1892 cum
698 1834 757 1892 suis
779 1833 864 1891 simul
884 1835 1082 1909 irrumperent,
1102 1845 1163 1890 tra·

109 1943 180 1998 hunt
201 1942 295 1998 scalas
327 1959 451 2015 orasque
481 1951 509 1996 et
539 1959 680 2013 ancoras,
703 1940 790 1998 nain
811 1939 955 1996 moliendo
977 1959 1059 1996 mora
1080 1949 1164 2011 esset,

112 2047 282 2123 praecidunt3
320 2047 458 2120 multique
487 2055 626 2103 armantes
648 2047 785 2113 navibus,
817 2045 925 2101 Incerto
947 2065 1007 2120 prae
1030 2047 1163 2118 tenebris,
1178 2049 1213 2116 12

110 2153 177 2227 qnid
200 2162 250 2209 aut
271 2161 400 2228 peterent
423 2161 473 2209 ant
494 2153 627 2222 vitarent,
650 2151 726 2209 toede
747 2151 922 2210 interierunt.
971 2154 1094 2210 Postero
1116 2152 1162 2210 die
1178 2155 1212 2210 13

108 2277 195 2333 quum
217 2258 316 2316 classis
338 2258 404 2314 inde
424 2266 501 2315 retro
522 2258 558 2314 ad
581 2256 746 2327 Oceanum,
777 2258 852 2313 unda
873 2268 1005 2327 venerat,
1031 2258 1161 2335 fugisset,

75 2359 78 2365 ’
110 2365 147 2421 ad
170 2365 348 2439 octingentos
373 2365 502 2421 homines
524 2364 590 2421 caesi
617 2365 691 2422 inter
711 2383 823 2421 murum
844 2364 969 2439 litusque
992 2367 1077 2422 etad
1104 2367 1162 2423 dno

109 2469 197 2524 millia
219 2487 365 2525 armorum
388 2470 512 2526 inventa.
698 2447 702 2455 Ι

192 2574 282 2648 Mago
305 2593 392 2646 quum
415 2575 514 2632 Gades
537 2574 700 2649 repetisset,
722 2575 952 2646 exclususinde,
974 2575 1011 2631 ad
1032 2573 1161 2632 Cimbios
1213 2572 1256 2641 37

111 2677 201 2752 (haud
222 2678 322 2753 procul
345 2698 362 2734 a
385 2677 519 2736 Gadibus
539 2680 564 2734 is
585 2679 665 2736 locus
689 2679 783 2756 abest)
805 2681 897 2738 classe
920 2682 1058 2756 appulsa,
1097 2682 1161 2737 mit-

110 2784 202 2852 tendis
236 2784 338 2859 legatis
372 2785 589 2859 querendoque,
630 2785 708 2859 quod
746 2796 838 2860 portae
869 2787 924 2844 sibi
959 2786 1038 2843 socio
1075 2795 1162 2860 atque

109 2891 202 2946 amico
232 2891 336 2947 clansae
364 2888 476 2958 forent,
512 2891 701 2965 purgantibus
727 2890 777 2963 iis,
812 2892 998 2949 multitudinis
1021 2895 1190 2949 concursu2

106 2995 231 3067 factum,
252 2995 363 3052 infestae
390 2996 427 3052 ob
449 2994 562 3071 direpta
584 2997 714 3070 quaeclam
737 2998 774 3055 ab
797 2999 1050 3055 conscendentibus
1072 3015 1161 3060 naves

107 3101 257 3170 militibus,
290 3102 327 3158 ad
352 3101 524 3175 colloquium
546 3102 654 3160 sufetes
676 3122 792 3172 eorum,
829 3105 878 3179 qui
908 3123 1036 3162 summus
1063 3105 1161 3161 Poenis

107 3218 150 3263 est
173 3208 373 3282 magistratus,
396 3226 458 3264 cum
483 3218 624 3283 quaestore
645 3210 754 3279 elicuit,
775 3211 974 3286 laceratosque
994 3211 1161 3267 verberibus

109 3313 186 3370 cruci
208 3312 290 3389 affigi
310 3315 407 3382 iussit3
438 3315 504 3372 inde
526 3316 648 3372 navibus
670 3317 706 3372 ad
727 3316 878 3391 Pityusam
902 3316 1024 3373 insulam
1048 3327 1190 3384 centnm3

110 3418 199 3474 millia
219 3418 310 3476 ferme
338 3439 355 3476 a
377 3420 533 3476 continenti
555 3420 651 3493 (Poeni
674 3432 733 3478 tum
757 3441 819 3479 cam
844 3420 1019 3497 incolebant)
1041 3424 1160 3482 traiecit.

110 3524 213 3597 Itaque
242 3525 341 3581 classis
368 3526 445 3582 bona
478 3545 542 3583 cum
571 3545 644 3602 pace
673 3537 792 3602 accepta
818 3537 875 3597 est,
910 3545 962 3584 nec
984 3538 1190 3590 commentust

110 3629 196 3685 modo
220 3631 341 3705 benigne
362 3633 503 3706 praebiti,
525 3634 576 3689 sed
606 3634 634 3689 in
656 3633 885 3709 supplementum
907 3632 1007 3689 classis
1028 3633 1160 3689 iuventus

109 3753 246 3809 armaque
278 3736 363 3807 data3
401 3758 523 3812 quorum
555 3739 660 3796 fiducia
691 3742 798 3796 Poenus
834 3741 861 3796 in
890 3738 1020 3797 Baliares
1051 3741 1158 3797 insulas

111 3840 333 3917 [quinquaginta
347 3843 413 3899 inde
426 3844 514 3900 millia
525 3842 644 3922 absunt)
655 3846 822 3927 transmisit.
856 3846 931 3902 Duae
948 3855 1013 3902 sunt
1029 3847 1159 3904 Baliares
1174 3853 1191 3908 5

111 3947 219 4018 insnlae,
243 3948 336 4004 maior
358 3948 448 4006 altera
471 3958 557 4024 atque
580 3935 743 4026 opulentior
767 3951 854 4009 armis
876 3953 1016 4026 virisque3
1044 3960 1072 4008 et
1092 3971 1160 4027 por-

931 4053 979 4108 11*
