2678 4560
312 228 367 284 142
558 223 636 273 Liber
653 223 783 275 XXVIII.
821 222 870 286 (A.
883 237 910 272 n.
923 237 945 270 c.
961 221 1033 283 548.)

173 404 213 472 18
266 412 321 470 lius
346 409 453 486 egressi
487 409 524 466 ad
556 427 653 483 regem
688 417 821 483 pergunt.
869 407 1115 482 Magnificumque
1141 405 1173 461 id
1200 404 1330 480 Syphaci

268 519 333 588 (nec
362 525 424 574 erat
453 514 546 585 aliter)
567 513 678 582 visum,
709 513 831 570 duorum
853 513 1137 588 opulentissimorum
1161 531 1199 568 ea
1221 523 1330 586 tempe-

267 633 341 680 state
372 623 458 678 duces
484 617 664 696 ‘populorum
698 639 755 678 uno
790 621 836 677 die
868 637 950 676 suam
977 637 1082 693 pacem
1112 619 1331 692 amicitiamque

236 727 395 806 2petentes
416 726 536 784 venisse.
583 726 746 799 Utrumque
766 725 796 781 iu
817 724 972 800 hospitium
993 725 1107 796 invitat,
1130 734 1172 795 et,
1195 725 1329 798 quoniam

266 834 327 892 fors
349 852 399 892 eos
423 834 477 890 sub
499 850 557 889 uno
577 841 653 888 tecto
669 840 833 906 essentque
849 832 886 889 ad
908 831 1025 888 eosdem
1042 839 1168 906 penates
1185 830 1329 887 voluisset

267 942 436 1000 contrahere
459 939 496 995 ad
517 938 692 1013 colloquium
714 938 938 995 dirimendarum
959 937 1154 993 simultatium
1178 945 1328 993 causaest

236 1045 395 1115 3c0natus,
420 1044 554 1120 Scipione
576 1045 718 1100 abnuente
740 1053 790 1100 aut
810 1043 945 1119 privatim
967 1043 1023 1100 sibi
1044 1043 1135 1100 ullum
1156 1061 1227 1098 cum
1243 1043 1327 1098 Poeuo

267 1152 364 1209 odium
395 1169 471 1220 esse,
510 1150 588 1225 quod
623 1149 812 1224 colloquendo
846 1149 955 1220 finiret,
992 1160 1045 1206 aut
1077 1150 1114 1205 de
1147 1167 1184 1204 re
1217 1149 1325 1223 publica

235 1259 420 1332 lquicquam
452 1277 484 1316 se
517 1276 581 1315 cum
616 1258 699 1313 hoste
721 1273 807 1329 agere
824 1255 932 1312 iniussu
954 1263 1072 1312 senatus
1095 1271 1199 1329 posse.
1259 1253 1322 1310 Illud

266 1382 371 1438 magno
391 1381 478 1438 opere
498 1363 632 1420 tendente
652 1379 729 1435 rege,
750 1380 787 1417 ne
808 1361 880 1418 alter
900 1362 1046 1437 hospitum
1069 1361 1211 1418 exclusus
1234 1377 1317 1416 meust

265 1470 424 1540 videretur,
457 1478 488 1526 ut
514 1469 543 1526 in
572 1468 698 1524 animum
729 1467 876 1524 induceret
895 1467 932 1522 ad
954 1467 1071 1529 easdem
1093 1467 1199 1523 venire
1222 1467 1321 1541 epula,

236 1575 342 1632 5haud
373 1576 486 1644 abnuit,
520 1586 709 1648 cenatumque
731 1572 816 1629 simul
842 1573 921 1647 apud
947 1589 1046 1645 regem
1073 1583 1133 1641 est3
1170 1582 1202 1628 et
1231 1573 1320 1629 eodem

266 1681 352 1738 etiam
373 1681 448 1739 lecto
471 1681 569 1756 Scipio
593 1692 679 1755 atque
700 1677 883 1748 Hasdrubal,
914 1678 982 1751 quia
1002 1677 1045 1734 ita
1067 1677 1147 1734 cordi
1172 1688 1239 1734 erat
1260 1677 1318 1750 regi

236 1788 467 1847 daccubuerunt.
513 1787 611 1843 Tanta
638 1796 733 1843 autem
761 1786 853 1841 inerat
882 1785 1002 1840 comitas
1025 1782 1155 1858 Scipioni
1180 1792 1270 1857 atque
1290 1783 1318 1837 ad

265 1893 362 1950 omnia
391 1892 530 1950 naturalis
557 1892 663 1966 ingenii
689 1891 862 1960 dexteritas,
897 1898 930 1946 ut
955 1908 1014 1946 non
1036 1889 1206 1964 Syphacem
1231 1890 1316 1945 modo.

264 2001 420 2058 barbarum
451 1999 651 2072 insuetumque
680 1999 808 2056 moribus
830 1995 985 2066 Romanis,
1022 1995 1075 2051 sed
1098 1996 1217 2051 hostem
1238 1995 1314 2050 etiarn

235 2105 479 2164 ‘linfestissimum
505 2104 629 2162 facunde
658 2104 830 2179 alloquendo
858 2103 911 2160 sibi
938 2101 1112 2158 conciliaret.
1159 2101 1313 2158 Mirabilio-

264 2230 382 2286 remque
403 2211 458 2268 sibi
480 2229 544 2268 eum
565 2211 660 2267 virum
683 2229 837 2286 congresso
860 2227 958 2266 coram
975 2208 1069 2264 visum
1088 2206 1312 2282 praeseferebat

235 2317 252 2372 8
266 2334 352 2389 quam
374 2315 449 2371 bello
464 2316 550 2372 rebus
566 2317 669 2391 gestis,
691 2336 743 2373 nec
757 2317 898 2386 dubitare,
920 2315 988 2390 quin
1005 2312 1129 2388 Syphax
1146 2331 1310 2388 regnumque

266 2421 326 2477 eius
347 2421 405 2477 iam
427 2421 458 2477 in
478 2423 676 2480 Romanorum
700 2432 795 2480 essent
815 2430 972 2498 potestate3
995 2439 1060 2478 eam
1082 2429 1175 2476 artem
1196 2419 1238 2474 illi
1258 2418 1308 2473 viro

205 2549 215 2558 ·
235 2529 252 2583 9
266 2526 303 2583 ad
328 2525 522 2584 conciliandos
538 2530 649 2586 animos
665 2547 736 2588 csse.
782 2530 887 2603 Itaque
909 2546 976 2597 non,
995 2545 1053 2600 quc
1067 2525 1156 2582 modo
1172 2523 1307 2600 Hispania

266 2633 378 2689 emissae
409 2632 479 2702 sint,
507 2634 689 2707 quarendum
712 2635 804 2710 magis
827 2633 1113 2709 Carthaginiensibus
1135 2649 1198 2688 esse
1224 2649 1304 2704 qnam.

216 2741 251 2795 10
265 2757 322 2812 quo
349 2738 436 2795 modo
465 2737 598 2796 Africam
625 2739 775 2808 retineant,
804 2738 997 2814 cogitandum.
1053 2739 1125 2797 Non
1157 2737 1303 2812 peregrina·

264 2842 391 2900 bundum
419 2864 513 2919 neque
541 2847 618 2902 circa
647 2863 776 2903 amoenas
807 2864 874 2902 oras
897 2855 1053 2921 vagantem
1080 2853 1192 2900 tantum
1218 2845 1300 2900 ducem

264 2951 443 3020 Romanum,
464 2951 565 3009 relicta
586 2951 736 3026 provincia
756 2970 840 3008 novae
861 2951 989 3020 dicionis,
1015 2949 1123 3007 relictis
1139 2950 1300 3007 exercitibus.

265 3056 376 3113 duabus
388 3057 510 3128 navibus,
532 3057 561 3113 in
575 3057 706 3114 Africam
722 3056 869 3114 traiecisse
886 3075 958 3128 sese,
975 3058 1004 3113 in
1015 3057 1149 3114 hostilem
1163 3057 1298 3124 terrama

264 3161 392 3236 regiam,
428 3162 459 3218 in
493 3163 578 3220 fidem
613 3164 808 3239 inexpertem,
844 3165 895 3220 sed
926 3163 1072 3238 potiundae
1099 3160 1206 3218 Africae
1234 3177 1296 3236 spem

216 3274 249 3328 11
265 3265 457 3327 affectantem.
504 3270 570 3326 Hoc
596 3288 662 3352 eum
689 3268 747 3325 iam
775 3269 885 3344 pridem
906 3269 1038 3327 volutare
1065 3267 1095 3324 in
1118 3269 1229 3338 animo,
1255 3267 1296 3322 hoc

265 3373 362 3447 palam
384 3371 515 3445 fremere,
537 3374 615 3448 quod
639 3392 714 3447 non,
737 3376 980 3452 quemadmodum
1001 3374 1153 3432 Hannibal
1172 3375 1200 3430 in
1220 3375 1294 3431 ltalia

217 3484 253 3539 12
266 3478 307 3535 sic
329 3479 426 3555 Scipio
448 3479 477 3535 in
497 3479 601 3538 Africa
622 3481 728 3538 bellum
750 3491 871 3556 gereret.
918 3481 1025 3557 Scipio,
1047 3479 1158 3539 foedere
1181 3484 1232 3539 icto
1245 3499 1292 3538 eun

267 3581 413 3657 Syphace,
441 3585 587 3660 profectus
616 3607 654 3645 ex
674 3585 777 3645 Africa
811 3587 962 3662 dubiisque
992 3597 1021 3644 et
1041 3588 1208 3664 plerumque
1228 3586 1291 3644 saris

194 3737 195 3740 ,
265 3688 294 3744 in
322 3688 381 3745 alto
402 3690 525 3749 iactatus
546 3695 647 3766 ventis,
679 3695 725 3753 die
747 3703 850 3769 quarto
878 3693 971 3750 Novae
993 3691 1179 3769 Carthaginis
1202 3705 1290 3771 pertun

265 3794 363 3852 tenuit.
733 3802 735 3808 ’

172 3897 212 3967 19
350 3901 500 3976 Hispaniae
525 3903 597 3962 sicut
619 3922 637 3959 a
658 3903 857 3961 belloPunico
880 3905 982 3979 quiet·
1001 3916 1093 3977 erant,
1115 3907 1156 3965 ita
1177 3909 1287 3983 quasdam

266 4008 396 4065 civitates
427 4017 546 4084 propter
573 4009 775 4068 conscientiam
804 4010 894 4086 culpa
923 4019 1000 4068 metu
1033 4013 1127 4087 magis
1155 4033 1231 4088 qnam
1248 4013 1287 4070 file
