2674 4542
318 258 378 317 226
589 255 669 304 Liber
685 253 773 304 XXV.
808 253 857 319 (A.
869 267 932 306 mc.
946 257 1021 318 ⁶42.)

243 439 329 500 dhus
344 455 463 514 passum
474 455 553 508 essm
575 435 754 496 decemviros
775 447 843 494 ante
857 456 932 505 enm,
957 457 1081 513 qnorum
1100 440 1218 514 legibus
1228 440 1260 496 ed

273 543 349 600 diem
371 544 511 613 viverent,
533 543 638 600 multos
663 553 766 618 postea
787 542 933 617 principes
952 544 1080 601 civitatis
1103 545 1242 603 iudicium
1261 547 1305 600 de

243 648 374 724 lpopuli
383 665 500 724 passos3
514 647 695 705 Postumium
708 648 887 722 Pyrgensem
902 645 1073 722 suffragium
1084 650 1204 724 populo
1214 651 1299 707 Rom.

273 753 439 823 extorsisse,
460 753 610 810 concilium
625 752 718 828 plebis
739 727 897 822 sustulisse,
917 753 1049 809 tribunos
1070 753 1103 810 in
1128 755 1256 811 ordinem
1273 773 1317 810 cce·

273 858 365 933 gisse,
397 867 500 916 contra
530 859 669 934 popnlum
699 858 865 915 Romanum
893 857 984 914 aciem
1018 859 1217 927 instruxisse,
1248 859 1272 914 lo
1290 884 1299 905 t

275 981 443 1039 occupasse,
472 973 503 1019 ut
524 963 654 1020 tribunos
674 981 692 1017 a
714 962 799 1037 plebe
820 963 1031 1032 intercluderet,
1055 963 1157 1020 tribus
1187 965 1215 1019 in
1240 981 1252 1018 s
1274 970 1301 1013 t·v

244 1073 261 1128 ⁵
273 1067 352 1142 glum
375 1069 474 1124 vocari
500 1067 676 1141 prohiberet.
731 1061 822 1124 Nihil
836 1068 915 1124 eliud
942 1069 1059 1125 aceede
1088 1086 1132 1124 ac
1164 1067 1301 1124 dimicari

274 1173 448 1229 continuisse
469 1171 600 1228 homiues
622 1169 678 1227 nisi
699 1171 868 1245 patientiam
891 1172 1130 1246 magistratuum,
1154 1175 1233 1246 quod
1252 1193 1305 1230 cs*

272 1277 330 1334 rint
351 1277 380 1333 in
404 1275 557 1352 presentia
577 1273 671 1332 furori
691 1287 780 1349 atque
802 1277 931 1334 undecim
951 1295 1118 1352 paucorum
1150 1278 1277 1352 vincique
1300 1324 1302 1327 ,

190 1369 192 1376 ’
243 1390 308 1444 6ac
335 1381 474 1457 populum
503 1381 669 1437 Romanum
698 1381 777 1454 passi
807 1381 865 1438 sint
895 1390 924 1437 et
952 1383 1087 1452 comitia,
1125 1401 1198 1456 quae
1224 1402 1279 1439 rens
1307 1416 1309 1419 -

273 1497 361 1560 atque
382 1485 470 1542 armis
492 1483 688 1558 prohibiturus
719 1495 790 1554 erat,
819 1505 857 1544 ns
878 1503 968 1542 causa
996 1485 1203 1558 quaerentibus
1225 1490 1282 1544 dini

243 1591 379 1654 ttionem
405 1590 531 1658 daretur,
552 1590 703 1646 voluntate
723 1589 779 1664 ipsi
800 1607 854 1646 sua
875 1589 1049 1647 sustulerint.
1093 1590 1178 1650 Haec
1200 1613 1277 1668 quum

272 1697 383 1772 optimo
406 1713 521 1769 quoqne
543 1713 596 1769 pro
618 1694 770 1751 atrocitate
793 1694 837 1750 rei
858 1704 978 1769 accepta
1000 1705 1112 1765 essent,
1128 1697 1256 1775 ,vimque
1277 1722 1304 1745 ·2=

273 1810 375 1860 contra
405 1819 465 1858 rem
496 1799 643 1874 publicam
675 1809 705 1856 at
725 1799 888 1874 pernicioso
916 1799 1049 1874 exemplo
1082 1799 1204 1859 factam
1229 1821 1301 1858 sen:⁸¹

242 1907 425 1978 8decresset,
447 1905 597 1965 confestim
619 1903 740 1961 Carvilii
760 1905 868 1963 tribuni
889 1904 995 1980 plebis,
1025 1905 1140 1963 omissa
1165 1908 1259 1964 multe
1275 1923 1319 1962 cet·

268 1991 396 2081 tatione,
425 2011 469 2068 rei
497 2009 630 2084 capitalis
651 2009 727 2066 diem
757 2009 910 2066 Postumio
937 2009 1073 2065 dixerunt
1105 2028 1162 2082 ac,
1197 2012 1227 2069 ni
1253 2011 1320 2068 aad!

272 2118 371 2187 daret,
399 2115 502 2190 prendi
533 2133 552 2171 a
578 2114 692 2171 viatore
731 2123 820 2188 atque
848 2115 877 2171 in
906 2131 1050 2171 carcerem
1079 2115 1153 2172 duci
1190 2117 1321 2173 iusserunt.

241 2221 450 2290 9Postumins,
471 2217 593 2278 radiens
621 2218 707 2288 datis,
728 2237 786 2275 non
809 2217 900 2278 affuit.
951 2219 1076 2276 Tribuni
1106 2220 1230 2294 plebem
1253 2237 1313 2293 roge·

272 2334 375 2382 verunt
406 2325 563 2400 plebesque
588 2322 630 2379 ita
662 2323 761 2393 scivit,
793 2323 818 2380 si
847 2324 889 2385 M,
911 2324 1080 2380 Postumius
1110 2335 1187 2381 ants
1208 2325 1322 2383 calendo

271 2429 368 2488 Maias
390 2447 449 2486 non
469 2427 614 2504 prodisset
644 2427 805 2502 citatusque
820 2447 856 2484 eo
875 2428 922 2484 dis
942 2445 1001 2482 non
1022 2430 1229 2502 respondisset
1247 2443 1316 2501 nequ

271 2543 426 2592 excusatus
444 2543 529 2604 esset,
551 2533 643 2589 videri
665 2551 730 2590 eum
751 2534 781 2590 in
803 2533 905 2590 exsilio
927 2549 1006 2600 esse,
1038 2532 1185 2607 bonaque
1206 2536 1262 2592 eins
1278 2549 1314 2586 vs·

222 2638 258 2695 10
271 2639 347 2709 nire,
378 2639 434 2714 ipsi
455 2657 534 2715 aqua
555 2647 584 2694 et
604 2637 663 2713 igni
691 2637 808 2713 placere
828 2635 966 2694 interdici.
1010 2636 1141 2711 Singulis
1167 2639 1267 2696 deinde
1281 2653 1313 2691 ee·

270 2761 344 2814 rum,
366 2743 417 2818 qni
439 2744 531 2800 turbas
553 2760 587 2799 ec
608 2744 748 2800 tumultus
768 2741 960 2799 concitatores
981 2739 1113 2813 fuerant,
1135 2745 1184 2800 rei
1209 2740 1315 2818 capitoli

221 2849 254 2905 ll
271 2847 346 2905 diem
368 2848 463 2904 dicere
491 2841 526 2904 ac
549 2847 639 2904 vades
669 2865 789 2922 poscere
811 2856 967 2921 coeperunt.
1017 2847 1121 2904 Primo
1143 2867 1206 2906 non
1228 2850 1314 2912 denter,

270 2953 373 3010 deinde
395 2953 480 3011 etiam
504 2970 563 3022 eos,
586 2953 635 3026 qui
656 2953 727 3008 dare
748 2961 881 3026 possent,
907 2950 937 3006 in
959 2939 1106 3008 carcerem
1129 2953 1313 3016 conficiebant

271 3058 351 3114 euius
372 3059 415 3114 rei
435 3055 740 3132 periculumfvitantcs
762 3056 891 3131 plerique
912 3055 942 3112 in
964 3055 1096 3112 exsilium
1122 3058 1264 3115 abierant

174 3157 195 3225 5
354 3163 442 3218 Hunc
466 3161 548 3218 fraus
569 3161 804 3236 publicanorum,
834 3158 937 3216 deinde
963 3159 1095 3217 fraudem
1120 3164 1248 3220 audacis
1264 3179 1312 3236 pre·

240 3268 370 3340 2tegens
391 3266 499 3322 exitum
521 3265 632 3323 habuit.
678 3263 892 3322 Comitiainde
911 3263 1039 3339 pontifici
1062 3266 1195 3324 maximo
1211 3265 1310 3324 creanda

270 3378 337 3426 sunt
360 3369 475 3440 habita3
506 3389 542 3427 ee
565 3370 683 3426 comitia
703 3387 797 3426 novus
825 3366 958 3443 pontifex
985 3369 1027 3425 M.
1049 3366 1209 3428 Cornelius
1230 3370 1310 3428 Cethe·

239 3478 322 3549 3gus
353 3474 462 3530 habuit.
518 3476 592 3533 Tres
624 3474 733 3551 ingenti
761 3473 918 3530 certamine
949 3473 1106 3547 petierunt,
1141 3474 1181 3547 Q.
1214 3473 1310 3533 Fulvius

246 3580 393 3637 ‘Flaccus
415 3579 528 3649 consul,
553 3579 603 3652 qui
626 3575 682 3654 [ct]
706 3586 773 3634 ente
795 3577 839 3633 bis
861 3577 962 3633 consul
984 3587 1012 3634 et
1036 3595 1141 3634 censor
1162 3579 1269 3646 fuerat,
1292 3584 1310 3630 ct

269 3685 306 3742 T.
331 3683 457 3740 Manlius
479 3684 657 3757 Torquatus,
681 3683 792 3758 etipse
814 3683 927 3738 duobus
941 3681 1139 3738 consulatibus
1162 3693 1193 3739 et
1212 3695 1310 3740 cansnrt

268 3787 396 3862 insignis,
427 3797 456 3844 et
476 3787 509 3843 P.
531 3773 659 3846 Licinius
681 3785 819 3856 Crassus,
850 3785 899 3859 qui
920 3780 1085 3842 aedilitatem
1108 3789 1236 3844 curulem
1256 3782 1309 3860 peti·

237 3899 349 3952 tturus
372 3902 444 3955 erat.
487 3893 545 3949 Hic
572 3910 655 3949 senes
683 3891 902 3963 honoratosque
921 3890 1033 3946 invenis
1059 3890 1090 3946 in
1115 3909 1151 3948 eo
1174 3889 1309 3950 certamine
