2748 4556
330 275 389 332 230
610 272 689 322 Liber
706 271 795 326 XXX.
834 271 883 335 (Δ.
898 288 924 322 u.
938 288 958 323 c.
973 272 1045 336 bbl.)

287 458 472 526 decernebat,
494 456 587 514 altera
609 455 805 512 Hannibalem
831 456 869 511 ad
894 407 1092 513 tuendam'ab
1113 455 1250 514 exitiabili
1272 454 1336 508 bello

288 562 413 638 patriam
446 561 620 630 revocabat,
657 561 742 618 tertia
775 561 916 618 Romanae
948 561 979 617 in
1013 562 1140 618 adversis
1164 563 1254 617 rebus
1282 579 1338 614 con·

258 667 403 726 'letantioe
425 675 505 734 erat3
528 666 722 740 reparandum
745 665 902 723 exercitum
926 665 1148 740 Syphacemque
1166 665 1341 722 hortandum.

290 792 326 830 ne
349 771 428 831 bello
450 770 610 838 absisteret,
633 772 779 829 censebat.
827 770 899 828 Haec
921 770 1075 840 sententia,
1098 772 1164 844 quia
1183 771 1342 828 Hasdrubal

290 895 417 954 presens
439 874 630 948 Barcinaeque
652 893 752 931 omnes
776 873 911 931 factionis
938 876 1046 932 bellum
1079 876 1243 944 malebant,
1278 875 1344 930 vicit.

258 982 363 1039 Slnde
386 981 505 1038 dilectus
535 978 564 1034 in
586 979 658 1034 urbe
681 977 817 1050 agrisque
840 978 941 1034 haberi
964 989 1092 1054 coeptus,
1129 983 1216 1037 etad
1240 980 1345 1054 Sypha-

291 1106 352 1145 cem
375 1085 464 1160 legati
488 1083 582 1152 missi,
614 1100 729 1138 summa
761 1101 817 1156 ope
845 1092 874 1137 et
903 1082 998 1158 ipsum
1028 1097 1209 1159 reparantem
1241 1085 1345 1142 bellun.

290 1211 378 1267 quum
404 1209 479 1247 uxor
500 1206 560 1244 non
580 1187 656 1256 iarn,
684 1199 716 1243 ut
741 1187 839 1256 ante,
854 1187 1018 1257 blanditiis,
1037 1189 1108 1246 satis
1133 1191 1299 1266 potentibus
1317 1187 1344 1241 ad
1372 1211 1373 1226 2

257 1295 419 1354 ilanimutn
443 1293 585 1362 amantis,
607 1291 659 1348 sed
680 1290 814 1366 precibus
832 1301 862 1346 et
883 1291 1082 1351 misericordia
1102 1297 1253 1362 valuisset,
1275 1293 1346 1368 plana

290 1399 478 1458 lacrimarum
502 1398 667 1464 obtestans,
699 1414 737 1451 ne
758 1405 869 1470 patrem
900 1414 983 1455 suum
1015 1400 1199 1474 patriamqne
1221 1399 1345 1475 proderet

290 1505 451 1578 iisdemque
473 1502 597 1558 flammis
621 1499 847 1574 Carthaginem,
865 1501 980 1584 ¹quibus
1002 1515 1100 1562 castra
1121 1507 1346 1578 conflagrassent.
1372 1497 1373 1564 J

240 1615 274 1666 tu
290 1609 405 1666 absumi
427 1608 543 1665 sineret.
593 1607 682 1682 Spem
713 1623 829 1678 quoque
859 1618 1022 1680 opportune
1045 1610 1173 1666 oblatam
1199 1608 1346 1666 afferebant
1372 1615 1373 1622 ’

288 1713 396 1788 legati;
433 1723 572 1787 quattuor
607 1711 697 1768 millia
734 1707 944 1768 Celtiberorum
984 1714 1063 1771 circa
1102 1718 1202 1772 urbem
1244 1712 1344 1769 nomine

290 1817 425 1888 Obbam,
453 1819 492 1875 ab
513 1817 758 1892 conquisitoribus
779 1816 839 1872 suis
862 1817 1005 1874 eonducta
1025 1819 1056 1875 in
1077 1821 1241 1896 Hispania,
1278 1835 1345 1890 egre·

291 1925 346 2000 gite
379 1922 550 1992 iuventutis,
583 1921 639 1978 sibi
669 1922 842 1991 occurrisse3
878 1935 907 1980 et
939 1925 1157 1981 Hasdrubalem
1192 1922 1342 2000 propediem

241 2033 272 2087 ll
291 2028 384 2086 affore
416 2047 480 2086 curn
519 2045 606 2084 manu
646 2027 873 2100 haudquaquam
909 2031 1128 2086 contemnenda.
1176 2031 1272 2106 Igitur
1300 2044 1343 2082 nvn

292 2134 416 2208 benigna
443 2133 530 2190 modo
561 2132 665 2207 legatis
692 2132 857 2206 respondit,
890 2133 941 2190 sed
973 2136 1100 2191 ostendit
1121 2137 1211 2193 etiam
1233 2133 1342 2192 multitu·

291 2240 386 2296 dinem
410 2239 566 2313 agrestium
589 2237 801 2305 Numidarum,
840 2238 944 2311 quibus
971 2259 1024 2314 per
1051 2242 1170 2297 eosdem
1194 2241 1257 2295 dies
1279 2253 1342 2292 arnt

290 2361 439 2416 equosque
469 2343 611 2412 dedisset,
647 2353 676 2398 et
708 2360 822 2398 omnem
852 2343 1029 2400 iuventutem
1062 2343 1193 2401 affirmat
1214 2363 1253 2400 cx
1272 2357 1342 2415 regno

239 2431 274 2502 l2
290 2446 467 2504 exciturum:
493 2447 566 2504 scire
588 2446 737 2517 incendic,
759 2466 818 2504 non
841 2449 944 2523 proelio
966 2449 1077 2505 cladem
1101 2459 1271 2525 acceptam,
1293 2463 1339 2502 eunt

238 2553 275 2608 13
290 2553 366 2611 bello
405 2553 572 2610 inferiorem
608 2571 687 2620 esse,
730 2553 779 2626 qui
816 2554 905 2610 armis
942 2555 1083 2610 vincatur¹
1143 2555 1217 2610 Haec
1258 2550 1341 2626 legatis

289 2676 447 2732 responsa,
484 2666 513 2713 et
541 2667 607 2730 post
636 2657 696 2712 dies
724 2675 834 2731 paucos
861 2677 960 2715 rursus
983 2659 1157 2715 Hasdrubal
1187 2670 1217 2716 et
1238 2659 1340 2734 Syphax
1371 2641 1372 2658 ¹

290 2763 393 2838 copias
426 2764 589 2820 iunxerunt.
646 2762 677 2816 Is
717 2761 811 2816 omnis
845 2764 989 2819 exercitus
1025 2762 1081 2820 fuit
1114 2765 1235 2838 triginta
1271 2763 1341 2820 ferne

292 2868 382 2924 millia
403 2877 591 2924 armatorum.

212 2967 236 3034 8
377 2972 553 3046 Scipionem,
574 2970 653 3028 velut
668 2970 732 3026 iam
754 2970 913 3040 debellato,
936 2973 1014 3045 quod
1037 2972 1075 3028 ad
1098 2972 1265 3046 Syphacem
1288 2971 1340 3029 Car·

292 3078 547 3153 thsginicnsesque
571 3075 713 3141 attineret,
736 3075 828 3134 Uticae
850 3079 1054 3152 oppugnandae
1076 3078 1222 3134 intentum
1244 3078 1339 3151 iamque
1371 3073 1372 3158 l

291 3182 441 3240 machinas
466 3181 668 3260 admoventem
691 3181 781 3237 muris
814 3183 920 3238 avertit
950 3181 1031 3239 fama
1065 3182 1256 3258 redintegrati
1278 3181 1340 3241 belli:

256 3285 470 3361 2rnodicisqus
496 3273 637 3360 praesidiis
671 3285 709 3340 ad
730 3286 855 3359 speciem
878 3287 965 3343 modo
987 3287 1148 3343 obsidionis
1171 3301 1252 3347 terra
1272 3287 1338 3346 mari·

291 3411 348 3466 que
368 3391 495 3459 relictis,
527 3389 590 3463 ipse
619 3407 683 3445 cum
713 3391 819 3448 robore
841 3392 982 3448 exercitus
1005 3392 1047 3447 ire
1070 3392 1108 3447 ad
1133 3393 1236 3451 hostes
1257 3395 1338 3470 pergit

257 3495 393 3552 3Primo
423 3495 452 3552 in
482 3493 593 3551 tumulo
623 3504 762 3566 quattuor
793 3496 882 3553 millia
910 3495 1001 3552 fernae
1032 3496 1161 3553 distante
1196 3501 1236 3555 ab
1259 3499 1337 3556 castri:

292 3600 380 3673 regiis
413 3599 555 3668 consedit3
591 3608 709 3672 postero
741 3600 787 3658 die
819 3619 883 3658 cum
917 3601 1047 3674 equitatu
1082 3601 1113 3656 in
1139 3603 1270 3678 Magnos
1301 3605 1337 3673 titt

292 3713 409 3772 vocant)
429 3721 559 3778 campos,
582 3702 726 3760 subiectos
749 3706 775 3762 ei
797 3706 917 3773 tumulo,
939 3704 1093 3779 degressus
1112 3711 1293 3767 succedendo
1313 3708 1336 3764 al

291 3807 431 3864 stationes
453 3808 578 3864 hostium
601 3808 828 3884 lacessendoque
849 3811 961 3868 levibus
989 3810 1098 3884 proeliis
1120 3811 1200 3870 diem
1224 3817 1336 3888 absume

259 3912 337 3968 tait.
386 3912 426 3968 Et
451 3931 504 3986 per
529 3912 683 3986 insequens
712 3913 830 3972 biduum
860 3915 1044 3972 tumultuosis
1072 3916 1142 3972 hinc
1170 3930 1260 3994 atque
1280 3919 1335 3976 illinc

293 4016 512 4072 excursionibus
548 4016 577 4071 in
615 4018 707 4075 vicem
741 4019 811 4075 nihil
847 4020 923 4078 dictu
957 4021 1027 4079 satis
1061 4021 1185 4096 dignum
1218 4024 1336 4087 fecerum
