<?xml version="1.0" encoding="UTF-8"?>
<!DOCTYPE html PUBLIC "-//W3C//DTD XHTML 1.0 Transitional//EN"
    "http://www.w3.org/TR/xhtml1/DTD/xhtml1-transitional.dtd">
<html xmlns="http://www.w3.org/1999/xhtml" xml:lang="en" lang="en">
 <head>
  <title>
</title>
<meta http-equiv="Content-Type" content="text/html;charset=utf-8" />
  <meta name='ocr-system' content='tesseract 3.04.00' />
  <meta name='ocr-capabilities' content='ocr_page ocr_carea ocr_par ocr_line ocrx_word'/>
</head>
<body>
  <div class='ocr_page' id='page_1' title='image "./titiliviihistor01ussigoog/titiliviihistor01ussigoog_0425.png"; bbox 0 0 2678 4560; ppageno 0'>
   <div class='ocr_carea' id='block_1_1' title="bbox 289 243 1014 308">
    <p class='ocr_par' dir='ltr' id='par_1_1' title="bbox 289 243 1014 308">
     <span class='ocr_line' id='line_1_1' title="bbox 289 243 1014 308; baseline 0 -14"><span class='ocrx_word' id='word_1_1' title='bbox 289 247 328 304; x_wconf 69' lang='lat'>34</span> <span class='ocrx_word' id='word_1_2' title='bbox 555 243 633 294; x_wconf 70' lang='lat' dir='ltr'>arser</span> <span class='ocrx_word' id='word_1_3' title='bbox 649 245 763 298; x_wconf 84' lang='lat' dir='ltr'>xxvrr.</span> <span class='ocrx_word' id='word_1_4' title='bbox 801 246 849 308; x_wconf 78' lang='lat' dir='ltr'>(r.</span> <span class='ocrx_word' id='word_1_5' title='bbox 863 259 889 295; x_wconf 80' lang='grc' dir='ltr'>ιι.</span> <span class='ocrx_word' id='word_1_6' title='bbox 903 259 927 298; x_wconf 74' lang='lat' dir='ltr'>e.</span> <span class='ocrx_word' id='word_1_7' title='bbox 941 245 1014 308; x_wconf 74' lang='lat' dir='ltr'>ers.)</span> 
     </span>
    </p>
   </div>
   <div class='ocr_carea' id='block_1_2' title="bbox 199 426 1328 2816">
    <p class='ocr_par' dir='ltr' id='par_1_2' title="bbox 199 426 1328 2816">
     <span class='ocr_line' id='line_1_2' title="bbox 246 426 1282 505; baseline -0.001 -18"><span class='ocrx_word' id='word_1_8' title='bbox 246 448 298 505; x_wconf 87' lang='lat' dir='ltr'>per</span> <span class='ocrx_word' id='word_1_9' title='bbox 319 427 421 486; x_wconf 88' lang='lat' dir='ltr'>tumuli</span> <span class='ocrx_word' id='word_1_10' title='bbox 439 427 558 502; x_wconf 90' lang='lat' dir='ltr'>obliqua</span> <span class='ocrx_word' id='word_1_11' title='bbox 578 427 608 484; x_wconf 90' lang='lat' dir='ltr'>in</span> <span class='ocrx_word' id='word_1_12' title='bbox 631 447 718 504; x_wconf 84' lang='lat' dir='ltr'>agros</span> <span class='ocrx_word' id='word_1_13' title='bbox 740 426 838 485; x_wconf 79' lang='lat' dir='ltr'>ferrat.</span> <span class='ocrx_word' id='word_1_14' title='bbox 887 430 956 504; x_wconf 89' lang='lat' dir='ltr'>lpse</span> <span class='ocrx_word' id='word_1_15' title='bbox 971 428 1128 502; x_wconf 85' lang='lat' dir='ltr'>expeditos,</span> <span class='ocrx_word' id='word_1_16' title='bbox 1148 429 1193 502; x_wconf 89' lang='lat' dir='ltr'>qui</span> <span class='ocrx_word' id='word_1_17' title='bbox 1207 429 1282 504; x_wconf 81' lang='lat' dir='ltr'>pridie</span> 
     </span>
     <span class='ocr_line' id='line_1_3' title="bbox 246 533 1324 608; baseline -0.004 -16"><span class='ocrx_word' id='word_1_18' title='bbox 246 535 386 592; x_wconf 86' lang='lat' dir='ltr'>stationes</span> <span class='ocrx_word' id='word_1_19' title='bbox 420 533 546 590; x_wconf 89' lang='lat' dir='ltr'>bostium</span> <span class='ocrx_word' id='word_1_20' title='bbox 582 533 770 608; x_wconf 85' lang='lat' dir='ltr'>pepulerant,</span> <span class='ocrx_word' id='word_1_21' title='bbox 808 533 848 588; x_wconf 87' lang='lat' dir='ltr'>ad</span> <span class='ocrx_word' id='word_1_22' title='bbox 877 534 972 590; x_wconf 91' lang='lat' dir='ltr'>levem</span> <span class='ocrx_word' id='word_1_23' title='bbox 1004 543 1177 591; x_wconf 87' lang='lat' dir='ltr'>armaturam</span> <span class='ocrx_word' id='word_1_24' title='bbox 1202 534 1282 590; x_wconf 84' lang='lat' dir='ltr'>infime</span> <span class='ocrx_word' id='word_1_25' title='bbox 1323 559 1324 588; x_wconf 74' lang='grc' dir='ltr'><strong>ς</strong></span> 
     </span>
     <span class='ocr_line' id='line_1_4' title="bbox 200 637 1284 714; baseline -0.005 -15"><span class='ocrx_word' id='word_1_26' title='bbox 200 645 230 700; x_wconf 90' lang='lat' dir='ltr'>ll</span> <span class='ocrx_word' id='word_1_27' title='bbox 247 647 371 698; x_wconf 87' lang='lat' dir='ltr'>stantem</span> <span class='ocrx_word' id='word_1_28' title='bbox 392 638 546 714; x_wconf 90' lang='lat' dir='ltr'>supercilio</span> <span class='ocrx_word' id='word_1_29' title='bbox 572 637 658 694; x_wconf 90' lang='lat' dir='ltr'>ducit.</span> <span class='ocrx_word' id='word_1_30' title='bbox 706 638 765 694; x_wconf 89' lang='lat' dir='ltr'>Par</span> <span class='ocrx_word' id='word_1_31' title='bbox 787 655 893 712; x_wconf 85' lang='lat' dir='ltr'>aspera</span> <span class='ocrx_word' id='word_1_32' title='bbox 914 639 1018 713; x_wconf 89' lang='lat' dir='ltr'>primo,</span> <span class='ocrx_word' id='word_1_33' title='bbox 1040 639 1111 696; x_wconf 85' lang='lat' dir='ltr'><strong>nihil</strong></span> <span class='ocrx_word' id='word_1_34' title='bbox 1130 638 1202 695; x_wconf 89' lang='lat' dir='ltr'>aliud</span> <span class='ocrx_word' id='word_1_35' title='bbox 1212 658 1284 711; x_wconf 82' lang='lat' dir='ltr'>quau</span> 
     </span>
     <span class='ocr_line' id='line_1_5' title="bbox 248 742 1283 818; baseline -0.003 -18"><span class='ocrx_word' id='word_1_36' title='bbox 248 744 297 800; x_wconf 81' lang='lat' dir='ltr'>via</span> <span class='ocrx_word' id='word_1_37' title='bbox 326 742 475 818; x_wconf 89' lang='lat' dir='ltr'>impediti,</span> <span class='ocrx_word' id='word_1_38' title='bbox 507 743 581 812; x_wconf 85' lang='lat' dir='ltr'>iere;</span> <span class='ocrx_word' id='word_1_39' title='bbox 619 743 723 800; x_wconf 89' lang='lat' dir='ltr'>deinde</span> <span class='ocrx_word' id='word_1_40' title='bbox 753 752 784 798; x_wconf 87' lang='lat' dir='ltr'>ut</span> <span class='ocrx_word' id='word_1_41' title='bbox 812 744 867 800; x_wconf 88' lang='lat' dir='ltr'>snb</span> <span class='ocrx_word' id='word_1_42' title='bbox 890 743 978 801; x_wconf 89' lang='lat' dir='ltr'>ictum</span> <span class='ocrx_word' id='word_1_43' title='bbox 1001 752 1157 812; x_wconf 86' lang='lat' dir='ltr'>venerunt,</span> <span class='ocrx_word' id='word_1_44' title='bbox 1185 743 1283 800; x_wconf 85' lang='lat' dir='ltr'>telorum</span> 
     </span>
     <span class='ocr_line' id='line_1_6' title="bbox 200 846 1286 924; baseline -0.005 -17"><span class='ocrx_word' id='word_1_45' title='bbox 200 852 234 907; x_wconf 80' lang='lat'>12</span> <span class='ocrx_word' id='word_1_46' title='bbox 248 849 341 924; x_wconf 90' lang='lat' dir='ltr'>primo</span> <span class='ocrx_word' id='word_1_47' title='bbox 365 847 457 904; x_wconf 90' lang='lat' dir='ltr'>omnis</span> <span class='ocrx_word' id='word_1_48' title='bbox 478 848 592 922; x_wconf 84' lang='lat' dir='ltr'>generis</span> <span class='ocrx_word' id='word_1_49' title='bbox 614 849 657 904; x_wconf 89' lang='lat' dir='ltr'>vis</span> <span class='ocrx_word' id='word_1_50' title='bbox 681 847 782 922; x_wconf 85' lang='lat' dir='ltr'>ingens</span> <span class='ocrx_word' id='word_1_51' title='bbox 803 846 897 905; x_wconf 83' lang='lat' dir='ltr'>effusa</span> <span class='ocrx_word' id='word_1_52' title='bbox 918 849 947 904; x_wconf 92' lang='lat' dir='ltr'>in</span> <span class='ocrx_word' id='word_1_53' title='bbox 970 866 1021 905; x_wconf 90' lang='lat' dir='ltr'>eos</span> <span class='ocrx_word' id='word_1_54' title='bbox 1043 859 1102 916; x_wconf 77' lang='lat' dir='ltr'>est3</span> <span class='ocrx_word' id='word_1_55' title='bbox 1136 848 1190 922; x_wconf 86' lang='lat' dir='ltr'>ipsi</span> <span class='ocrx_word' id='word_1_56' title='bbox 1206 857 1286 904; x_wconf 80' lang='lat' dir='ltr'>matrs</span> 
     </span>
     <span class='ocr_line' id='line_1_7' title="bbox 249 952 1325 1028; baseline -0.002 -18"><span class='ocrx_word' id='word_1_57' title='bbox 249 973 340 1022; x_wconf 85' lang='lat' dir='ltr'>saxa,</span> <span class='ocrx_word' id='word_1_58' title='bbox 363 969 427 1026; x_wconf 80' lang='lat' dir='ltr'>ques</span> <span class='ocrx_word' id='word_1_59' title='bbox 448 953 530 1008; x_wconf 86' lang='lat' dir='ltr'>loeus</span> <span class='ocrx_word' id='word_1_60' title='bbox 551 961 644 1010; x_wconf 88' lang='lat' dir='ltr'>strata</span> <span class='ocrx_word' id='word_1_61' title='bbox 665 953 793 1028; x_wconf 89' lang='lat' dir='ltr'>passim,</span> <span class='ocrx_word' id='word_1_62' title='bbox 816 953 914 1010; x_wconf 86' lang='lat' dir='ltr'>omnia</span> <span class='ocrx_word' id='word_1_63' title='bbox 935 952 1028 1010; x_wconf 86' lang='lat' dir='ltr'>ferme</span> <span class='ocrx_word' id='word_1_64' title='bbox 1045 953 1174 1022; x_wconf 78' lang='lat' dir='ltr'>missilia,</span> <span class='ocrx_word' id='word_1_65' title='bbox 1193 953 1285 1028; x_wconf 80' lang='lat' dir='ltr'>prabet,</span> <span class='ocrx_word' id='word_1_66' title='bbox 1324 1007 1325 1012; x_wconf 70' lang='grc'>,</span> 
     </span>
     <span class='ocr_line' id='line_1_8' title="bbox 248 1057 1325 1134; baseline -0.002 -20"><span class='ocrx_word' id='word_1_67' title='bbox 248 1060 387 1134; x_wconf 79' lang='lat' dir='ltr'>ingerere,</span> <span class='ocrx_word' id='word_1_68' title='bbox 409 1077 468 1114; x_wconf 89' lang='lat' dir='ltr'>non</span> <span class='ocrx_word' id='word_1_69' title='bbox 490 1057 595 1114; x_wconf 76' lang='lat' dir='ltr'>milites</span> <span class='ocrx_word' id='word_1_70' title='bbox 616 1058 720 1124; x_wconf 91' lang='lat' dir='ltr'>solum,</span> <span class='ocrx_word' id='word_1_71' title='bbox 742 1059 794 1114; x_wconf 89' lang='lat' dir='ltr'>sad</span> <span class='ocrx_word' id='word_1_72' title='bbox 816 1058 903 1115; x_wconf 84' lang='lat' dir='ltr'>etiam</span> <span class='ocrx_word' id='word_1_73' title='bbox 926 1059 1014 1115; x_wconf 92' lang='lat' dir='ltr'>turba</span> <span class='ocrx_word' id='word_1_74' title='bbox 1031 1058 1166 1115; x_wconf 85' lang='lat' dir='ltr'>calonum</span> <span class='ocrx_word' id='word_1_75' title='bbox 1181 1057 1286 1116; x_wconf 80' lang='lat' dir='ltr'>immixta</span> <span class='ocrx_word' id='word_1_76' title='bbox 1324 1087 1325 1090; x_wconf 33' lang='lat'>¹</span> 
     </span>
     <span class='ocr_line' id='line_1_9' title="bbox 199 1161 1287 1237; baseline -0.002 -17"><span class='ocrx_word' id='word_1_77' title='bbox 199 1164 376 1222; x_wconf 69' lang='lat' dir='ltr'>reumatis.</span> <span class='ocrx_word' id='word_1_78' title='bbox 424 1161 559 1220; x_wconf 89' lang='lat' dir='ltr'>Ceterum</span> <span class='ocrx_word' id='word_1_79' title='bbox 582 1180 749 1237; x_wconf 85' lang='lat' dir='ltr'>quanquam</span> <span class='ocrx_word' id='word_1_80' title='bbox 772 1163 929 1222; x_wconf 72' lang='lat' dir='ltr'>adscensus</span> <span class='ocrx_word' id='word_1_81' title='bbox 951 1161 1078 1220; x_wconf 86' lang='lat' dir='ltr'>difficilis</span> <span class='ocrx_word' id='word_1_82' title='bbox 1101 1172 1164 1220; x_wconf 89' lang='lat' dir='ltr'>erat</span> <span class='ocrx_word' id='word_1_83' title='bbox 1180 1172 1287 1236; x_wconf 88' lang='lat' dir='ltr'>etpmpe</span> 
     </span>
     <span class='ocr_line' id='line_1_10' title="bbox 248 1265 1288 1342; baseline -0.003 -16"><span class='ocrx_word' id='word_1_84' title='bbox 248 1269 445 1328; x_wconf 80' lang='lat' dir='ltr'>obruebantur</span> <span class='ocrx_word' id='word_1_85' title='bbox 466 1265 529 1324; x_wconf 90' lang='lat' dir='ltr'>telis</span> <span class='ocrx_word' id='word_1_86' title='bbox 551 1267 698 1342; x_wconf 82' lang='lat' dir='ltr'>saxisque,</span> <span class='ocrx_word' id='word_1_87' title='bbox 719 1268 904 1326; x_wconf 82' lang='lat' dir='ltr'>assuetudine</span> <span class='ocrx_word' id='word_1_88' title='bbox 918 1275 1016 1324; x_wconf 88' lang='lat' dir='ltr'>tameo</span> <span class='ocrx_word' id='word_1_89' title='bbox 1031 1268 1201 1324; x_wconf 87' lang='lat' dir='ltr'>succedendi</span> <span class='ocrx_word' id='word_1_90' title='bbox 1213 1283 1288 1322; x_wconf 86' lang='lat' dir='ltr'>muros</span> 
     </span>
     <span class='ocr_line' id='line_1_11' title="bbox 199 1371 1326 1450; baseline -0.005 -20"><span class='ocrx_word' id='word_1_91' title='bbox 199 1375 276 1432; x_wconf 78' lang='lat' dir='ltr'>tter</span> <span class='ocrx_word' id='word_1_92' title='bbox 297 1373 457 1450; x_wconf 86' lang='lat' dir='ltr'>pertinacia</span> <span class='ocrx_word' id='word_1_93' title='bbox 482 1371 569 1428; x_wconf 82' lang='lat' dir='ltr'>animi</span> <span class='ocrx_word' id='word_1_94' title='bbox 586 1373 735 1430; x_wconf 88' lang='lat' dir='ltr'>subierunt</span> <span class='ocrx_word' id='word_1_95' title='bbox 752 1374 847 1448; x_wconf 89' lang='lat' dir='ltr'>primi.</span> <span class='ocrx_word' id='word_1_96' title='bbox 895 1372 954 1446; x_wconf 86' lang='lat' dir='ltr'>Qui</span> <span class='ocrx_word' id='word_1_97' title='bbox 975 1372 1062 1428; x_wconf 88' lang='lat' dir='ltr'>simul</span> <span class='ocrx_word' id='word_1_98' title='bbox 1084 1391 1186 1448; x_wconf 85' lang='lat' dir='ltr'>cepere</span> <span class='ocrx_word' id='word_1_99' title='bbox 1205 1371 1288 1444; x_wconf 87' lang='lat' dir='ltr'>aliquid</span> <span class='ocrx_word' id='word_1_100' title='bbox 1325 1427 1326 1434; x_wconf 42' lang='lat'>,</span> 
     </span>
     <span class='ocr_line' id='line_1_12' title="bbox 248 1477 1287 1554; baseline -0.006 -16"><span class='ocrx_word' id='word_1_101' title='bbox 248 1480 322 1554; x_wconf 77' lang='lat' dir='ltr'>aequi</span> <span class='ocrx_word' id='word_1_102' title='bbox 341 1478 407 1546; x_wconf 92' lang='lat' dir='ltr'>loci,</span> <span class='ocrx_word' id='word_1_103' title='bbox 429 1477 479 1534; x_wconf 89' lang='lat' dir='ltr'>ubi</span> <span class='ocrx_word' id='word_1_104' title='bbox 498 1478 582 1534; x_wconf 84' lang='lat' dir='ltr'>firmo</span> <span class='ocrx_word' id='word_1_105' title='bbox 600 1479 790 1536; x_wconf 82' lang='lat' dir='ltr'>consisterent</span> <span class='ocrx_word' id='word_1_106' title='bbox 803 1480 906 1554; x_wconf 88' lang='lat' dir='ltr'>gradu,</span> <span class='ocrx_word' id='word_1_107' title='bbox 926 1477 1020 1534; x_wconf 88' lang='lat' dir='ltr'>levem</span> <span class='ocrx_word' id='word_1_108' title='bbox 1038 1487 1067 1534; x_wconf 89' lang='lat' dir='ltr'>et</span> <span class='ocrx_word' id='word_1_109' title='bbox 1082 1486 1287 1534; x_wconf 79' lang='lat' dir='ltr'>concursatorem</span> 
     </span>
     <span class='ocr_line' id='line_1_13' title="bbox 248 1581 1289 1659; baseline -0.006 -17"><span class='ocrx_word' id='word_1_110' title='bbox 248 1587 360 1642; x_wconf 85' lang='lat' dir='ltr'>hostem</span> <span class='ocrx_word' id='word_1_111' title='bbox 384 1592 472 1655; x_wconf 90' lang='lat' dir='ltr'>atque</span> <span class='ocrx_word' id='word_1_112' title='bbox 497 1582 651 1639; x_wconf 86' lang='lat' dir='ltr'>intervallo</span> <span class='ocrx_word' id='word_1_113' title='bbox 675 1592 778 1652; x_wconf 89' lang='lat' dir='ltr'>tutum,</span> <span class='ocrx_word' id='word_1_114' title='bbox 802 1603 890 1659; x_wconf 89' lang='lat' dir='ltr'>quum</span> <span class='ocrx_word' id='word_1_115' title='bbox 912 1581 1016 1657; x_wconf 88' lang='lat' dir='ltr'>procul</span> <span class='ocrx_word' id='word_1_116' title='bbox 1038 1582 1194 1638; x_wconf 86' lang='lat' dir='ltr'>missilibus</span> <span class='ocrx_word' id='word_1_117' title='bbox 1213 1599 1289 1656; x_wconf 84' lang='lat' dir='ltr'>pagus</span> 
     </span>
     <span class='ocr_line' id='line_1_14' title="bbox 249 1671 1289 1756; baseline -0.002 -12"><span class='ocrx_word' id='word_1_118' title='bbox 249 1688 387 1756; x_wconf 90' lang='lat' dir='ltr'>eluditur,</span> <span class='ocrx_word' id='word_1_119' title='bbox 419 1673 581 1744; x_wconf 77' lang='lat' dir='ltr'>instabilem</span> <span class='ocrx_word' id='word_1_120' title='bbox 611 1688 733 1745; x_wconf 90' lang='lat' dir='ltr'>eundem</span> <span class='ocrx_word' id='word_1_121' title='bbox 764 1687 801 1744; x_wconf 88' lang='lat' dir='ltr'>ad</span> <span class='ocrx_word' id='word_1_122' title='bbox 832 1687 963 1744; x_wconf 89' lang='lat' dir='ltr'>cominus</span> <span class='ocrx_word' id='word_1_123' title='bbox 987 1671 1182 1744; x_wconf 79' lang='lat' dir='ltr'>conserendas</span> <span class='ocrx_word' id='word_1_124' title='bbox 1203 1703 1289 1743; x_wconf 81' lang='lat' dir='ltr'>manus</span> 
     </span>
     <span class='ocr_line' id='line_1_15' title="bbox 249 1791 1327 1868; baseline 0 -20"><span class='ocrx_word' id='word_1_125' title='bbox 249 1793 421 1868; x_wconf 85' lang='lat' dir='ltr'>expulerunt</span> <span class='ocrx_word' id='word_1_126' title='bbox 449 1791 514 1848; x_wconf 92' lang='lat' dir='ltr'>loco</span> <span class='ocrx_word' id='word_1_127' title='bbox 544 1800 572 1847; x_wconf 90' lang='lat' dir='ltr'>et</span> <span class='ocrx_word' id='word_1_128' title='bbox 599 1810 663 1848; x_wconf 91' lang='lat' dir='ltr'>cum</span> <span class='ocrx_word' id='word_1_129' title='bbox 693 1792 771 1848; x_wconf 82' lang='lat' dir='ltr'>coede</span> <span class='ocrx_word' id='word_1_130' title='bbox 794 1811 901 1867; x_wconf 83' lang='lat' dir='ltr'>magna</span> <span class='ocrx_word' id='word_1_131' title='bbox 923 1793 952 1848; x_wconf 93' lang='lat' dir='ltr'>iu</span> <span class='ocrx_word' id='word_1_132' title='bbox 974 1793 1066 1848; x_wconf 90' lang='lat' dir='ltr'>aciem</span> <span class='ocrx_word' id='word_1_133' title='bbox 1090 1792 1192 1848; x_wconf 80' lang='lat' dir='ltr'>altiore</span> <span class='ocrx_word' id='word_1_134' title='bbox 1211 1809 1288 1865; x_wconf 82' lang='lat' dir='ltr'>super·</span> <span class='ocrx_word' id='word_1_135' title='bbox 1326 1843 1327 1856; x_wconf 67' lang='grc'>,</span> 
     </span>
     <span class='ocr_line' id='line_1_16' title="bbox 200 1894 1327 1972; baseline -0.005 -17"><span class='ocrx_word' id='word_1_136' title='bbox 200 1902 371 1956; x_wconf 73' lang='lat' dir='ltr'>listautem</span> <span class='ocrx_word' id='word_1_137' title='bbox 387 1895 498 1954; x_wconf 90' lang='lat' dir='ltr'>tumulo</span> <span class='ocrx_word' id='word_1_138' title='bbox 512 1894 668 1970; x_wconf 87' lang='lat' dir='ltr'>impegere.</span> <span class='ocrx_word' id='word_1_139' title='bbox 715 1897 787 1954; x_wconf 92' lang='lat' dir='ltr'>Inde</span> <span class='ocrx_word' id='word_1_140' title='bbox 803 1896 912 1972; x_wconf 86' lang='lat' dir='ltr'>Scipio,</span> <span class='ocrx_word' id='word_1_141' title='bbox 933 1896 1019 1952; x_wconf 87' lang='lat' dir='ltr'>iussis</span> <span class='ocrx_word' id='word_1_142' title='bbox 1035 1896 1176 1954; x_wconf 88' lang='lat' dir='ltr'>adversus</span> <span class='ocrx_word' id='word_1_143' title='bbox 1190 1896 1288 1954; x_wconf 81' lang='lat' dir='ltr'>mediam</span> <span class='ocrx_word' id='word_1_144' title='bbox 1326 1925 1327 1958; x_wconf 63' lang='lat'>3</span> 
     </span>
     <span class='ocr_line' id='line_1_17' title="bbox 234 1999 1327 2100; baseline -0.007 -39"><span class='ocrx_word' id='word_1_145' title='bbox 234 2006 371 2061; x_wconf 40' lang='lat' dir='ltr'>,evadere</span> <span class='ocrx_word' id='word_1_146' title='bbox 400 2002 492 2058; x_wconf 89' lang='lat' dir='ltr'>aciem</span> <span class='ocrx_word' id='word_1_147' title='bbox 520 1999 695 2070; x_wconf 87' lang='lat' dir='ltr'>victoribus,</span> <span class='ocrx_word' id='word_1_148' title='bbox 731 2011 841 2058; x_wconf 87' lang='lat' dir='ltr'>ceteras</span> <span class='ocrx_word' id='word_1_149' title='bbox 870 2002 971 2076; x_wconf 86' lang='lat' dir='ltr'>copias</span> <span class='ocrx_word' id='word_1_150' title='bbox 1003 2019 1069 2057; x_wconf 90' lang='lat' dir='ltr'>cum</span> <span class='ocrx_word' id='word_1_151' title='bbox 1092 2003 1182 2059; x_wconf 79' lang='lat' dir='ltr'>Laelio</span> <span class='ocrx_word' id='word_1_152' title='bbox 1203 2001 1289 2058; x_wconf 81' lang='lat' dir='ltr'>dividit.</span> <span class='ocrx_word' id='word_1_153' title='bbox 1324 2011 1327 2100; x_wconf 87' lang='lat'>3</span> 
     </span>
     <span class='ocr_line' id='line_1_18' title="bbox 249 2104 1327 2184; baseline -0.006 -18"><span class='ocrx_word' id='word_1_154' title='bbox 249 2118 337 2184; x_wconf 91' lang='lat' dir='ltr'>atque</span> <span class='ocrx_word' id='word_1_155' title='bbox 365 2127 430 2165; x_wconf 91' lang='lat' dir='ltr'>eum</span> <span class='ocrx_word' id='word_1_156' title='bbox 459 2114 543 2181; x_wconf 88' lang='lat' dir='ltr'>parte</span> <span class='ocrx_word' id='word_1_157' title='bbox 579 2104 684 2162; x_wconf 86' lang='lat' dir='ltr'>dextra</span> <span class='ocrx_word' id='word_1_158' title='bbox 716 2107 820 2164; x_wconf 90' lang='lat' dir='ltr'>tumuli</span> <span class='ocrx_word' id='word_1_159' title='bbox 852 2106 1019 2175; x_wconf 89' lang='lat' dir='ltr'>circumire,</span> <span class='ocrx_word' id='word_1_160' title='bbox 1052 2106 1146 2163; x_wconf 89' lang='lat' dir='ltr'>donec</span> <span class='ocrx_word' id='word_1_161' title='bbox 1177 2105 1289 2162; x_wconf 85' lang='lat' dir='ltr'>mollioris</span> <span class='ocrx_word' id='word_1_162' title='bbox 1325 2133 1327 2180; x_wconf 83' lang='lat'>3</span> 
     </span>
     <span class='ocr_line' id='line_1_19' title="bbox 249 2189 1327 2286; baseline -0.008 -15"><span class='ocrx_word' id='word_1_163' title='bbox 249 2215 405 2271; x_wconf 82' lang='lat' dir='ltr'>adscensus</span> <span class='ocrx_word' id='word_1_164' title='bbox 427 2211 504 2266; x_wconf 90' lang='lat' dir='ltr'>viam</span> <span class='ocrx_word' id='word_1_165' title='bbox 527 2210 679 2278; x_wconf 89' lang='lat' dir='ltr'>inveniret,</span> <span class='ocrx_word' id='word_1_166' title='bbox 703 2211 796 2281; x_wconf 87' lang='lat' dir='ltr'>iubet;</span> <span class='ocrx_word' id='word_1_167' title='bbox 818 2211 881 2286; x_wconf 89' lang='lat' dir='ltr'>ipse</span> <span class='ocrx_word' id='word_1_168' title='bbox 905 2212 942 2267; x_wconf 89' lang='lat' dir='ltr'>ab</span> <span class='ocrx_word' id='word_1_169' title='bbox 961 2211 1044 2281; x_wconf 76' lang='lat' dir='ltr'>laeva,</span> <span class='ocrx_word' id='word_1_170' title='bbox 1067 2212 1213 2269; x_wconf 88' lang='lat' dir='ltr'>circumitu</span> <span class='ocrx_word' id='word_1_171' title='bbox 1230 2209 1288 2266; x_wconf 87' lang='lat' dir='ltr'>baud</span> <span class='ocrx_word' id='word_1_172' title='bbox 1325 2189 1327 2246; x_wconf 77' lang='lat' dir='ltr'>j</span> 
     </span>
     <span class='ocr_line' id='line_1_20' title="bbox 199 2316 1326 2393; baseline -0.002 -19"><span class='ocrx_word' id='word_1_173' title='bbox 199 2319 371 2393; x_wconf 80' lang='lat' dir='ltr'>ldmaguo,</span> <span class='ocrx_word' id='word_1_174' title='bbox 406 2317 436 2373; x_wconf 91' lang='lat' dir='ltr'>iu</span> <span class='ocrx_word' id='word_1_175' title='bbox 467 2325 648 2372; x_wconf 88' lang='lat' dir='ltr'>transversos</span> <span class='ocrx_word' id='word_1_176' title='bbox 677 2316 776 2373; x_wconf 87' lang='lat' dir='ltr'>hostes</span> <span class='ocrx_word' id='word_1_177' title='bbox 804 2316 932 2372; x_wconf 86' lang='lat' dir='ltr'>incurrit.</span> <span class='ocrx_word' id='word_1_178' title='bbox 979 2316 1053 2372; x_wconf 90' lang='lat' dir='ltr'>Inde</span> <span class='ocrx_word' id='word_1_179' title='bbox 1080 2318 1176 2391; x_wconf 87' lang='lat' dir='ltr'>primo</span> <span class='ocrx_word' id='word_1_180' title='bbox 1196 2317 1289 2373; x_wconf 80' lang='lat' dir='ltr'>turbata</span> <span class='ocrx_word' id='word_1_181' title='bbox 1325 2317 1326 2342; x_wconf 73' lang='lat'>³</span> 
     </span>
     <span class='ocr_line' id='line_1_21' title="bbox 250 2420 1288 2495; baseline -0.006 -15"><span class='ocrx_word' id='word_1_182' title='bbox 250 2425 326 2480; x_wconf 86' lang='lat' dir='ltr'>acics</span> <span class='ocrx_word' id='word_1_183' title='bbox 349 2431 410 2490; x_wconf 91' lang='lat' dir='ltr'>est,</span> <span class='ocrx_word' id='word_1_184' title='bbox 438 2421 505 2477; x_wconf 90' lang='lat' dir='ltr'>dum</span> <span class='ocrx_word' id='word_1_185' title='bbox 529 2421 566 2476; x_wconf 89' lang='lat' dir='ltr'>ad</span> <span class='ocrx_word' id='word_1_186' title='bbox 590 2420 851 2476; x_wconf 75' lang='lat' dir='ltr'>circumsonantem</span> <span class='ocrx_word' id='word_1_187' title='bbox 873 2421 1000 2495; x_wconf 88' lang='lat' dir='ltr'>undique</span> <span class='ocrx_word' id='word_1_188' title='bbox 1022 2421 1179 2479; x_wconf 88' lang='lat' dir='ltr'>clamorem</span> <span class='ocrx_word' id='word_1_189' title='bbox 1198 2423 1288 2477; x_wconf 86' lang='lat' dir='ltr'>flectere</span> 
     </span>
     <span class='ocr_line' id='line_1_22' title="bbox 200 2524 1287 2584; baseline 0 -2"><span class='ocrx_word' id='word_1_190' title='bbox 200 2529 235 2583; x_wconf 87' lang='lat' dir='ltr'>l&#39;l</span> <span class='ocrx_word' id='word_1_191' title='bbox 249 2546 359 2584; x_wconf 84' lang='lat' dir='ltr'>coruus</span> <span class='ocrx_word' id='word_1_192' title='bbox 388 2536 417 2583; x_wconf 88' lang='lat' dir='ltr'>et</span> <span class='ocrx_word' id='word_1_193' title='bbox 445 2527 599 2583; x_wconf 87' lang='lat' dir='ltr'>obvertere</span> <span class='ocrx_word' id='word_1_194' title='bbox 629 2525 746 2582; x_wconf 89' lang='lat' dir='ltr'>ordines</span> <span class='ocrx_word' id='word_1_195' title='bbox 767 2524 878 2581; x_wconf 81' lang='lat' dir='ltr'>volunt</span> <span class='ocrx_word' id='word_1_196' title='bbox 922 2526 989 2582; x_wconf 90' lang='lat' dir='ltr'>Hoc</span> <span class='ocrx_word' id='word_1_197' title='bbox 1010 2526 1136 2583; x_wconf 88' lang='lat' dir='ltr'>tumultu</span> <span class='ocrx_word' id='word_1_198' title='bbox 1159 2537 1187 2584; x_wconf 90' lang='lat' dir='ltr'>et</span> <span class='ocrx_word' id='word_1_199' title='bbox 1205 2524 1287 2582; x_wconf 73' lang='lat' dir='ltr'>Lata</span> 
     </span>
     <span class='ocr_line' id='line_1_23' title="bbox 248 2627 1287 2705; baseline -0.006 -17"><span class='ocrx_word' id='word_1_200' title='bbox 248 2630 350 2698; x_wconf 89' lang='lat' dir='ltr'>subiit;</span> <span class='ocrx_word' id='word_1_201' title='bbox 388 2639 417 2686; x_wconf 91' lang='lat' dir='ltr'>et</span> <span class='ocrx_word' id='word_1_202' title='bbox 445 2631 512 2688; x_wconf 88' lang='lat' dir='ltr'>dum</span> <span class='ocrx_word' id='word_1_203' title='bbox 544 2630 646 2705; x_wconf 88' lang='lat' dir='ltr'>pedem</span> <span class='ocrx_word' id='word_1_204' title='bbox 678 2627 822 2696; x_wconf 79' lang='lat' dir='ltr'>referunt,</span> <span class='ocrx_word' id='word_1_205' title='bbox 859 2648 895 2685; x_wconf 91' lang='lat' dir='ltr'>ue</span> <span class='ocrx_word' id='word_1_206' title='bbox 922 2632 959 2686; x_wconf 89' lang='lat' dir='ltr'>ab</span> <span class='ocrx_word' id='word_1_207' title='bbox 981 2640 1064 2704; x_wconf 88' lang='lat' dir='ltr'>tergo</span> <span class='ocrx_word' id='word_1_208' title='bbox 1088 2631 1287 2688; x_wconf 71' lang='lat' dir='ltr'>vulnerarentur,</span> 
     </span>
     <span class='ocr_line' id='line_1_24' title="bbox 247 2733 1328 2816; baseline -0.004 -24"><span class='ocrx_word' id='word_1_209' title='bbox 247 2736 348 2793; x_wconf 86' lang='lat' dir='ltr'>laxata</span> <span class='ocrx_word' id='word_1_210' title='bbox 379 2735 474 2810; x_wconf 87' lang='lat' dir='ltr'>prima</span> <span class='ocrx_word' id='word_1_211' title='bbox 507 2735 583 2792; x_wconf 86' lang='lat' dir='ltr'>ecies</span> <span class='ocrx_word' id='word_1_212' title='bbox 609 2735 749 2807; x_wconf 91' lang='lat' dir='ltr'>locusque</span> <span class='ocrx_word' id='word_1_213' title='bbox 777 2734 814 2790; x_wconf 90' lang='lat' dir='ltr'>ad</span> <span class='ocrx_word' id='word_1_214' title='bbox 845 2735 1025 2792; x_wconf 87' lang='lat' dir='ltr'>evadendum</span> <span class='ocrx_word' id='word_1_215' title='bbox 1056 2744 1087 2792; x_wconf 86' lang='lat' dir='ltr'>et</span> <span class='ocrx_word' id='word_1_216' title='bbox 1108 2736 1207 2792; x_wconf 92' lang='lat' dir='ltr'>mediis</span> <span class='ocrx_word' id='word_1_217' title='bbox 1225 2733 1288 2789; x_wconf 80' lang='lat' dir='ltr'>datu</span> <span class='ocrx_word' id='word_1_218' title='bbox 1326 2739 1328 2816; x_wconf 76' lang='lat' dir='ltr'>t</span> 
     </span>
    </p>
   </div>
   <div class='ocr_carea' id='block_1_3' title="bbox 197 2839 1328 3438">
    <p class='ocr_par' dir='ltr' id='par_1_3' title="bbox 199 2819 1328 2924">
     <span class='ocr_line' id='line_1_25' title="bbox 199 2839 1328 2916; baseline -0.007 -16"><span class='ocrx_word' id='word_1_219' title='bbox 199 2844 235 2900; x_wconf 83' lang='lat'>18</span> <span class='ocrx_word' id='word_1_220' title='bbox 248 2849 308 2912; x_wconf 91' lang='lat' dir='ltr'>est,</span> <span class='ocrx_word' id='word_1_221' title='bbox 338 2841 388 2915; x_wconf 91' lang='lat' dir='ltr'>qui</span> <span class='ocrx_word' id='word_1_222' title='bbox 411 2859 464 2915; x_wconf 92' lang='lat' dir='ltr'>per</span> <span class='ocrx_word' id='word_1_223' title='bbox 484 2849 544 2897; x_wconf 89' lang='lat' dir='ltr'>tam</span> <span class='ocrx_word' id='word_1_224' title='bbox 564 2840 693 2913; x_wconf 89' lang='lat' dir='ltr'>iniquum</span> <span class='ocrx_word' id='word_1_225' title='bbox 715 2839 829 2908; x_wconf 88' lang='lat' dir='ltr'>locum,</span> <span class='ocrx_word' id='word_1_226' title='bbox 858 2841 1001 2897; x_wconf 89' lang='lat' dir='ltr'>stantibus</span> <span class='ocrx_word' id='word_1_227' title='bbox 1022 2841 1146 2916; x_wconf 83' lang='lat' dir='ltr'>integris</span> <span class='ocrx_word' id='word_1_228' title='bbox 1168 2839 1288 2898; x_wconf 82' lang='lat' dir='ltr'>ordinibus</span> <span class='ocrx_word' id='word_1_229' title='bbox 1326 2879 1328 2898; x_wconf 64' lang='lat'>,</span> 
     </span>
    </p>

    <p class='ocr_par' dir='ltr' id='par_1_4' title="bbox 199 2942 1289 3124">
     <span class='ocr_line' id='line_1_26' title="bbox 199 2942 1288 3021; baseline -0.006 -17"><span class='ocrx_word' id='word_1_230' title='bbox 199 2949 235 3004; x_wconf 82' lang='lat'>19</span> <span class='ocrx_word' id='word_1_231' title='bbox 248 2945 466 3021; x_wconf 85' lang='lat' dir='ltr'>elephantisque</span> <span class='ocrx_word' id='word_1_232' title='bbox 491 2954 557 3001; x_wconf 89' lang='lat' dir='ltr'>ante</span> <span class='ocrx_word' id='word_1_233' title='bbox 580 2944 664 3018; x_wconf 85' lang='lat' dir='ltr'>signa</span> <span class='ocrx_word' id='word_1_234' title='bbox 684 2942 802 3012; x_wconf 86' lang='lat' dir='ltr'>locatis,</span> <span class='ocrx_word' id='word_1_235' title='bbox 828 2962 976 3018; x_wconf 85' lang='lat' dir='ltr'>nunquam</span> <span class='ocrx_word' id='word_1_236' title='bbox 1000 2945 1171 3006; x_wconf 89' lang='lat' dir='ltr'>evasissent.</span> <span class='ocrx_word' id='word_1_237' title='bbox 1215 2945 1288 3017; x_wconf 83' lang='lat' dir='ltr'>Quen</span> 
     </span>
     <span class='ocr_line' id='line_1_27' title="bbox 249 3047 1289 3124; baseline -0.004 -16"><span class='ocrx_word' id='word_1_238' title='bbox 249 3052 286 3108; x_wconf 93' lang='lat' dir='ltr'>ab</span> <span class='ocrx_word' id='word_1_239' title='bbox 309 3050 387 3107; x_wconf 90' lang='lat' dir='ltr'>omni</span> <span class='ocrx_word' id='word_1_240' title='bbox 402 3058 486 3124; x_wconf 91' lang='lat' dir='ltr'>parte</span> <span class='ocrx_word' id='word_1_241' title='bbox 500 3048 593 3106; x_wconf 76' lang='lat' dir='ltr'>caedas</span> <span class='ocrx_word' id='word_1_242' title='bbox 608 3049 698 3116; x_wconf 87' lang='lat' dir='ltr'>fieret,</span> <span class='ocrx_word' id='word_1_243' title='bbox 721 3047 829 3122; x_wconf 84' lang='lat' dir='ltr'>Scipio,</span> <span class='ocrx_word' id='word_1_244' title='bbox 852 3049 902 3121; x_wconf 90' lang='lat' dir='ltr'>qui</span> <span class='ocrx_word' id='word_1_245' title='bbox 921 3048 995 3105; x_wconf 69' lang='lat' dir='ltr'>laevo</span> <span class='ocrx_word' id='word_1_246' title='bbox 1022 3066 1115 3107; x_wconf 89' lang='lat' dir='ltr'>cornu</span> <span class='ocrx_word' id='word_1_247' title='bbox 1138 3052 1169 3109; x_wconf 92' lang='lat' dir='ltr'>in</span> <span class='ocrx_word' id='word_1_248' title='bbox 1182 3053 1289 3109; x_wconf 86' lang='lat' dir='ltr'>dextrm</span> 
     </span>
    </p>

    <p class='ocr_par' dir='ltr' id='par_1_5' title="bbox 197 3152 1289 3438">
     <span class='ocr_line' id='line_1_28' title="bbox 197 3152 1288 3229; baseline -0.001 -17"><span class='ocrx_word' id='word_1_249' title='bbox 197 3158 235 3212; x_wconf 81' lang='lat'>20</span> <span class='ocrx_word' id='word_1_250' title='bbox 248 3154 455 3221; x_wconf 87' lang='lat' dir='ltr'>incucurrerat,</span> <span class='ocrx_word' id='word_1_251' title='bbox 477 3155 605 3210; x_wconf 86' lang='lat' dir='ltr'>maxime</span> <span class='ocrx_word' id='word_1_252' title='bbox 625 3154 654 3210; x_wconf 92' lang='lat' dir='ltr'>in</span> <span class='ocrx_word' id='word_1_253' title='bbox 677 3152 756 3209; x_wconf 84' lang='lat' dir='ltr'>nuda</span> <span class='ocrx_word' id='word_1_254' title='bbox 768 3152 864 3209; x_wconf 86' lang='lat' dir='ltr'>latera</span> <span class='ocrx_word' id='word_1_255' title='bbox 877 3154 1003 3210; x_wconf 91' lang='lat' dir='ltr'>hostium</span> <span class='ocrx_word' id='word_1_256' title='bbox 1024 3157 1193 3229; x_wconf 66' lang='lat' dir='ltr'>pugnabam</span> <span class='ocrx_word' id='word_1_257' title='bbox 1213 3170 1238 3214; x_wconf 91' lang='lat' dir='ltr'>et</span> <span class='ocrx_word' id='word_1_258' title='bbox 1248 3157 1288 3212; x_wconf 86' lang='lat' dir='ltr'>iau</span> 
     </span>
     <span class='ocr_line' id='line_1_29' title="bbox 249 3257 1289 3336; baseline 0.002 -21"><span class='ocrx_word' id='word_1_259' title='bbox 249 3277 285 3315; x_wconf 88' lang='lat' dir='ltr'>ns</span> <span class='ocrx_word' id='word_1_260' title='bbox 315 3257 393 3332; x_wconf 80' lang='lat' dir='ltr'>lugae</span> <span class='ocrx_word' id='word_1_261' title='bbox 426 3257 542 3331; x_wconf 89' lang='lat' dir='ltr'>quidem</span> <span class='ocrx_word' id='word_1_262' title='bbox 578 3259 698 3333; x_wconf 87' lang='lat' dir='ltr'>patebat</span> <span class='ocrx_word' id='word_1_263' title='bbox 728 3257 825 3326; x_wconf 83' lang='lat' dir='ltr'>loeus3</span> <span class='ocrx_word' id='word_1_264' title='bbox 858 3266 886 3312; x_wconf 88' lang='lat' dir='ltr'>et</span> <span class='ocrx_word' id='word_1_265' title='bbox 918 3258 1058 3316; x_wconf 91' lang='lat' dir='ltr'>stationes</span> <span class='ocrx_word' id='word_1_266' title='bbox 1092 3263 1224 3336; x_wconf 88' lang='lat' dir='ltr'>utrinque</span> <span class='ocrx_word' id='word_1_267' title='bbox 1248 3261 1289 3317; x_wconf 72' lang='lat' dir='ltr'>Ro</span> 
     </span>
     <span class='ocr_line' id='line_1_30' title="bbox 250 3361 1288 3438; baseline -0.002 -20"><span class='ocrx_word' id='word_1_268' title='bbox 250 3381 342 3420; x_wconf 79' lang='lat' dir='ltr'>manos</span> <span class='ocrx_word' id='word_1_269' title='bbox 374 3363 478 3419; x_wconf 86' lang='lat' dir='ltr'>dextra</span> <span class='ocrx_word' id='word_1_270' title='bbox 508 3361 640 3436; x_wconf 77' lang='lat' dir='ltr'>laevaque</span> <span class='ocrx_word' id='word_1_271' title='bbox 671 3363 837 3420; x_wconf 84' lang='lat' dir='ltr'>insederant</span> <span class='ocrx_word' id='word_1_272' title='bbox 868 3361 944 3431; x_wconf 86' lang='lat' dir='ltr'>vias,</span> <span class='ocrx_word' id='word_1_273' title='bbox 981 3371 1010 3418; x_wconf 91' lang='lat' dir='ltr'>et</span> <span class='ocrx_word' id='word_1_274' title='bbox 1038 3375 1126 3438; x_wconf 88' lang='lat' dir='ltr'>porta</span> <span class='ocrx_word' id='word_1_275' title='bbox 1156 3378 1288 3422; x_wconf 86' lang='lat' dir='ltr'>castrorm</span> 
     </span>
    </p>
   </div>
   <div class='ocr_carea' id='block_1_4' title="bbox 155 3451 1290 4070">
    <p class='ocr_par' dir='ltr' id='par_1_6' title="bbox 249 3451 1290 3544">
     <span class='ocr_line' id='line_1_31' title="bbox 249 3451 1290 3544; baseline -0.002 -20"><span class='ocrx_word' id='word_1_276' title='bbox 249 3467 329 3524; x_wconf 86' lang='lat' dir='ltr'>ducis</span> <span class='ocrx_word' id='word_1_277' title='bbox 351 3466 570 3542; x_wconf 86' lang='lat' dir='ltr'>principumque</span> <span class='ocrx_word' id='word_1_278' title='bbox 590 3466 662 3541; x_wconf 82' lang='lat' dir='ltr'>fuga</span> <span class='ocrx_word' id='word_1_279' title='bbox 683 3467 783 3524; x_wconf 87' lang='lat' dir='ltr'>clausa</span> <span class='ocrx_word' id='word_1_280' title='bbox 804 3451 894 3535; x_wconf 56' lang='lat' dir='ltr'>erat,</span> <span class='ocrx_word' id='word_1_281' title='bbox 918 3466 1019 3524; x_wconf 86' lang='lat' dir='ltr'>addita</span> <span class='ocrx_word' id='word_1_282' title='bbox 1041 3470 1231 3544; x_wconf 87' lang='lat' dir='ltr'>trepidatione</span> <span class='ocrx_word' id='word_1_283' title='bbox 1250 3467 1290 3522; x_wconf 81' lang='lat' dir='ltr'>ele</span> 
     </span>
    </p>

    <p class='ocr_par' dir='ltr' id='par_1_7' title="bbox 248 3572 1289 3750">
     <span class='ocr_line' id='line_1_32' title="bbox 249 3572 1289 3646; baseline 0 -18"><span class='ocrx_word' id='word_1_284' title='bbox 249 3573 441 3646; x_wconf 87' lang='lat' dir='ltr'>phantorum,</span> <span class='ocrx_word' id='word_1_285' title='bbox 474 3590 548 3645; x_wconf 91' lang='lat' dir='ltr'>quos</span> <span class='ocrx_word' id='word_1_286' title='bbox 569 3572 685 3630; x_wconf 89' lang='lat' dir='ltr'>territos</span> <span class='ocrx_word' id='word_1_287' title='bbox 704 3591 786 3646; x_wconf 82' lang='lat' dir='ltr'>aeque</span> <span class='ocrx_word' id='word_1_288' title='bbox 807 3581 890 3646; x_wconf 83' lang='lat' dir='ltr'>utque</span> <span class='ocrx_word' id='word_1_289' title='bbox 910 3572 1008 3630; x_wconf 90' lang='lat' dir='ltr'>hostes</span> <span class='ocrx_word' id='word_1_290' title='bbox 1030 3573 1183 3633; x_wconf 87' lang='lat' dir='ltr'>timebant.</span> <span class='ocrx_word' id='word_1_291' title='bbox 1229 3572 1289 3632; x_wconf 81' lang='lat' dir='ltr'>Casa</span> 
     </span>
     <span class='ocr_line' id='line_1_33' title="bbox 248 3674 775 3750; baseline 0.006 -21"><span class='ocrx_word' id='word_1_292' title='bbox 248 3674 336 3750; x_wconf 81' lang='lat' dir='ltr'>igitur</span> <span class='ocrx_word' id='word_1_293' title='bbox 357 3674 396 3730; x_wconf 85' lang='lat' dir='ltr'>ad</span> <span class='ocrx_word' id='word_1_294' title='bbox 418 3684 484 3733; x_wconf 89' lang='lat' dir='ltr'>octe</span> <span class='ocrx_word' id='word_1_295' title='bbox 506 3675 595 3733; x_wconf 88' lang='lat' dir='ltr'>millia</span> <span class='ocrx_word' id='word_1_296' title='bbox 617 3676 775 3734; x_wconf 89' lang='lat' dir='ltr'>bominum.</span> 
     </span>
    </p>

    <p class='ocr_par' dir='ltr' id='par_1_8' title="bbox 155 3775 1288 3861">
     <span class='ocr_line' id='line_1_34' title="bbox 155 3775 1288 3861; baseline 0.004 -27"><span class='ocrx_word' id='word_1_297' title='bbox 155 3775 194 3843; x_wconf 80' lang='grc'>19</span> <span class='ocrx_word' id='word_1_298' title='bbox 331 3780 510 3849; x_wconf 84' lang='lat' dir='ltr'>Hasdrubal,</span> <span class='ocrx_word' id='word_1_299' title='bbox 533 3781 591 3837; x_wconf 88' lang='lat' dir='ltr'>iam</span> <span class='ocrx_word' id='word_1_300' title='bbox 607 3790 682 3850; x_wconf 86' lang='lat' dir='ltr'>aute,</span> <span class='ocrx_word' id='word_1_301' title='bbox 705 3800 792 3856; x_wconf 88' lang='lat' dir='ltr'>quam</span> <span class='ocrx_word' id='word_1_302' title='bbox 815 3781 975 3851; x_wconf 88' lang='lat' dir='ltr'>dimicaret,</span> <span class='ocrx_word' id='word_1_303' title='bbox 997 3784 1122 3857; x_wconf 85' lang='lat' dir='ltr'>pecunia</span> <span class='ocrx_word' id='word_1_304' title='bbox 1143 3795 1226 3861; x_wconf 87' lang='lat' dir='ltr'>rapta</span> <span class='ocrx_word' id='word_1_305' title='bbox 1245 3782 1288 3838; x_wconf 76' lang='lat' dir='ltr'>ete·</span> 
     </span>
    </p>

    <p class='ocr_par' dir='ltr' id='par_1_9' title="bbox 157 3884 1287 3964">
     <span class='ocr_line' id='line_1_35' title="bbox 157 3884 1287 3964; baseline 0.01 -25"><span class='ocrx_word' id='word_1_306' title='bbox 157 3893 163 3906; x_wconf 96' lang='grc'><strong><em>’</em></strong></span> <span class='ocrx_word' id='word_1_307' title='bbox 249 3884 422 3959; x_wconf 89' lang='lat' dir='ltr'>phantisquc</span> <span class='ocrx_word' id='word_1_308' title='bbox 444 3885 609 3958; x_wconf 77' lang='lat' dir='ltr'>praemissis,</span> <span class='ocrx_word' id='word_1_309' title='bbox 632 3903 718 3958; x_wconf 90' lang='lat' dir='ltr'>quam</span> <span class='ocrx_word' id='word_1_310' title='bbox 734 3887 874 3962; x_wconf 89' lang='lat' dir='ltr'>plurimos</span> <span class='ocrx_word' id='word_1_311' title='bbox 888 3895 1005 3961; x_wconf 89' lang='lat' dir='ltr'>poterat</span> <span class='ocrx_word' id='word_1_312' title='bbox 1020 3888 1057 3944; x_wconf 92' lang='lat' dir='ltr'>de</span> <span class='ocrx_word' id='word_1_313' title='bbox 1076 3887 1149 3964; x_wconf 83' lang='lat' dir='ltr'>fuga</span> <span class='ocrx_word' id='word_1_314' title='bbox 1160 3889 1287 3964; x_wconf 73' lang='lat' dir='ltr'>excipiens</span> 
     </span>
    </p>

    <p class='ocr_par' dir='ltr' id='par_1_10' title="bbox 218 3989 1286 4070">
     <span class='ocr_line' id='line_1_36' title="bbox 218 3989 1286 4070; baseline -0.003 -21"><span class='ocrx_word' id='word_1_315' title='bbox 218 3995 352 4061; x_wconf 72' lang='lat' dir='ltr'>lpraeter</span> <span class='ocrx_word' id='word_1_316' title='bbox 378 3989 494 4061; x_wconf 81' lang='lat' dir='ltr'>Tagum</span> <span class='ocrx_word' id='word_1_317' title='bbox 526 3991 632 4048; x_wconf 91' lang='lat' dir='ltr'>flumen</span> <span class='ocrx_word' id='word_1_318' title='bbox 667 3991 706 4047; x_wconf 86' lang='lat' dir='ltr'>ad</span> <span class='ocrx_word' id='word_1_319' title='bbox 732 3992 904 4066; x_wconf 83' lang='lat' dir='ltr'>Pyrenaeum</span> <span class='ocrx_word' id='word_1_320' title='bbox 936 3992 1036 4050; x_wconf 88' lang='lat' dir='ltr'>tendit.</span> <span class='ocrx_word' id='word_1_321' title='bbox 1085 3992 1185 4070; x_wconf 88' lang='lat' dir='ltr'>Scipio</span> <span class='ocrx_word' id='word_1_322' title='bbox 1210 3989 1286 4050; x_wconf 79' lang='lat' dir='ltr'>currit</span> 
     </span>
    </p>
   </div>
   <div class='ocr_carea' id='block_1_5' title="bbox 0 0 1348 4560">
    <p class='ocr_par' dir='ltr' id='par_1_11' title="bbox 0 0 1348 4560">
     <span class='ocr_line' id='line_1_37' title="bbox 0 0 1348 4560; baseline 0 0"><span class='ocrx_word' id='word_1_323' title='bbox 0 0 1348 4560; x_wconf 95' lang='lat' dir='ltr'> </span> 
     </span>
    </p>
   </div>
  </div>
 </body>
</html>
