2700 4426
421 206 506 256 nun
523 206 626 258 xxrn.
663 206 858 271 (annau.)
1075 211 1129 264 ror

75 427 79 432 -
113 389 259 445 Auctores
282 400 365 447 erant
386 384 514 464 quidam,
538 400 577 448 ut
597 391 729 474 protinus
755 390 822 447 inde
843 388 952 447 Cumas
979 389 1096 446 duceret
1125 406 1173 445 ur·
1187 389 1214 471 5-

113 489 238 563 bemqne
266 504 456 567 oppugnaret.
514 495 549 550 Id
580 514 746 569 quanquam
777 497 862 554 haud
884 495 997 553 modice
1024 493 1203 551 Hannibali

118 594 265 669 cupiebat,
285 605 326 665 ut,
348 598 417 671 quia
432 599 586 673 Neapolim
609 619 666 657 non
687 609 832 675 potuerat,
854 599 964 661 Cumas
984 598 1088 660 saltem
1111 616 1174 653 ma·

112 697 240 756 ritimam
262 703 363 759 urbem
385 705 514 773 haberet,
536 714 643 775 tamen,
667 706 736 779 quia
755 715 860 781 praeter
881 723 964 762 arma
983 702 1054 761 nihil
1075 721 1173 762 seeum

111 802 194 859 miles
226 807 332 880 raptim
365 818 430 866 acto
463 810 578 884 agmine
604 810 761 880 extulerat,
792 819 870 868 retro
899 810 928 866 in
960 819 1058 866 castra
1087 825 1174 882 super

109 907 215 964 Tifata
236 927 268 968 se
294 913 411 987 recepit.
454 913 527 969 Inde
556 914 695 988 fatigatus
723 913 947 989 Campanorum·
968 914 1101 988 precibus
1128 914 1202 969 sca-7

109 1014 212 1087 quenti
241 1015 289 1072 die
323 1035 388 1074 cum
426 1017 504 1074 omni
540 1029 684 1094 apparatu
717 1019 919 1096 oppugnanda
953 1018 1031 1075 urbis
1065 1015 1173 1074 Cumas

109 1116 196 1185 redit,
224 1121 475 1196 perpopulatoque
495 1139 567 1196 agro
590 1121 733 1194 Cumano,
754 1125 832 1181 mille
852 1142 957 1199 passus
979 1122 1016 1178 ab
1038 1122 1109 1178 urbe
1125 1139 1173 1178 ca·

110 1231 172 1279 stra
193 1222 281 1294 locat,
304 1243 391 1298 quum
415 1225 566 1284 Gracchus
588 1228 681 1302 magis
712 1229 886 1286 verecundia
913 1229 943 1285 in
971 1226 1022 1283 tali
1048 1222 1204 1283 necessi-8

109 1335 172 1382 tate
194 1327 345 1386 deserendi
366 1331 460 1389 socios
475 1332 662 1406 implorantes
677 1334 763 1390 fidem
778 1353 860 1391 suam
875 1333 1034 1408 populique
1048 1330 1174 1389 Romani

107 1433 285 1490 substitisset
307 1453 394 1508 quam
417 1437 487 1494 satis
506 1437 597 1492 fidens
623 1437 770 1494 exercitui.
821 1439 885 1496 Nec
907 1437 980 1493 alter
1001 1435 1102 1492 consul
1115 1432 1203 1492 lta-e

107 1538 185 1608 bius,
207 1539 257 1613 qui
279 1539 316 1595 ad
332 1537 417 1596 Cales
439 1550 536 1597 eastra
550 1543 687 1610 habebat,
709 1542 884 1600 Vulturnum
899 1543 1007 1598 flumen
1022 1539 1173 1596 traducere

109 1643 239 1700 audebat
260 1645 426 1729 erercitum,
446 1653 605 1718 occupatus
626 1647 721 1721 primo
744 1649 880 1723 auspiciis
901 1643 1079 1721 repetendis,
1106 1640 1172 1698 dein
1188 1618 1230 1696 10*

108 1747 267 1823 prodigiis,
295 1767 360 1822 qum
392 1749 450 1805 alia
483 1767 570 1823 snper
598 1751 657 1807 alia
677 1752 897 1821 nuntiabantur;
927 1749 1112 1825 expiantique
1138 1766 1173 1803 ea

108 1852 190 1908 haud
211 1851 296 1911 facile
316 1855 394 1911 litari
417 1854 584 1930 haruspices
606 1856 829 1930 respondebant.

193 1957 246 2014 Eae
268 1976 362 2016 causae
386 1977 474 2032 quum
496 1935 621 2016 Fabium
643 1968 790 2027 tenerent,
818 1957 1008 2033 Sempronius
1036 1955 1066 2011 in
1096 1955 1172 2011 obsi·
1223 1952 1266 2020 37

108 2061 198 2119 dione
219 2073 282 2119 erat
312 2072 340 2120 et
360 2064 419 2121 iam
443 2064 579 2138 operibus
599 2064 832 2138 oppugnabatur.
874 2063 1026 2120 Adversus
1046 2059 1202 2134 ligneam2

110 2165 257 2240 ingentem
279 2167 427 2224 admotam
450 2167 514 2223 urbi
537 2167 624 2224 aliam
648 2177 756 2225 turrem
779 2186 816 2224 ex
836 2167 901 2241 ipso
931 2184 1014 2223 muro
1036 2164 1174 2223 excitavit

109 2271 214 2328 consul
233 2272 393 2340 Romanus,
408 2272 565 2346 'aliquanto
587 2272 735 2340 altiorem,
764 2271 833 2345 quia
854 2287 938 2326 muro
959 2270 1030 2326 satis
1060 2288 1113 2344 per
1142 2287 1173 2326 se

111 2375 172 2432 alto
194 2376 329 2433 subiectis
351 2377 454 2433 validis
481 2377 599 2436 sublicis
627 2396 681 2452 pro
709 2376 772 2433 solo
800 2392 869 2432 usus
891 2384 962 2433 erat.
1015 2374 1088 2430 Inde
1114 2373 1203 2448 pri-3

111 2499 192 2536 mum
225 2481 305 2538 saxis
337 2480 515 2555 sudibusque
549 2491 578 2538 et
616 2481 718 2538 ceteris
753 2480 908 2537 missilibus
941 2472 1174 2552 propugnatores

111 2585 220 2642 moenia
251 2594 339 2658 atque
370 2586 471 2641 urbem
502 2588 671 2655 tuebantur;
705 2593 863 2660 postremo,
896 2584 945 2641 ubi
974 2582 1205 2657 promovendod

109 2687 277 2744 adiunctam
299 2706 382 2746 muro
404 2690 539 2746 viderunt
557 2699 674 2757 turrem,
696 2688 809 2746 facibus
831 2688 998 2746 ardentibus
1019 2686 1173 2761 plurimum

109 2791 198 2849 simul
226 2791 322 2866 ignem
353 2794 546 2856 coniecerunt.
596 2795 662 2867 Quo
691 2793 823 2850 incendio
853 2793 967 2867 trepida
995 2795 1205 2847 armatorum5

112 2896 267 2954 multitudo
290 2914 379 2971 quum
403 2899 439 2954 de
460 2906 538 2955 turre
560 2917 623 2957 sese
647 2899 849 2973 praecipitaret,
871 2896 983 2970 eruptio
1006 2913 1044 2951 ex
1064 2893 1173 2977 oppido

111 3000 198 3057 simul
229 3002 342 3059 duabus
375 3003 467 3076 portis
510 3005 649 3060 stationes
682 3004 807 3061 hostium
840 3001 914 3058 fudit
945 2998 1116 3075 fugavitque
1145 2999 1175 3055 in

105 3116 220 3176 castra,
241 3115 274 3162 ut
295 3125 330 3164 eo
345 3108 392 3164 die
414 3109 533 3164 obsesso
555 3127 642 3182 quam
666 3107 809 3166 obsidenti
832 3105 954 3163 similior
968 3113 1043 3161 esset
1057 3095 1174 3161 Pcenus.

113 3209 179 3264 Ad‘
201 3210 291 3267 mille'
313 3213 433 3269 trecenti
470 3211 749 3287 Carthaginiensium
784 3211 850 3268 caesi
884 3219 913 3266 et
946 3209 1205 3283 undesexagintab

105 3314 173 3371 ¹vivi
195 3305 282 3389 capti,
303 3317 353 3388 qui
375 3316 453 3373 circa
474 3297 585 3373 muros
601 3327 629 3373 et
657 3319 687 3374 in
709 3317 881 3374 stationibus
910 3314 1004 3372 solute
1026 3331 1060 3368 ac
1081 3312 1174 3387 negli-

111 3427 213 3494 genter
234 3428 362 3493 sgentes,
384 3439 471 3494 quum
494 3421 565 3479 nihil
586 3423 680 3479 minus
702 3441 789 3496 quam
812 3421 990 3495 eruptionem
1005 3418 1175 3486 timuissent,

112 3525 325 3599 eximproviso
341 3526 474 3600 oppressi
488 3524 613 3584 fuerant.
656 3527 819 3596 Gracchus,
840 3526 1009 3601 priusquam
1031 3541 1063 3580 se
1077 3525 1175 3581 hostes
1188 3524 1207 3583 7.

113 3629 151 3685 ab
173 3629 322 3702 repentino
345 3650 456 3707 pavore
478 3632 653 3706 colligerent,
674 3632 802 3705 receptui
823 3631 936 3704 signum
958 3629 1038 3685 dedit
1057 3645 1175 3684 essuos

112 3732 190 3790 intra
213 3751 310 3790 muros
337 3735 457 3809 recepit.
503 3737 627 3793 Postero
661 3736 707 3792 die
728 3734 892 3803 Hannibal,
924 3734 1019 3790 lartum
1049 3731 1205 3789 seeunda8

112 3857 145 3895 re
168 3837 316 3895 consulem
336 3837 413 3896 iusto
434 3839 536 3914 proelio
558 3849 639 3897 ratus
662 3847 847 3908 certaturum,
870 3839 961 3895 aciem
983 3839 1058 3896 inter
1078 3845 1175 3894 eastra

115 3950 205 4015 atque
226 3943 326 3999 urbem
346 3943 495 4012 instruxit;
516 3951 654 4012 ceterum,
675 3946 829 4018 postquam
847 3943 989 4015 neminem
1011 3942 1121 3998 moveri
1137 3942 1205 3999 aba
