2700 4426
428 177 506 232 Libat
523 176 651 232 xxvnt
671 176 735 243 ’(Ἀ.
749 177 797 233 (ib.
808 178 881 242 2⁰5.)
1076 185 1140 250 ,lli

205 357 304 433 Scipio
316 377 415 434 quum,
435 368 468 416 ut
487 360 621 419 dilectum
631 362 767 433 haberet,
786 381 882 437 neque
895 363 1078 439 impetrasset
1092 383 1186 439 neque
1201 365 1236 422 13

119 480 298 538 magnopere
324 465 499 535 tetendisset,
520 474 553 522 ut
566 467 747 532 voluntarios
763 467 870 526 durare
887 468 943 525 sibi
961 466 1064 537 milites
1077 467 1190 538 liceret,

117 567 214 637 tepuit
237 576 280 637 et,
312 569 381 641 quia
408 571 545 645 impensae
571 580 730 645 negaverat
750 572 792 630 rei
814 572 937 648 publicae
960 571 1087 629 futuram
1109 573 1236 630 clas-14

116 687 202 739 sem,
233 682 275 741 ut,
297 690 360 746 quae
382 676 420 731 ab
442 675 528 733 sociis
551 676 689 734 darentur
710 677 747 734 ad
762 695 856 733 novas
877 675 1063 734 fabricandas
1084 694 1184 748 nares,

121 775 273 850 acciperet.
320 778 444 834 Etruria
472 781 596 854 primum
624 781 726 856 populi
752 797 806 856 pro
837 781 896 838 suis
919 781 1040 856 quisque
1060 781 1184 841 faculta-

118 879 198 936 tibus
232 882 378 939 consulem
409 884 560 942 adiuturos
585 885 720 960 polliciti,
756 883 874 944 Caerites
902 884 1077 955 frumentum
1099 888 1185 946 sociis
1200 889 1236 944 15

109 984 274 1041 ,navalibus
288 997 539 1064 commeatumque
561 991 653 1047 omnis
671 989 795 1064 generis,
816 990 1050 1065 Populonienses
1065 991 1184 1064 ferrum,

119 1089 347 1163 Tarquinienses
368 1095 458 1152 lintea
476 1095 508 1152 in
527 1095 615 1163 uela,
639 1093 827 1156 Volaterrani
853 1093 1183 1159 interemcuta'navium

119 1204 149 1250 et
171 1193 364 1267 frumentum,
396 1197 526 1255 Arretini
547 1199 604 1256 tria
624 1198 715 1256 millia
735 1207 898 1268 scutorum,
933 1198 1034 1273 galeas
1055 1201 1186 1272 totidem,
1200 1204 1236 1260 lb

110 1299 190 1373 pila,
212 1318 303 1375 gaesa,
321 1302 422 1358 hastas
443 1302 557 1376 longas,
578 1303 697 1361 millium
723 1304 934 1380 quinquaginta
953 1323 1098 1371 summam
1119 1305 1184 1380 pari

114 1407 260 1480 cuiusque
286 1407 400 1480 generis
423 1408 734 1482 numerovexpleturos
742 1451 756 1480 ,1
784 1427 917 1478 secures,
934 1469 936 1473 ,
951 1417 1047 1480 rutra,
1083 1387 1235 1482 falces,17

118 1511 267 1581 alveolos,
299 1511 407 1582 molas,
445 1520 583 1585 quantum
607 1513 636 1568 in
659 1512 853 1587 quadraginta
873 1513 977 1587 longas
998 1532 1088 1571 naves
1110 1534 1184 1591 opus

118 1625 212 1686 esset,
234 1616 321 1673 tritici
346 1623 460 1673 centum
481 1625 511 1674 et
532 1617 635 1692 viginti
657 1617 748 1674 millia
771 1616 915 1687 modium,
947 1617 1024 1675 etin
1045 1619 1183 1691 viaticum

117 1721 322 1779 decurionibus
343 1721 558 1797 remigibusque
584 1721 754 1791 collaturos;
789 1721 941 1793 Perusini,
969 1719 1096 1794 Clusini,
1119 1725 1234 1788 Ru·18

117 1825 222 1882 salleni
259 1826 368 1883 abietes
408 1827 439 1884 in
476 1827 661 1885 fabricandas
692 1843 783 1884 naves
818 1836 848 1883 et
881 1825 1018 1884 frumenti
1046 1847 1182 1903 maguum

105 1950 286 1999 numerum3
309 1931 403 1988 abiete
430 1950 466 1987 ex
486 1932 609 2006 publicis
630 1932 711 1989 silvis
735 1939 780 1989 est
802 1949 881 1989 usus.
923 1931 1061 1991 ‘Umbria
1082 1932 1183 2008 populi
1198 1934 1234 1990 19

117 2044 149 2092 et
174 2045 279 2111 praeter
304 2036 359 2106 hos
386 2036 509 2092 Nursini
526 2046 566 2094 et
595 2038 712 2095 Reatini
743 2045 772 2094 et
792 2029 969 2100 Amiternini
997 2035 1187 2110 Sabinusque.

118 2143 213 2198 omnis
236 2160 307 2217 ager
328 2140 433 2198 milites
455 2141 595 2216 polliciti,
624 2141 727 2213 Marsi,
742 2141 858 2218 Peligni
872 2139 1088 2214 Marrucinique
1100 2141 1183 2208 multi

118 2245 275 2302 voluntarii
296 2247 414 2303 nomina
435 2246 466 2304 in
487 2247 608 2305 classem
628 2246 777 2306 dederunt.
824 2246 974 2312 Camertes
989 2263 1078 2325 quum
1090 2263 1182 2319 ,aequo
1195 2247 1233 2304 20

110 2347 228 2407 >loedere
250 2368 313 2407 cum
336 2352 615 2420 Romanisessent,
644 2353 792 2410 cohortem
815 2360 959 2409 armatam
980 2360 1187 2421 sexcentorum·

118 2455 267 2512 hominurn
289 2458 438 2516 miserunt.
487 2445 622 2532 Triginta
642 2458 760 2514 navium
782 2457 897 2528 carina,
917 2456 1020 2532 viginti
1041 2457 1181 2531 quinque·
1194 2459 1230 2516 21

119 2578 224 2627 remes,
246 2560 344 2618 decem
368 2562 575 2637 quadriremes,
598 2572 687 2636 quum
702 2570 797 2619 essent
810 2562 922 2636 positae,
942 2561 1005 2636 ipse
1022 2562 1065 2618 ita
1079 2560 1183 2618 institit

120 2664 220 2737 operi,
255 2673 287 2720 ut
308 2666 355 2722 die
376 2666 600 2740 quadragesimo
623 2667 739 2739 quinto,
772 2684 859 2739 quam
884 2665 1025 2730 exsilvis
1051 2666 1181 2733 detracta

120 2769 243 2826 materia
264 2779 343 2839 erat,
379 2787 470 2826 naves
499 2769 646 2827 instructa
672 2778 850 2843 armataque
869 2769 1027 2842 inaquam
1050 2769 1207 2856 deduptaey

107 2875 185 2932 sint.
232 2875 387 2933 Profectus
408 2875 438 2931 in
460 2874 588 2934 Siciliam
610 2882 654 2930 est
674 2874 792 2949 triginta
811 2873 935 2929 navibus
949 2872 1054 2948 longis,
1076 2874 1179 2930 volun·
1233 2870 1277 2940 46

118 2979 259 3036 tariorum
283 2988 393 3054 septem
412 2978 504 3038 ferme
520 2978 645 3037 millibus
662 2979 692 3035 in
702 2996 800 3040 ‚naves
816 2977 974 3052 impositis,
1003 2978 1044 3049 Et
1053 2979 1090 3043 P.
1102 2978 1179 3048 Lici-
1193 2981 1211 3037 2

118 3085 183 3141 uias
212 3085 241 3140 in
263 3085 454 3142 Bruttiosad
477 3086 550 3142 duos
579 3084 723 3143 exercitus
744 3084 911 3147 consulares
941 3082 1028 3161 veuit.
1064 3083 1125 3151 ,Ex
1138 3083 1180 3140 -iis

116 3208 183 3246 eum
196 3190 251 3246 sibi
263 3189 394 3264 sumpsit,
409 3208 493 3264 quem
509 3190 544 3247 L.
556 3190 694 3247 Veturius
705 3188 806 3247 consul
819 3189 976 3256 habuerat;
997 3187 1125 3258 Metello,
1140 3196 1181 3258 ut,
1194 3191 1211 3247 3

120 3295 224 3368 quibus
238 3295 402 3370 praefuisset
413 3295 569 3367 lepa'onidus,
583 3296 618 3350 iis
627 3301 768 3368 preesset,
786 3291 900 3351 facilius
917 3311 981 3350 cum
994 3293 1117 3360 assuetis
1126 3293 1180 3350 im·

117 3400 285 3474 puriorem,
298 3410 444 3475 gesturum
460 3409 551 3471 ratus,
572 3399 711 3474 permisit.
750 3399 791 3456 Et
800 3407 938 3473 praetores
950 3398 1055 3455 diversi
1066 3398 1094 3466 in
1112 3417 1183 3472 pro-j
1204 3424 1206 3466 f
1287 3431 1289 3435 ·

118 3504 230 3561 vincias
242 3505 372 3580 profecti.
406 3505 445 3563 Et
457 3505 524 3579 quia
535 3504 707 3579 pecuniaad
718 3503 827 3562 bellum>
837 3505 946 3572 deerat,
964 3503 1029 3578 agri
1038 3501 1182 3577 Caurpani
1193 3502 1214 3562 4

105 3609 265 3683 regionem
278 3631 297 3667 a
311 3609 510 3669 fossaGrmca
525 3608 563 3664 ad
578 3627 659 3666 mare
669 3627 784 3666 versam
798 3608 923 3664 vendere
934 3617 1092 3681 questores
1101 3609 1182 3677 iussi,

118 3713 225 3781 indicio
238 3717 514 3791 quoquepermisso,
526 3713 731 3788 quiagereivis
739 3711 883 3788 Campani
892 3711 1002 3782 fuisset,
1013 3712 1057 3769 uti
1070 3714 1097 3782 is¹
1105 3691 1181 3789 pub·
1195 3717 1213 3771 5

105 3849 107 3853 ·
143 3832 211 3870 matu·
226 3843 250 3870 ex
265 3833 420 3882 reattslvtgtt.
446 3835 479 3872 lv.
511 3869 513 3873 ,
950 3821 981 3881 ¹2
1004 3869 1006 3873 .
1038 3867 1041 3874 -
1117 3869 1120 3880 .
1177 3856 1183 3882 t
