2700 4426
419 216 498 266 Liber
515 215 615 267 XXIII.
653 217 700 279 (A.
713 213 762 270 Ch.
778 216 852 278 216.)
905 211 907 216 ’
1070 218 1125 275 127

107 397 186 472 parti
207 407 236 454 et
259 397 304 455 vir
324 398 459 472 indIgnus
481 418 516 456 ea
531 399 697 456 calamitate
713 409 740 456 et
760 399 838 455 haud
860 416 953 472 parvo
974 398 1056 456 initio
1080 400 1168 456 minui

106 502 262 559 videbatur
282 503 327 559 ius
349 502 499 560 libertatis.
547 505 691 578 Egressus
713 503 793 560 curia
818 504 849 559 in
878 504 986 578 templo
1014 503 1199 576 magistra-5

106 615 187 664 tuum
218 606 362 671 consedit,
396 609 659 682 comprehendique
680 608 803 664 Decium
825 607 955 682 Magium
989 616 1077 681 atque
1103 616 1169 664 ante

106 714 196 788 pedes
218 712 386 782 destitutum
408 730 525 768 causam
557 713 652 768 dicere
681 711 773 771 iussit.
828 711 886 783 Qui
914 730 1012 785 quum,
1036 718 1200 771 manented

106 819 218 876 ferocia
240 816 338 886 animi,
359 826 480 890 negaret
502 817 567 892 lege
584 815 701 873 laederis
723 817 752 872 id
774 817 839 890 cogi
859 835 955 890 posse,
977 826 1037 872 tum
1059 806 1170 872 iniectis

107 933 218 981 catenae
250 921 375 994 ducique
405 932 473 978 ante
500 922 630 979 lictorem
652 922 682 977 in
711 931 808 977 castra
829 932 873 977 est
899 921 1003 977 iussus.
1064 920 1199 992 Quoad?
1224 960 1226 964 .

107 1028 203 1103 capite
223 1034 334 1102 aperto⁴
347 1035 392 1082 est
412 1028 524 1098 ductus,
552 1027 802 1084 contionabundus
823 1026 953 1094 incessit,
981 1027 1019 1082 ad
1049 1027 1169 1082 eircum-

106 1133 204 1189 fusam
231 1130 359 1206 undique
380 1131 591 1204 multitudinem
615 1130 792 1189 vociferans:
826 1132 967 1197 „Habetis
998 1133 1169 1200 libertatem,

108 1235 262 1310 Campani,
287 1254 374 1309 quam
396 1236 518 1311 petistis.
566 1237 646 1293 Foro
673 1236 786 1306 medio,
812 1235 876 1293 luce
898 1237 986 1307 clara,
1008 1237 1170 1294 videntibus

107 1341 202 1410 vobis,
226 1336 297 1397 nulli
318 1340 535 1415 Campanorum
558 1340 710 1409 secundus,
731 1340 844 1396 vinctus
860 1341 897 1396 ad
919 1349 1041 1398 mortem
1059 1343 1169 1416 rapior.

108 1447 187 1518 Quid
217 1445 370 1502 violentius
398 1455 485 1519 capta
515 1445 619 1519 Capua
649 1444 750 1501 fieret?
782 1446 828 1501 Ite
857 1447 973 1502 obviam
1003 1446 1202 1514 Hannibali,8

108 1559 250 1608 exornate
277 1551 394 1618 urbem,
421 1550 556 1623 diemque
586 1550 728 1607 adventus
751 1550 811 1606 eius
834 1552 1016 1618 consecrate,
1045 1560 1076 1606 ut
1097 1553 1172 1608 hunc

108 1656 286 1729 triumphum
309 1655 345 1710 de
368 1656 430 1711 cive
452 1665 549 1711 vestro
575 1656 740 1728 spectetis.“
786 1656 858 1710 Haec
879 1654 1061 1724 vociferanti,
1083 1656 1201 1730 quume

109 1761 221 1817 moveri
242 1758 346 1832 vulgus
367 1760 528 1828 videretur,
550 1758 718 1816 obvolutum
742 1769 830 1833 caput
857 1769 915 1828 est,
945 1760 1082 1833 ociusque
1108 1759 1172 1833 rapi

108 1875 195 1922 extra
221 1873 335 1938 portam
362 1862 466 1920 iussus.
509 1864 557 1919 Ite
584 1863 614 1919 in
645 1872 741 1920 castra
765 1864 945 1937 perducitur,
969 1863 1173 1936 extemploque

108 1969 262 2044 impositus
281 1969 311 2025 in
333 1975 436 2025 navem
467 1976 495 2022 et
516 1966 724 2042 Carthaginem
748 1969 867 2038 missus,
889 1987 935 2036 ne,
965 1977 1044 2024 motu
1074 1966 1172 2040 aliquo
1188 1972 1223 2024 10

109 2071 220 2147 Capuae
252 2091 289 2129 ex
320 2072 492 2146 indignitate
523 2073 565 2147 rei
601 2083 675 2143 orto,
708 2080 840 2127 senatum
874 2089 990 2144 quoqne
1024 2071 1174 2146 paeniteret

110 2177 200 2234 dediti
237 2176 389 2250 principis,
429 2185 466 2245 et,
505 2176 651 2250 legatione
680 2175 769 2231 missa
802 2176 840 2230 ad
871 2176 1057 2249 repetendum
1098 2194 1173 2243 eum,

109 2291 162 2339 aut
189 2281 323 2355 negando
357 2299 433 2350 rem,
466 2299 553 2354 quam
585 2283 708 2357 primam
744 2287 890 2355 peterent,
923 2276 1087 2336 offendendi
1118 2281 1173 2336 sibi

108 2386 190 2442 novii
211 2385 292 2454 socii,
314 2395 365 2442 aut
386 2386 540 2442 tribuendo
563 2387 713 2444 habendus
739 2385 849 2459 Capuae
872 2393 948 2441 esset
969 2383 1116 2439 seditionis
1139 2402 1173 2440 ac

108 2493 261 2548 turbarum
284 2499 394 2549 auctor.
438 2491 552 2547 Navem
577 2489 708 2566 Cyrenas
729 2491 831 2547 detulit
845 2497 1012 2563 tempestas,
1034 2505 1098 2561 quae
1111 2496 1172 2543 tum
1188 2490 1220 2542 11

108 2597 142 2653 in
165 2596 277 2654 dicione
297 2613 397 2669 regum
421 2603 514 2654 erant.
561 2595 608 2652 Ibi
630 2615 718 2669 quum
740 2595 858 2669 Magius
887 2595 927 2650 ad
953 2601 1080 2650 statuam
1102 2594 1173 2650 Pto-

109 2699 203 2756 lemaei
224 2699 301 2773 regis
329 2699 520 2774 confugisset,
540 2700 708 2773 deportatus
733 2720 751 2755 a
772 2698 939 2755 custodibus
954 2697 1172 2755 Alexandream

111 2805 151 2860 ad
166 2805 366 2875 Ptolemaeum,
390 2823 477 2878 quum
501 2823 566 2861 eum
588 2803 741 2872 docuisset,
764 2802 932 2859 contraius
954 2801 1071 2859 foederis
1093 2803 1174 2859 vinc-
1189 2799 1225 2853 12

111 2917 173 2964 tum
205 2907 237 2964 sb
263 2910 301 2965 ab
328 2908 495 2966 Hannibale
522 2926 600 2978 esse,
627 2908 728 2964 vinclis
754 2907 908 2976 liberatur,
935 2906 1174 2981 permissumque,

111 3019 144 3066 ut
176 3011 295 3082 rediret,
325 3032 375 3071 seu
405 3014 530 3070 Romam
561 3032 612 3070 seu
640 3011 770 3086 Capuam
800 3011 906 3068 mallet.
959 3012 1023 3068 Nec
1059 3010 1175 3084 Magius
1191 3008 1226 3062 13

112 3111 246 3188 Capuam
269 3116 322 3173 sibi
351 3127 441 3174 tutam
472 3118 568 3175 dicere
590 3127 619 3174 et
640 3119 765 3174 Romam
788 3135 822 3172 eo
847 3126 992 3189 tempore,
1023 3133 1081 3188 quo
1102 3115 1176 3171 inter

113 3219 264 3277 Romnum
294 3218 519 3296 Campanosque
555 3221 661 3278 bellum
691 3219 743 3288 sit,
774 3221 932 3296 transfuga
964 3219 1057 3294 magis
1088 3237 1174 3293 quam

111 3322 235 3395 hospitis
257 3322 320 3378 fore
342 3325 531 3394 domicilium3
553 3342 697 3397 nusquam
721 3326 808 3382 malle
830 3345 917 3400 quarn
946 3326 975 3382 in
997 3342 1087 3398 regno
1116 3322 1176 3379 eius

112 3426 222 3496 vivere,
244 3445 329 3499 quem
350 3428 493 3484 vindicem
516 3437 603 3502 atque
625 3437 774 3486 auctorem
796 3431 903 3487 habeat
924 3428 1074 3488 libertatis.
1153 3452 1157 3460 ·

196 3532 277 3588 Dum
299 3533 360 3590 hae
382 3541 534 3606 geruntur,
559 3533 597 3603 Q.
619 3533 731 3590 Fabius
752 3534 853 3591 Pictor
874 3533 987 3607 legatus
1015 3550 1033 3587 a
1054 3531 1177 3605 Delphis
1235 3522 1269 3589 ll

113 3635 240 3692 Romam
256 3636 350 3706 rediit,
365 3655 593 3711 responsumque
609 3656 646 3693 ex
660 3639 768 3711 scripto
783 3637 924 3695 recitavit.
961 3637 1032 3692 Divi
1046 3636 1177 3708 divaeque

112 3739 144 3796 in
166 3757 201 3796 eo
223 3750 316 3810 erant,
336 3741 441 3815 quibus
464 3760 580 3815 quoque
602 3741 689 3798 modo
716 3741 942 3815 supplicaretur;
964 3747 1040 3795 tum:
1064 3738 1115 3807 „si
1136 3739 1207 3797 iat

112 3842 225 3914 faxitis,
246 3845 381 3912 Romani,
402 3855 504 3902 vestrae
520 3862 567 3902 res
589 3846 722 3903 meliores
738 3844 941 3917 facilioresque
956 3852 1048 3910 erunt,
1070 3841 1176 3915 magis·

114 3965 171 4021 que
193 3965 231 4005 ex
252 3949 453 4005 sententiares
475 3949 591 4022 publica
612 3958 711 4005 vestra
732 3949 815 4006 vobis
831 3947 976 4022 procedet,
999 3947 1177 4020 victoriaque
