2704 4552
296 177 367 270 ἰιι
573 209 649 258 nono
666 207 767 258 mn.
806 207 852 268 ιιι.
868 221 892 255 ιι.
907 223 928 260 ι.
943 205 1019 271 ιιι.)

264 395 371 471 legatio
394 411 503 470 paucos
530 401 598 449 ante
626 391 688 448 dies
716 391 843 448 venisset
870 401 899 448 et
927 389 996 465 quid
1023 392 1058 449 iis
1084 392 1146 467 ipsi
1168 409 1276 465 respon

216 497 248 551 ll
264 509 341 558 sent:
369 499 465 556 hiduo
486 507 554 573 post
572 515 639 554 aum
663 497 738 553 diem
760 493 866 552 fastum
889 511 966 563 esae3
997 513 1058 552 non
1080 505 1219 556 senatum

265 623 380 662 omnem
395 603 435 661 ibi
448 601 585 672 futurum,
609 601 660 658 sed
681 608 778 658 castra
799 597 887 655 etiam
909 609 938 655 et
959 599 1122 656 exercitum
1139 599 1277 676 Campano
1315 640 1316 645 ι

216 705 251 760 12
265 709 426 776 Gracchus,
447 706 532 763 iussis
554 705 693 764 Cumanis
714 702 814 760 omnia
836 721 873 760 ax
894 704 973 779 agris
994 704 1022 760 in
1046 705 1152 761 urbam
1315 685 1316 688 Ἴ

237 823 293 878 ,οι
314 829 430 868 manere
451 810 528 868 intra
551 827 665 880 muros,
694 809 758 883 ipsa
779 809 881 884 pridie,
910 825 997 883 quam
1026 817 1138 866 statum
1162 809 1270 867 sacrifi'

217 915 250 970 ¹3
264 913 421 990 Campanis
444 924 528 984 esset,
551 913 659 972 Cumas
680 907 780 972 movet
800 923 904 972 castra.
953 913 1059 970 Hamae
1080 914 1151 972 inde
1173 916 1230 972 tria
1243 922 1289 972 nil*

264 1037 402 1094 passuum
434 1020 546 1076 absunt.
589 1021 653 1076 Iam
676 1016 820 1094 Campani
850 1037 885 1075 eo
906 1017 1072 1092 frequentes
1104 1037 1142 1075 ex
1172 1019 1282 1095 compo?
1320 1034 1321 1090 ι

265 1133 468 1193 convenerant,
490 1141 543 1181 nec
564 1124 667 1200 procul
695 1122 762 1179 inda
783 1123 813 1180 in
835 1122 948 1180 occulto
973 1123 1087 1180 Marius
1113 1125 1213 1182 Alfius
1235 1145 1289 1182 ιιιιιιι
1319 1127 1322 1188 Ι

264 1229 369 1286 tuticus
393 1232 429 1300 (ιί
444 1245 573 1285 summus
585 1228 771 1303 magistratus
786 1237 850 1284 erat
865 1225 1035 1303 Campanis)
1059 1247 1125 1284 cum
1142 1239 1259 1302 quattuo
1273 1256 1289 1277 ι.

218 1340 248 1392 ll
265 1333 319 1390 cim
343 1331 466 1390 millibus
489 1342 666 1390 armatorum
688 1333 817 1389 habebat
845 1341 955 1403 castra,
986 1333 1130 1390 sacrificio
1159 1351 1229 1409 app
1255 1360 1284 1383 ιιι

264 1447 292 1494 et
313 1438 388 1494 inter
408 1437 437 1493 id
459 1437 633 1494 instruenda
654 1437 751 1495 fraudi
778 1437 927 1512 aliquanto
947 1438 1087 1495 intentior
1119 1457 1209 1512 quam
1237 1457 1287 1494 ιιιιιι
1324 1501 1325 1506 1

215 1542 345 1604 {tendis
367 1543 473 1598 castris
497 1552 548 1600 aut
576 1543 626 1600 ulli
654 1543 771 1600 militari
798 1543 888 1617 operi.
942 1541 1100 1618 [Triduum
1134 1543 1289 1600 sachficao
1325 1590 1326 1608 ,

264 1647 301 1702 ad
316 1643 456 1721 Hamus]
480 1648 662 1704 Nocturnum
679 1656 742 1703 arat
763 1664 886 1715 sacrum,
909 1647 951 1704 ita
972 1657 1004 1703 ut
1025 1656 1093 1704 anta
1112 1649 1237 1706 madiam
1254 1669 1291 1706 ιιιι
1326 1702 1327 1732 p

216 1761 250 1816 16
264 1759 320 1806 tam
344 1751 545 1826 compleretur.
574 1750 670 1807 ·Huic
694 1749 848 1808 Gracchus
871 1750 1066 1807 insidiandum
1089 1755 1217 1829 tempori
1237 1763 1290 1810 ratu
1325 1812 1327 1843 ,

263 1855 429 1913 custodibus
452 1857 489 1912 ad
511 1865 612 1930 portas
632 1854 749 1929 positis,
780 1855 902 1927 nequis
924 1856 1074 1912 enuntiare
1101 1867 1205 1930 posset
1224 1869 1289 1931 coept

263 1969 291 2017 at
314 1978 333 2016 a
354 1960 466 2018 decima
495 1961 551 2018 dici
578 1961 652 2017 hora
680 1959 789 2017 coactis
818 1959 954 2017 militibus
978 1977 1104 2035 corpora
1126 1979 1229 2019 curare
1246 1980 1287 2017 sou

215 2075 358 2140 ltneque
380 2083 499 2140 operam
522 2065 607 2132 dare,
635 2073 667 2120 ut
687 2062 790 2138 primis
811 2063 937 2120 tenebris
967 2067 1123 2124 convenire
1152 2067 1189 2122 ad
1214 2065 1295 2140 anigno

213 2178 248 2233 18
260 2177 388 2243 possent,
409 2169 509 2242 vigilia
529 2167 621 2225 ferme
641 2167 737 2242 prima
759 2167 821 2224 tolli
841 2159 926 2224 iussit
946 2170 1045 2244 signa,
1075 2170 1229 2246 silentique
1251 2189 1287 2244 p·

260 2271 353 2329 lactus
375 2273 489 2346 agmine
511 2291 599 2346 quum
615 2273 653 2329 ad
667 2273 781 2328 Hamas
803 2272 900 2329 modia
920 2284 1005 2331 nocte
1019 2260 1209 2350 peruenisset,
1246 2298 1279 2323 ,τι

260 2377 414 2452 Campana
443 2387 474 2434 ut
498 2378 527 2434 in
549 2376 701 2452 pervigilio
714 2363 717 2372 ’
730 2377 862 2450 neglecta
889 2378 974 2435 simul
1003 2379 1139 2436 omnibus
1165 2379 1250 2455 portia
1267 2378 1303 2432 in·

260 2481 355 2550 vadit;
389 2482 460 2538 alios
493 2502 595 2540 somno
625 2489 749 2550 stratos,
779 2481 852 2538 alios
883 2492 1051 2557 perpetrato
1084 2501 1171 2541 sucro
1200 2485 1303 2540 inermes

211 2589 246 2644 19
260 2583 410 2642 redeuntes
444 2589 606 2645 obtruncat.
660 2586 818 2643 Hominum
852 2605 887 2643 eo
919 2587 1042 2644 tumultu
1074 2599 1216 2646 nocturno
1243 2602 1306 2642 casu

259 2688 324 2763 plus
346 2678 403 2746 duo
426 2691 516 2747 millia
540 2707 604 2746 cum
632 2687 697 2763 ipso
720 2689 793 2747 duce
815 2691 911 2747 Mario
939 2692 1032 2762 Alfl03
1064 2693 1169 2769 capti*
1192 2701 1218 2749 et
1236 2691 1303 2764 sigon

260 2793 395 2851 militaria
417 2804 554 2869 quattuor
576 2803 605 2851 et
625 2783 758 2867 triginta.¹

164 2896 209 2964 36
342 2898 494 2958 Gracchus
518 2899 612 2956 minus
634 2909 746 2956 cautum
776 2898 897 2955 militum
924 2900 1036 2957 iactura
1064 2902 1170 2959 castris
1197 2899 1298 2958 bostium

258 3003 366 3077 potitus
389 3003 497 3062 Cumas
521 3022 553 3060 se
576 3021 700 3077 propere
721 3003 838 3078 recapit,
856 3003 894 3059 al)
915 3004 1083 3061 Hannibale
1104 3015 1245 3073 metuens,
1263 3001 1298 3074 qui

228 3115 346 3183 2supar
369 3108 501 3185 Capuam
527 3110 556 3166 in
578 3108 686 3167 Tifatis
707 3109 835 3166 habebat
857 3119 961 3168 castra.
1010 3110 1074 3166 Nec
1102 3129 1169 3168 eum
1198 3107 1297 3186 provido

258 3211 346 3269 futuri
367 3213 469 3270 fefellit
491 3213 599 3288 opinio.
643 3214 720 3270 Nam
744 3213 829 3270 simul
852 3212 983 3288 Capuam
1006 3232 1042 3269 aa
1064 3213 1162 3272 cladas
1186 3225 1228 3272 ast
1244 3230 1297 3269 nun·

258 3317 338 3388 tiata,
359 3328 439 3374 ratus
454 3317 613 3385 Hannibal,
635 3317 672 3374 ab
694 3336 727 3374 ra
747 3318 820 3374 bene
841 3327 925 3392 gesta
944 3317 1101 3374 insolenter
1121 3319 1218 3376 laetum
1237 3333 1298 3374 excr-

258 3420 491 3480 citumttironum
513 3439 621 3497 magua
642 3439 680 3478 ex
700 3431 784 3495 parta
805 3431 831 3478 ct
851 3439 1000 3480 servorum
1023 3422 1196 3496 spoliantem
1228 3422 1299 3478 victos

228 3531 244 3585 3
256 3526 428 3602 praedasque
449 3519 582 3602 agentem
605 3526 643 3584 ad
663 3527 778 3584 Hamas
800 3545 831 3583 se
853 3527 1050 3595 inventurum,
1073 3527 1192 3584 citatum
1216 3540 1299 3601 ngmffl

258 3639 362 3706 praeter
382 3629 516 3707 Capuam
537 3632 629 3706 rapit,
653 3631 813 3705 obviosque
842 3649 879 3688 ex
907 3630 978 3704 fuga
1002 3629 1220 3713 Campanorum
1247 3631 1300 3685 dato

227 3734 392 3810 cpraesidio
414 3735 547 3812 Capuam
570 3736 650 3807 duci,
672 3735 787 3794 saucios
814 3735 953 3793 vehiculis
981 3735 1093 3811 portari
1118 3737 1208 3796 iubet.
1248 3735 1301 3808 lpse

257 3841 362 3897 Hamis
384 3857 478 3898 vacua
497 3842 534 3899 ab
556 3841 687 3899 hostibus
709 3849 806 3898 castra
826 3825 879 3898 nac
902 3840 1056 3914 quicquam
1078 3851 1185 3915 praetor
1198 3836 1302 3896 manha

257 3937 378 4018 vastigia
414 3944 500 4002 cadis
533 3953 682 4018 strataque
717 3946 825 4018 passim
863 3961 988 4018 corpora
1020 3945 1166 4002 sociorum
1198 3942 1301 4001 invonit.

1326 1956 1328 1987 l
