<?xml version="1.0" encoding="UTF-8"?>
<!DOCTYPE html PUBLIC "-//W3C//DTD XHTML 1.0 Transitional//EN"
    "http://www.w3.org/TR/xhtml1/DTD/xhtml1-transitional.dtd">
<html xmlns="http://www.w3.org/1999/xhtml" xml:lang="en" lang="en">
 <head>
  <title>
</title>
<meta http-equiv="Content-Type" content="text/html;charset=utf-8" />
  <meta name='ocr-system' content='tesseract 3.04.00' />
  <meta name='ocr-capabilities' content='ocr_page ocr_carea ocr_par ocr_line ocrx_word'/>
</head>
<body>
  <div class='ocr_page' id='page_1' title='image "./titiliviihistor01ussigoog/titiliviihistor01ussigoog_0073.png"; bbox 0 0 2812 4556; ppageno 0'>
   <div class='ocr_carea' id='block_1_1' title="bbox 317 241 1009 304">
    <p class='ocr_par' dir='ltr' id='par_1_1' title="bbox 317 241 1009 304">
     <span class='ocr_line' id='line_1_1' title="bbox 317 241 1009 304; baseline -0.003 -12"><span class='ocrx_word' id='word_1_1' title='bbox 317 247 355 304; x_wconf 79' lang='lat'><strong>32</strong></span> <span class='ocrx_word' id='word_1_2' title='bbox 601 242 679 292; x_wconf 85' lang='lat' dir='ltr'><strong>Liber</strong></span> <span class='ocrx_word' id='word_1_3' title='bbox 697 242 772 294; x_wconf 82' lang='lat' dir='ltr'>XXI.</span> <span class='ocrx_word' id='word_1_4' title='bbox 809 242 853 304; x_wconf 88' lang='lat' dir='ltr'><strong>(A.</strong></span> <span class='ocrx_word' id='word_1_5' title='bbox 866 257 891 295; x_wconf 83' lang='lat' dir='ltr'><strong>n.</strong></span> <span class='ocrx_word' id='word_1_6' title='bbox 903 257 925 295; x_wconf 86' lang='lat' dir='ltr'><strong>e.</strong></span> <span class='ocrx_word' id='word_1_7' title='bbox 938 241 1009 303; x_wconf 82' lang='grc'>536.)</span> 
     </span>
    </p>
   </div>
   <div class='ocr_carea' id='block_1_2' title="bbox 94 424 1385 4078">
    <p class='ocr_par' dir='ltr' id='par_1_2' title="bbox 94 424 1385 3225">
     <span class='ocr_line' id='line_1_2' title="bbox 276 424 1355 500; baseline -0.004 -16"><span class='ocrx_word' id='word_1_8' title='bbox 276 427 353 485; x_wconf 86' lang='lat' dir='ltr'><strong>data.</strong></span> <span class='ocrx_word' id='word_1_9' title='bbox 391 425 503 482; x_wconf 83' lang='lat' dir='ltr'><strong>Triduo</strong></span> <span class='ocrx_word' id='word_1_10' title='bbox 525 424 591 482; x_wconf 86' lang='lat' dir='ltr'><strong>inde</strong></span> <span class='ocrx_word' id='word_1_11' title='bbox 614 425 652 481; x_wconf 88' lang='lat' dir='ltr'><strong>ad</strong></span> <span class='ocrx_word' id='word_1_12' title='bbox 674 425 793 500; x_wconf 84' lang='lat' dir='ltr'><strong>planum</strong></span> <span class='ocrx_word' id='word_1_13' title='bbox 815 426 994 496; x_wconf 76' lang='lat' dir='ltr'>descensum,</span> <span class='ocrx_word' id='word_1_14' title='bbox 1014 427 1119 483; x_wconf 85' lang='lat' dir='ltr'><strong>iamet</strong></span> <span class='ocrx_word' id='word_1_15' title='bbox 1138 426 1222 484; x_wconf 87' lang='lat' dir='ltr'><strong>loeis</strong></span> <span class='ocrx_word' id='word_1_16' title='bbox 1240 424 1355 482; x_wconf 90' lang='lat' dir='ltr'><strong>mollio·</strong></span> 
     </span>
     <span class='ocr_line' id='line_1_3' title="bbox 275 531 746 606; baseline 0 -17"><span class='ocrx_word' id='word_1_17' title='bbox 275 533 354 589; x_wconf 89' lang='lat' dir='ltr'><strong>ribus</strong></span> <span class='ocrx_word' id='word_1_18' title='bbox 376 539 405 588; x_wconf 90' lang='lat' dir='ltr'><strong>et</strong></span> <span class='ocrx_word' id='word_1_19' title='bbox 428 531 593 590; x_wconf 81' lang='lat' dir='ltr'><strong>areolarum</strong></span> <span class='ocrx_word' id='word_1_20' title='bbox 613 531 746 606; x_wconf 82' lang='lat' dir='ltr'><strong>ingeniis.</strong></span> 
     </span>
     <span class='ocr_line' id='line_1_4' title="bbox 94 634 1383 712; baseline -0.002 -19"><span class='ocrx_word' id='word_1_21' title='bbox 94 705 99 712; x_wconf 26' lang='lat'>¹</span> <span class='ocrx_word' id='word_1_22' title='bbox 180 635 227 704; x_wconf 80' lang='grc'><strong>38</strong></span> <span class='ocrx_word' id='word_1_23' title='bbox 359 636 427 693; x_wconf 84' lang='lat' dir='ltr'><strong>Hoo</strong></span> <span class='ocrx_word' id='word_1_24' title='bbox 458 637 585 695; x_wconf 86' lang='lat' dir='ltr'><strong>maxime</strong></span> <span class='ocrx_word' id='word_1_25' title='bbox 621 637 708 694; x_wconf 87' lang='lat' dir='ltr'><strong>modo</strong></span> <span class='ocrx_word' id='word_1_26' title='bbox 740 635 783 692; x_wconf 92' lang='lat' dir='ltr'><strong>in·</strong></span> <span class='ocrx_word' id='word_1_27' title='bbox 798 634 915 692; x_wconf 88' lang='lat' dir='ltr'><strong>Italiam</strong></span> <span class='ocrx_word' id='word_1_28' title='bbox 943 644 1113 710; x_wconf 87' lang='lat' dir='ltr'><strong>perventum</strong></span> <span class='ocrx_word' id='word_1_29' title='bbox 1144 646 1210 708; x_wconf 83' lang='lat' dir='ltr'><strong>est,</strong></span> <span class='ocrx_word' id='word_1_30' title='bbox 1254 635 1356 710; x_wconf 88' lang='lat' dir='ltr'><strong>quinto</strong></span> <span class='ocrx_word' id='word_1_31' title='bbox 1381 640 1383 671; x_wconf 65' lang='lat'>³</span> 
     </span>
     <span class='ocr_line' id='line_1_5' title="bbox 277 739 1384 826; baseline -0.004 -28"><span class='ocrx_word' id='word_1_32' title='bbox 277 760 374 799; x_wconf 88' lang='lat' dir='ltr'><strong>mense</strong></span> <span class='ocrx_word' id='word_1_33' title='bbox 396 760 414 798; x_wconf 84' lang='lat' dir='ltr'><strong>a</strong></span> <span class='ocrx_word' id='word_1_34' title='bbox 437 739 615 816; x_wconf 78' lang='lat' dir='ltr'><strong>Carthagine</strong></span> <span class='ocrx_word' id='word_1_35' title='bbox 636 741 740 809; x_wconf 88' lang='lat' dir='ltr'><strong>Nova,</strong></span> <span class='ocrx_word' id='word_1_36' title='bbox 769 741 939 814; x_wconf 82' lang='lat' dir='ltr'><strong>etquidem</strong></span> <span class='ocrx_word' id='word_1_37' title='bbox 968 751 1102 798; x_wconf 77' lang='lat' dir='ltr'><strong>auctores</strong></span> <span class='ocrx_word' id='word_1_38' title='bbox 1126 751 1212 811; x_wconf 89' lang='lat' dir='ltr'><strong>sunt,</strong></span> <span class='ocrx_word' id='word_1_39' title='bbox 1252 741 1356 815; x_wconf 89' lang='lat' dir='ltr'><strong>quinto</strong></span> <span class='ocrx_word' id='word_1_40' title='bbox 1383 794 1384 826; x_wconf 50' lang='lat'>3</span> 
     </span>
     <span class='ocr_line' id='line_1_6' title="bbox 247 835 1385 923; baseline -0.009 -15"><span class='ocrx_word' id='word_1_41' title='bbox 247 845 388 908; x_wconf 83' lang='lat' dir='ltr'><strong>2deeimo</strong></span> <span class='ocrx_word' id='word_1_42' title='bbox 416 847 462 902; x_wconf 87' lang='lat' dir='ltr'><strong>dis</strong></span> <span class='ocrx_word' id='word_1_43' title='bbox 490 845 617 920; x_wconf 85' lang='lat' dir='ltr'><strong>Alpibus</strong></span> <span class='ocrx_word' id='word_1_44' title='bbox 647 843 800 918; x_wconf 86' lang='lat' dir='ltr'><strong>superatis.</strong></span> <span class='ocrx_word' id='word_1_45' title='bbox 849 843 974 916; x_wconf 78' lang='lat' dir='ltr'><strong>Quantae</strong></span> <span class='ocrx_word' id='word_1_46' title='bbox 995 845 1085 919; x_wconf 79' lang='lat' dir='ltr'><strong>eopia</strong></span> <span class='ocrx_word' id='word_1_47' title='bbox 1106 855 1309 923; x_wconf 84' lang='lat' dir='ltr'><strong>transgresso</strong></span> <span class='ocrx_word' id='word_1_48' title='bbox 1331 845 1356 900; x_wconf 93' lang='lat' dir='ltr'><strong>in</strong></span> <span class='ocrx_word' id='word_1_49' title='bbox 1382 835 1385 904; x_wconf 86' lang='lat' dir='ltr'><strong>l</strong></span> 
     </span>
     <span class='ocr_line' id='line_1_7' title="bbox 276 947 1355 1022; baseline -0.006 -14"><span class='ocrx_word' id='word_1_50' title='bbox 276 951 393 1008; x_wconf 85' lang='lat' dir='ltr'><strong>ltaliam</strong></span> <span class='ocrx_word' id='word_1_51' title='bbox 416 949 575 1006; x_wconf 80' lang='lat' dir='ltr'><strong>Hannibali</strong></span> <span class='ocrx_word' id='word_1_52' title='bbox 597 947 718 1017; x_wconf 82' lang='lat' dir='ltr'><strong>fuerint,</strong></span> <span class='ocrx_word' id='word_1_53' title='bbox 749 967 936 1022; x_wconf 89' lang='lat' dir='ltr'><strong>nequaquam</strong></span> <span class='ocrx_word' id='word_1_54' title='bbox 962 950 1037 1007; x_wconf 90' lang='lat' dir='ltr'><strong>inter</strong></span> <span class='ocrx_word' id='word_1_55' title='bbox 1064 961 1198 1009; x_wconf 75' lang='lat' dir='ltr'><strong>auctores</strong></span> <span class='ocrx_word' id='word_1_56' title='bbox 1218 961 1355 1014; x_wconf 74' lang='lat' dir='ltr'><strong>,constat</strong></span> 
     </span>
     <span class='ocr_line' id='line_1_8' title="bbox 277 1053 1354 1131; baseline -0.004 -18"><span class='ocrx_word' id='word_1_57' title='bbox 277 1056 335 1130; x_wconf 78' lang='lat' dir='ltr'><strong>Qui</strong></span> <span class='ocrx_word' id='word_1_58' title='bbox 356 1055 522 1131; x_wconf 85' lang='lat' dir='ltr'><strong>plurimum,</strong></span> <span class='ocrx_word' id='word_1_59' title='bbox 545 1061 658 1110; x_wconf 87' lang='lat' dir='ltr'><strong>centnm</strong></span> <span class='ocrx_word' id='word_1_60' title='bbox 681 1053 772 1110; x_wconf 88' lang='lat' dir='ltr'><strong>millia</strong></span> <span class='ocrx_word' id='word_1_61' title='bbox 801 1054 945 1128; x_wconf 84' lang='lat' dir='ltr'><strong>peditum,</strong></span> <span class='ocrx_word' id='word_1_62' title='bbox 975 1056 1077 1130; x_wconf 85' lang='lat' dir='ltr'><strong>viginti</strong></span> <span class='ocrx_word' id='word_1_63' title='bbox 1099 1055 1233 1131; x_wconf 88' lang='lat' dir='ltr'><strong>equitnm</strong></span> <span class='ocrx_word' id='word_1_64' title='bbox 1263 1054 1354 1112; x_wconf 87' lang='lat' dir='ltr'><strong>fuisse</strong></span> 
     </span>
     <span class='ocr_line' id='line_1_9' title="bbox 277 1155 1353 1235; baseline -0.006 -17"><span class='ocrx_word' id='word_1_65' title='bbox 277 1160 419 1229; x_wconf 82' lang='lat' dir='ltr'><strong>scribunt3</strong></span> <span class='ocrx_word' id='word_1_66' title='bbox 453 1159 501 1232; x_wconf 92' lang='lat' dir='ltr'><strong>qni</strong></span> <span class='ocrx_word' id='word_1_67' title='bbox 523 1156 690 1226; x_wconf 89' lang='lat' dir='ltr'><strong>minimum,</strong></span> <span class='ocrx_word' id='word_1_68' title='bbox 719 1155 820 1230; x_wconf 85' lang='lat' dir='ltr'><strong>viginti</strong></span> <span class='ocrx_word' id='word_1_69' title='bbox 844 1158 934 1216; x_wconf 83' lang='lat' dir='ltr'><strong>millia</strong></span> <span class='ocrx_word' id='word_1_70' title='bbox 956 1160 1100 1235; x_wconf 83' lang='lat' dir='ltr'><strong>peditum,</strong></span> <span class='ocrx_word' id='word_1_71' title='bbox 1129 1179 1182 1216; x_wconf 86' lang='lat' dir='ltr'><strong>sex</strong></span> <span class='ocrx_word' id='word_1_72' title='bbox 1204 1159 1353 1234; x_wconf 85' lang='lat' dir='ltr'><strong>equitum.</strong></span> 
     </span>
     <span class='ocr_line' id='line_1_10' title="bbox 247 1261 1352 1337; baseline -0.003 -17"><span class='ocrx_word' id='word_1_73' title='bbox 247 1265 312 1322; x_wconf 77' lang='lat' dir='ltr'><strong>aL.</strong></span> <span class='ocrx_word' id='word_1_74' title='bbox 335 1262 451 1322; x_wconf 82' lang='lat' dir='ltr'><strong>Cincius</strong></span> <span class='ocrx_word' id='word_1_75' title='bbox 484 1262 663 1330; x_wconf 77' lang='lat' dir='ltr'><strong>Alimentus,</strong></span> <span class='ocrx_word' id='word_1_76' title='bbox 697 1261 746 1333; x_wconf 90' lang='lat' dir='ltr'><strong>qui</strong></span> <span class='ocrx_word' id='word_1_77' title='bbox 768 1271 884 1337; x_wconf 81' lang='lat' dir='ltr'><strong>captum</strong></span> <span class='ocrx_word' id='word_1_78' title='bbox 912 1282 943 1321; x_wconf 92' lang='lat' dir='ltr'><strong>se</strong></span> <span class='ocrx_word' id='word_1_79' title='bbox 972 1267 1010 1322; x_wconf 88' lang='lat' dir='ltr'><strong>ab</strong></span> <span class='ocrx_word' id='word_1_80' title='bbox 1039 1265 1207 1324; x_wconf 82' lang='lat' dir='ltr'><strong>Hannibale</strong></span> <span class='ocrx_word' id='word_1_81' title='bbox 1237 1262 1352 1328; x_wconf 84' lang='lat' dir='ltr'><strong>scribit,</strong></span> 
     </span>
     <span class='ocr_line' id='line_1_11' title="bbox 277 1365 1351 1433; baseline -0.003 -7"><span class='ocrx_word' id='word_1_82' title='bbox 277 1369 403 1426; x_wconf 85' lang='lat' dir='ltr'><strong>maxime</strong></span> <span class='ocrx_word' id='word_1_83' title='bbox 425 1387 467 1424; x_wconf 83' lang='lat' dir='ltr'><strong>me</strong></span> <span class='ocrx_word' id='word_1_84' title='bbox 489 1374 591 1424; x_wconf 82' lang='lat' dir='ltr'><strong>auctor</strong></span> <span class='ocrx_word' id='word_1_85' title='bbox 613 1375 756 1433; x_wconf 87' lang='lat' dir='ltr'><strong>moveret,</strong></span> <span class='ocrx_word' id='word_1_86' title='bbox 780 1367 836 1424; x_wconf 91' lang='lat' dir='ltr'><strong>nisi</strong></span> <span class='ocrx_word' id='word_1_87' title='bbox 861 1367 1050 1426; x_wconf 79' lang='lat' dir='ltr'><strong>confunderet</strong></span> <span class='ocrx_word' id='word_1_88' title='bbox 1071 1389 1221 1427; x_wconf 89' lang='lat' dir='ltr'><strong>numerum</strong></span> <span class='ocrx_word' id='word_1_89' title='bbox 1252 1365 1351 1426; x_wconf 82' lang='lat' dir='ltr'><strong>Gallis</strong></span> 
     </span>
     <span class='ocr_line' id='line_1_12' title="bbox 246 1470 1348 1548; baseline -0.005 -18"><span class='ocrx_word' id='word_1_90' title='bbox 246 1473 492 1547; x_wconf 82' lang='lat' dir='ltr'><strong>4Liguribusqne</strong></span> <span class='ocrx_word' id='word_1_91' title='bbox 514 1470 633 1539; x_wconf 84' lang='lat' dir='ltr'><strong>additis3</strong></span> <span class='ocrx_word' id='word_1_92' title='bbox 656 1488 721 1527; x_wconf 82' lang='lat' dir='ltr'><strong>eum</strong></span> <span class='ocrx_word' id='word_1_93' title='bbox 743 1470 788 1526; x_wconf 91' lang='lat' dir='ltr'><strong>bis</strong></span> <span class='ocrx_word' id='word_1_94' title='bbox 805 1473 953 1547; x_wconf 83' lang='lat' dir='ltr'><strong>octoginta</strong></span> <span class='ocrx_word' id='word_1_95' title='bbox 967 1473 1058 1530; x_wconf 89' lang='lat' dir='ltr'><strong>millia</strong></span> <span class='ocrx_word' id='word_1_96' title='bbox 1078 1473 1218 1548; x_wconf 88' lang='lat' dir='ltr'><strong>peditum,</strong></span> <span class='ocrx_word' id='word_1_97' title='bbox 1245 1473 1348 1528; x_wconf 88' lang='lat' dir='ltr'><strong>deoem</strong></span> 
     </span>
     <span class='ocr_line' id='line_1_13' title="bbox 277 1575 1349 1652; baseline -0.005 -18"><span class='ocrx_word' id='word_1_98' title='bbox 277 1578 405 1652; x_wconf 89' lang='lat' dir='ltr'><strong>equitum</strong></span> <span class='ocrx_word' id='word_1_99' title='bbox 424 1576 563 1643; x_wconf 61' lang='lat' dir='ltr'><strong>adductum</strong></span> <span class='ocrx_word' id='word_1_100' title='bbox 586 1575 628 1647; x_wconf 84' lang='lat' dir='ltr'><strong>(in</strong></span> <span class='ocrx_word' id='word_1_101' title='bbox 650 1575 739 1632; x_wconf 87' lang='lat' dir='ltr'><strong>Italia</strong></span> <span class='ocrx_word' id='word_1_102' title='bbox 760 1577 853 1650; x_wconf 87' lang='lat' dir='ltr'><strong>magis</strong></span> <span class='ocrx_word' id='word_1_103' title='bbox 875 1576 1024 1636; x_wconf 87' lang='lat' dir='ltr'><strong>affluxisse</strong></span> <span class='ocrx_word' id='word_1_104' title='bbox 1045 1578 1214 1635; x_wconf 86' lang='lat' dir='ltr'><strong>verisimile</strong></span> <span class='ocrx_word' id='word_1_105' title='bbox 1240 1585 1301 1646; x_wconf 86' lang='lat' dir='ltr'><strong>est,</strong></span> <span class='ocrx_word' id='word_1_106' title='bbox 1324 1583 1349 1630; x_wconf 92' lang='lat' dir='ltr'><strong>et</strong></span> 
     </span>
     <span class='ocr_line' id='line_1_14' title="bbox 247 1679 1345 1755; baseline -0.005 -16"><span class='ocrx_word' id='word_1_107' title='bbox 247 1682 317 1739; x_wconf 79' lang='lat' dir='ltr'><strong>bita</strong></span> <span class='ocrx_word' id='word_1_108' title='bbox 343 1680 460 1755; x_wconf 87' lang='lat' dir='ltr'><strong>quidam</strong></span> <span class='ocrx_word' id='word_1_109' title='bbox 484 1687 617 1736; x_wconf 81' lang='lat' dir='ltr'><strong>auctores</strong></span> <span class='ocrx_word' id='word_1_110' title='bbox 643 1679 735 1754; x_wconf 84' lang='lat' dir='ltr'><strong>sunt;)</strong></span> <span class='ocrx_word' id='word_1_111' title='bbox 758 1699 795 1736; x_wconf 86' lang='lat' dir='ltr'><strong>ex</strong></span> <span class='ocrx_word' id='word_1_112' title='bbox 817 1680 881 1755; x_wconf 90' lang='lat' dir='ltr'><strong>ipso</strong></span> <span class='ocrx_word' id='word_1_113' title='bbox 903 1692 1001 1740; x_wconf 87' lang='lat' dir='ltr'><strong>autem</strong></span> <span class='ocrx_word' id='word_1_114' title='bbox 1029 1683 1145 1740; x_wconf 87' lang='lat' dir='ltr'><strong>audisse</strong></span> <span class='ocrx_word' id='word_1_115' title='bbox 1166 1679 1345 1744; x_wconf 84' lang='lat' dir='ltr'><strong>Hannibale,</strong></span> 
     </span>
     <span class='ocr_line' id='line_1_15' title="bbox 276 1782 1344 1868; baseline -0.004 -25"><span class='ocrx_word' id='word_1_116' title='bbox 276 1794 432 1862; x_wconf 87' lang='lat' dir='ltr'><strong>postquam</strong></span> <span class='ocrx_word' id='word_1_117' title='bbox 463 1785 637 1842; x_wconf 86' lang='lat' dir='ltr'><strong>Rhodanum</strong></span> <span class='ocrx_word' id='word_1_118' title='bbox 665 1782 825 1868; x_wconf 86' lang='lat' dir='ltr'><strong>transierit,</strong></span> <span class='ocrx_word' id='word_1_119' title='bbox 854 1786 972 1862; x_wconf 76' lang='lat' dir='ltr'><strong>triginta</strong></span> <span class='ocrx_word' id='word_1_120' title='bbox 1001 1806 1054 1846; x_wconf 84' lang='lat' dir='ltr'><strong>sex</strong></span> <span class='ocrx_word' id='word_1_121' title='bbox 1081 1787 1171 1846; x_wconf 88' lang='lat' dir='ltr'><strong>millia</strong></span> <span class='ocrx_word' id='word_1_122' title='bbox 1191 1787 1344 1845; x_wconf 89' lang='lat' dir='ltr'><strong>hominum</strong></span> 
     </span>
     <span class='ocr_line' id='line_1_16' title="bbox 244 1889 1343 1966; baseline -0.006 -14"><span class='ocrx_word' id='word_1_123' title='bbox 244 1937 247 1952; x_wconf 90' lang='lat'><em>.</em></span> <span class='ocrx_word' id='word_1_124' title='bbox 276 1890 479 1966; x_wconf 77' lang='lat' dir='ltr'><strong>ingentemque</strong></span> <span class='ocrx_word' id='word_1_125' title='bbox 501 1906 652 1946; x_wconf 88' lang='lat' dir='ltr'><strong>numerum</strong></span> <span class='ocrx_word' id='word_1_126' title='bbox 675 1906 814 1963; x_wconf 90' lang='lat' dir='ltr'><strong>equorum</strong></span> <span class='ocrx_word' id='word_1_127' title='bbox 845 1901 873 1948; x_wconf 85' lang='lat' dir='ltr'><strong>et</strong></span> <span class='ocrx_word' id='word_1_128' title='bbox 903 1893 1023 1950; x_wconf 86' lang='lat' dir='ltr'><strong>aliorum</strong></span> <span class='ocrx_word' id='word_1_129' title='bbox 1052 1892 1246 1950; x_wconf 87' lang='lat' dir='ltr'><strong>iumentorum</strong></span> <span class='ocrx_word' id='word_1_130' title='bbox 1272 1889 1343 1946; x_wconf 87' lang='lat' dir='ltr'><strong>ami·</strong></span> 
     </span>
     <span class='ocr_line' id='line_1_17' title="bbox 276 1991 1341 2072; baseline -0.006 -18"><span class='ocrx_word' id='word_1_131' title='bbox 276 1997 360 2054; x_wconf 87' lang='lat' dir='ltr'><strong>sisse.</strong></span> <span class='ocrx_word' id='word_1_132' title='bbox 421 1993 545 2054; x_wconf 83' lang='lat' dir='ltr'><strong>Taurini</strong></span> <span class='ocrx_word' id='word_1_133' title='bbox 568 1993 719 2068; x_wconf 84' lang='lat' dir='ltr'><strong>Semigalli</strong></span> <span class='ocrx_word' id='word_1_134' title='bbox 750 1995 886 2068; x_wconf 86' lang='lat' dir='ltr'><strong>proxima</strong></span> <span class='ocrx_word' id='word_1_135' title='bbox 911 2015 982 2072; x_wconf 88' lang='lat' dir='ltr'><strong>gens</strong></span> <span class='ocrx_word' id='word_1_136' title='bbox 1012 2007 1074 2056; x_wconf 86' lang='lat' dir='ltr'><strong>erat</strong></span> <span class='ocrx_word' id='word_1_137' title='bbox 1095 1999 1125 2054; x_wconf 92' lang='lat' dir='ltr'><strong>in</strong></span> <span class='ocrx_word' id='word_1_138' title='bbox 1146 1993 1266 2054; x_wconf 85' lang='lat' dir='ltr'><strong>Italiam</strong></span> <span class='ocrx_word' id='word_1_139' title='bbox 1296 1991 1341 2048; x_wconf 85' lang='lat' dir='ltr'><strong>de-</strong></span> 
     </span>
     <span class='ocr_line' id='line_1_18' title="bbox 246 2097 1340 2177; baseline -0.004 -19"><span class='ocrx_word' id='word_1_140' title='bbox 246 2103 386 2175; x_wconf 75' lang='lat' dir='ltr'><strong>igresso.</strong></span> <span class='ocrx_word' id='word_1_141' title='bbox 434 2099 469 2156; x_wconf 86' lang='lat' dir='ltr'><strong>Id</strong></span> <span class='ocrx_word' id='word_1_142' title='bbox 493 2117 582 2173; x_wconf 89' lang='lat' dir='ltr'><strong>quum</strong></span> <span class='ocrx_word' id='word_1_143' title='bbox 603 2099 678 2156; x_wconf 88' lang='lat' dir='ltr'><strong>inter</strong></span> <span class='ocrx_word' id='word_1_144' title='bbox 700 2116 800 2156; x_wconf 89' lang='lat' dir='ltr'><strong>omnes</strong></span> <span class='ocrx_word' id='word_1_145' title='bbox 822 2109 948 2172; x_wconf 83' lang='lat' dir='ltr'><strong>constet,</strong></span> <span class='ocrx_word' id='word_1_146' title='bbox 971 2123 1006 2160; x_wconf 89' lang='lat' dir='ltr'><strong>eo</strong></span> <span class='ocrx_word' id='word_1_147' title='bbox 1030 2103 1122 2177; x_wconf 86' lang='lat' dir='ltr'><strong>magis</strong></span> <span class='ocrx_word' id='word_1_148' title='bbox 1145 2103 1236 2163; x_wconf 86' lang='lat' dir='ltr'><strong>miror</strong></span> <span class='ocrx_word' id='word_1_149' title='bbox 1259 2097 1340 2158; x_wconf 85' lang='lat' dir='ltr'><strong>amb</strong></span> 
     </span>
     <span class='ocr_line' id='line_1_19' title="bbox 274 2202 1338 2280; baseline -0.003 -19"><span class='ocrx_word' id='word_1_150' title='bbox 274 2205 325 2278; x_wconf 86' lang='lat' dir='ltr'><strong>igi,</strong></span> <span class='ocrx_word' id='word_1_151' title='bbox 346 2222 472 2278; x_wconf 86' lang='lat' dir='ltr'><strong>quanam</strong></span> <span class='ocrx_word' id='word_1_152' title='bbox 495 2204 587 2279; x_wconf 88' lang='lat' dir='ltr'><strong>Alpes</strong></span> <span class='ocrx_word' id='word_1_153' title='bbox 605 2202 760 2274; x_wconf 86' lang='lat' dir='ltr'><strong>transierit,</strong></span> <span class='ocrx_word' id='word_1_154' title='bbox 783 2213 810 2260; x_wconf 87' lang='lat' dir='ltr'><strong>et</strong></span> <span class='ocrx_word' id='word_1_155' title='bbox 832 2205 921 2280; x_wconf 84' lang='lat' dir='ltr'><strong>vulgo</strong></span> <span class='ocrx_word' id='word_1_156' title='bbox 945 2207 1071 2277; x_wconf 83' lang='lat' dir='ltr'><strong>eredere,</strong></span> <span class='ocrx_word' id='word_1_157' title='bbox 1093 2207 1217 2264; x_wconf 73' lang='lat' dir='ltr'><strong>Poenino</strong></span> <span class='ocrx_word' id='word_1_158' title='bbox 1240 2207 1338 2278; x_wconf 86' lang='lat' dir='ltr'><strong>(atque</strong></span> 
     </span>
     <span class='ocr_line' id='line_1_20' title="bbox 246 2306 1338 2384; baseline -0.005 -16"><span class='ocrx_word' id='word_1_159' title='bbox 246 2309 342 2369; x_wconf 72' lang='lat' dir='ltr'><strong>liade</strong></span> <span class='ocrx_word' id='word_1_160' title='bbox 363 2327 470 2365; x_wconf 91' lang='lat' dir='ltr'><strong>nomen</strong></span> <span class='ocrx_word' id='word_1_161' title='bbox 500 2309 528 2365; x_wconf 90' lang='lat' dir='ltr'><strong>ei</strong></span> <span class='ocrx_word' id='word_1_162' title='bbox 557 2308 627 2382; x_wconf 89' lang='lat' dir='ltr'><strong>ingo</strong></span> <span class='ocrx_word' id='word_1_163' title='bbox 656 2306 776 2382; x_wconf 84' lang='lat' dir='ltr'><strong>Alpium</strong></span> <span class='ocrx_word' id='word_1_164' title='bbox 799 2308 935 2378; x_wconf 87' lang='lat' dir='ltr'><strong>inditum)</strong></span> <span class='ocrx_word' id='word_1_165' title='bbox 964 2320 1192 2384; x_wconf 85' lang='lat' dir='ltr'><strong>transgressum,</strong></span> <span class='ocrx_word' id='word_1_166' title='bbox 1220 2309 1338 2370; x_wconf 76' lang='lat' dir='ltr'><strong>Caelium</strong></span> 
     </span>
     <span class='ocr_line' id='line_1_21' title="bbox 274 2410 1335 2490; baseline -0.004 -20"><span class='ocrx_word' id='word_1_167' title='bbox 274 2430 327 2486; x_wconf 90' lang='lat' dir='ltr'><strong>per</strong></span> <span class='ocrx_word' id='word_1_168' title='bbox 351 2410 503 2470; x_wconf 86' lang='lat' dir='ltr'><strong>Cremonis</strong></span> <span class='ocrx_word' id='word_1_169' title='bbox 531 2412 630 2486; x_wconf 87' lang='lat' dir='ltr'><strong>iugum</strong></span> <span class='ocrx_word' id='word_1_170' title='bbox 658 2413 753 2470; x_wconf 79' lang='lat' dir='ltr'><strong>dicere</strong></span> <span class='ocrx_word' id='word_1_171' title='bbox 780 2413 933 2485; x_wconf 88' lang='lat' dir='ltr'><strong>transisse;</strong></span> <span class='ocrx_word' id='word_1_172' title='bbox 964 2415 1013 2490; x_wconf 88' lang='lat' dir='ltr'><strong>qui</strong></span> <span class='ocrx_word' id='word_1_173' title='bbox 1044 2417 1131 2473; x_wconf 86' lang='lat' dir='ltr'><strong>ambo</strong></span> <span class='ocrx_word' id='word_1_174' title='bbox 1159 2416 1250 2474; x_wconf 87' lang='lat' dir='ltr'><strong>saltus</strong></span> <span class='ocrx_word' id='word_1_175' title='bbox 1274 2430 1335 2470; x_wconf 89' lang='lat' dir='ltr'><strong>eum</strong></span> 
     </span>
     <span class='ocr_line' id='line_1_22' title="bbox 274 2515 1336 2590; baseline -0.004 -16"><span class='ocrx_word' id='word_1_176' title='bbox 274 2535 334 2574; x_wconf 89' lang='lat' dir='ltr'><strong>non</strong></span> <span class='ocrx_word' id='word_1_177' title='bbox 357 2517 387 2573; x_wconf 93' lang='lat' dir='ltr'><strong>in</strong></span> <span class='ocrx_word' id='word_1_178' title='bbox 409 2517 572 2585; x_wconf 83' lang='lat' dir='ltr'><strong>Taurinos,</strong></span> <span class='ocrx_word' id='word_1_179' title='bbox 602 2515 653 2572; x_wconf 87' lang='lat' dir='ltr'><strong>sed</strong></span> <span class='ocrx_word' id='word_1_180' title='bbox 681 2535 735 2590; x_wconf 90' lang='lat' dir='ltr'><strong>per</strong></span> <span class='ocrx_word' id='word_1_181' title='bbox 762 2516 835 2574; x_wconf 85' lang='lat' dir='ltr'><strong>ebes</strong></span> <span class='ocrx_word' id='word_1_182' title='bbox 856 2529 1011 2578; x_wconf 88' lang='lat' dir='ltr'><strong>montanos</strong></span> <span class='ocrx_word' id='word_1_183' title='bbox 1035 2522 1074 2578; x_wconf 89' lang='lat' dir='ltr'><strong>ad</strong></span> <span class='ocrx_word' id='word_1_184' title='bbox 1103 2522 1213 2579; x_wconf 90' lang='lat' dir='ltr'><strong>Libuos</strong></span> <span class='ocrx_word' id='word_1_185' title='bbox 1235 2517 1336 2580; x_wconf 86' lang='lat' dir='ltr'><strong>Gallos</strong></span> 
     </span>
     <span class='ocr_line' id='line_1_23' title="bbox 245 2620 1335 2700; baseline 0 -22"><span class='ocrx_word' id='word_1_186' title='bbox 245 2621 472 2684; x_wconf 81' lang='lat' dir='ltr'><strong>8dednxissent.</strong></span> <span class='ocrx_word' id='word_1_187' title='bbox 515 2621 580 2678; x_wconf 87' lang='lat' dir='ltr'><strong>Neo</strong></span> <span class='ocrx_word' id='word_1_188' title='bbox 599 2620 768 2678; x_wconf 85' lang='lat' dir='ltr'><strong>verisimile</strong></span> <span class='ocrx_word' id='word_1_189' title='bbox 790 2633 842 2693; x_wconf 91' lang='lat' dir='ltr'><strong>est,</strong></span> <span class='ocrx_word' id='word_1_190' title='bbox 865 2633 981 2682; x_wconf 86' lang='lat' dir='ltr'><strong>eatam</strong></span> <span class='ocrx_word' id='word_1_191' title='bbox 1005 2625 1042 2682; x_wconf 87' lang='lat' dir='ltr'><strong>ad</strong></span> <span class='ocrx_word' id='word_1_192' title='bbox 1059 2624 1188 2684; x_wconf 86' lang='lat' dir='ltr'><strong>Galliam</strong></span> <span class='ocrx_word' id='word_1_193' title='bbox 1211 2624 1335 2700; x_wconf 88' lang='lat' dir='ltr'><strong>patuisse</strong></span> 
     </span>
     <span class='ocr_line' id='line_1_24' title="bbox 274 2722 1335 2807; baseline 0.002 -26"><span class='ocrx_word' id='word_1_194' title='bbox 274 2724 391 2793; x_wconf 90' lang='lat' dir='ltr'><strong>itinera;</strong></span> <span class='ocrx_word' id='word_1_195' title='bbox 428 2722 539 2796; x_wconf 88' lang='lat' dir='ltr'><strong>utique,</strong></span> <span class='ocrx_word' id='word_1_196' title='bbox 573 2739 637 2798; x_wconf 88' lang='lat' dir='ltr'><strong>quae</strong></span> <span class='ocrx_word' id='word_1_197' title='bbox 659 2725 697 2781; x_wconf 89' lang='lat' dir='ltr'><strong>ad</strong></span> <span class='ocrx_word' id='word_1_198' title='bbox 718 2727 873 2784; x_wconf 89' lang='lat' dir='ltr'><strong>Poeninum</strong></span> <span class='ocrx_word' id='word_1_199' title='bbox 895 2727 1007 2800; x_wconf 84' lang='lat' dir='ltr'><strong>ferunt,</strong></span> <span class='ocrx_word' id='word_1_200' title='bbox 1044 2732 1175 2807; x_wconf 72' lang='lat' dir='ltr'><strong>obsepta</strong></span> <span class='ocrx_word' id='word_1_201' title='bbox 1206 2729 1335 2806; x_wconf 83' lang='lat' dir='ltr'><strong>gentibus</strong></span> 
     </span>
     <span class='ocr_line' id='line_1_25' title="bbox 244 2827 1333 2910; baseline 0 -22"><span class='ocrx_word' id='word_1_202' title='bbox 244 2827 504 2902; x_wconf 77' lang='lat' dir='ltr'><strong>esemigermanis</strong></span> <span class='ocrx_word' id='word_1_203' title='bbox 528 2827 660 2888; x_wconf 87' lang='lat' dir='ltr'><strong>fuissent.</strong></span> <span class='ocrx_word' id='word_1_204' title='bbox 709 2831 814 2906; x_wconf 88' lang='lat' dir='ltr'><strong>Neque</strong></span> <span class='ocrx_word' id='word_1_205' title='bbox 833 2833 951 2890; x_wconf 86' lang='lat' dir='ltr'><strong>hercule</strong></span> <span class='ocrx_word' id='word_1_206' title='bbox 966 2835 1112 2893; x_wconf 85' lang='lat' dir='ltr'><strong>montibus</strong></span> <span class='ocrx_word' id='word_1_207' title='bbox 1134 2837 1189 2906; x_wconf 80' lang='lat' dir='ltr'><strong>his,</strong></span> <span class='ocrx_word' id='word_1_208' title='bbox 1208 2837 1233 2894; x_wconf 89' lang='lat' dir='ltr'><strong>si</strong></span> <span class='ocrx_word' id='word_1_209' title='bbox 1254 2849 1333 2910; x_wconf 89' lang='lat' dir='ltr'><strong>quem</strong></span> 
     </span>
     <span class='ocr_line' id='line_1_26' title="bbox 274 2932 1333 3013; baseline 0.011 -23"><span class='ocrx_word' id='word_1_210' title='bbox 274 2933 350 2990; x_wconf 83' lang='lat' dir='ltr'><strong>forte</strong></span> <span class='ocrx_word' id='word_1_211' title='bbox 378 2932 407 2988; x_wconf 93' lang='lat' dir='ltr'><strong>id</strong></span> <span class='ocrx_word' id='word_1_212' title='bbox 430 2940 541 3001; x_wconf 89' lang='lat' dir='ltr'><strong>movet,</strong></span> <span class='ocrx_word' id='word_1_213' title='bbox 571 2933 609 2989; x_wconf 90' lang='lat' dir='ltr'><strong>ab</strong></span> <span class='ocrx_word' id='word_1_214' title='bbox 639 2936 761 2993; x_wconf 84' lang='lat' dir='ltr'><strong>transitu</strong></span> <span class='ocrx_word' id='word_1_215' title='bbox 792 2938 950 2994; x_wconf 83' lang='lat' dir='ltr'><strong>Poenorum</strong></span> <span class='ocrx_word' id='word_1_216' title='bbox 981 2940 1041 2997; x_wconf 88' lang='lat' dir='ltr'><strong>ullo</strong></span> <span class='ocrx_word' id='word_1_217' title='bbox 1067 2939 1176 2998; x_wconf 86' lang='lat' dir='ltr'><strong>Seduni</strong></span> <span class='ocrx_word' id='word_1_218' title='bbox 1203 2935 1333 3013; x_wconf 75' lang='lat' dir='ltr'><strong>Veragri,</strong></span> 
     </span>
     <span class='ocr_line' id='line_1_27' title="bbox 273 3035 1332 3119; baseline 0.003 -25"><span class='ocrx_word' id='word_1_219' title='bbox 273 3037 375 3095; x_wconf 84' lang='lat' dir='ltr'><strong>insoles</strong></span> <span class='ocrx_word' id='word_1_220' title='bbox 395 3035 456 3108; x_wconf 85' lang='lat' dir='ltr'><strong>iugi</strong></span> <span class='ocrx_word' id='word_1_221' title='bbox 478 3035 553 3108; x_wconf 88' lang='lat' dir='ltr'><strong>eius,</strong></span> <span class='ocrx_word' id='word_1_222' title='bbox 579 3046 687 3102; x_wconf 86' lang='lat' dir='ltr'><strong>norunt</strong></span> <span class='ocrx_word' id='word_1_223' title='bbox 715 3059 810 3098; x_wconf 78' lang='lat' dir='ltr'><strong>nomen</strong></span> <span class='ocrx_word' id='word_1_224' title='bbox 829 3041 967 3113; x_wconf 87' lang='lat' dir='ltr'><strong>inditum,</strong></span> <span class='ocrx_word' id='word_1_225' title='bbox 989 3045 1040 3102; x_wconf 87' lang='lat' dir='ltr'><strong>sed</strong></span> <span class='ocrx_word' id='word_1_226' title='bbox 1068 3045 1105 3101; x_wconf 90' lang='lat' dir='ltr'><strong>ab</strong></span> <span class='ocrx_word' id='word_1_227' title='bbox 1127 3064 1172 3114; x_wconf 89' lang='lat' dir='ltr'><strong>eo,</strong></span> <span class='ocrx_word' id='word_1_228' title='bbox 1202 3042 1332 3119; x_wconf 90' lang='lat' dir='ltr'><strong>qnemin</strong></span> 
     </span>
     <span class='ocr_line' id='line_1_28' title="bbox 272 3144 1196 3225; baseline 0.009 -27"><span class='ocrx_word' id='word_1_229' title='bbox 272 3159 386 3203; x_wconf 83' lang='lat' dir='ltr'><strong>summo</strong></span> <span class='ocrx_word' id='word_1_230' title='bbox 408 3149 554 3198; x_wconf 76' lang='lat' dir='ltr'><strong>sacratum</strong></span> <span class='ocrx_word' id='word_1_231' title='bbox 581 3144 689 3202; x_wconf 82' lang='lat' dir='ltr'><strong>vertice</strong></span> <span class='ocrx_word' id='word_1_232' title='bbox 710 3147 863 3224; x_wconf 81' lang='lat' dir='ltr'><strong>Poeninum</strong></span> <span class='ocrx_word' id='word_1_233' title='bbox 887 3149 1017 3205; x_wconf 87' lang='lat' dir='ltr'><strong>montani</strong></span> <span class='ocrx_word' id='word_1_234' title='bbox 1039 3149 1196 3225; x_wconf 87' lang='lat' dir='ltr'><strong>appellant.</strong></span> 
     </span>
    </p>

    <p class='ocr_par' dir='ltr' id='par_1_3' title="bbox 178 3233 1331 3536">
     <span class='ocr_line' id='line_1_29' title="bbox 178 3233 1331 3332; baseline 0.008 -31"><span class='ocrx_word' id='word_1_235' title='bbox 178 3247 224 3332; x_wconf 71' lang='grc'><strong>39</strong></span> <span class='ocrx_word' id='word_1_236' title='bbox 357 3247 579 3320; x_wconf 88' lang='lat' dir='ltr'><strong>Peropportune</strong></span> <span class='ocrx_word' id='word_1_237' title='bbox 617 3249 654 3305; x_wconf 91' lang='lat' dir='ltr'><strong>ad</strong></span> <span class='ocrx_word' id='word_1_238' title='bbox 692 3251 834 3326; x_wconf 85' lang='lat' dir='ltr'><strong>principia</strong></span> <span class='ocrx_word' id='word_1_239' title='bbox 870 3233 967 3311; x_wconf 81' lang='lat' dir='ltr'><strong>rerum</strong></span> <span class='ocrx_word' id='word_1_240' title='bbox 1004 3255 1156 3322; x_wconf 83' lang='lat' dir='ltr'><strong>Taurinis,</strong></span> <span class='ocrx_word' id='word_1_241' title='bbox 1197 3254 1331 3330; x_wconf 75' lang='lat' dir='ltr'><strong>proximae</strong></span> 
     </span>
     <span class='ocr_line' id='line_1_30' title="bbox 273 3351 1330 3426; baseline 0.008 -18"><span class='ocrx_word' id='word_1_242' title='bbox 273 3351 369 3426; x_wconf 84' lang='lat' dir='ltr'><strong>genti,</strong></span> <span class='ocrx_word' id='word_1_243' title='bbox 398 3351 538 3406; x_wconf 86' lang='lat' dir='ltr'><strong>adversus</strong></span> <span class='ocrx_word' id='word_1_244' title='bbox 571 3352 709 3412; x_wconf 87' lang='lat' dir='ltr'><strong>Insubres</strong></span> <span class='ocrx_word' id='word_1_245' title='bbox 739 3367 850 3414; x_wconf 88' lang='lat' dir='ltr'><strong>motum</strong></span> <span class='ocrx_word' id='word_1_246' title='bbox 882 3358 989 3416; x_wconf 90' lang='lat' dir='ltr'><strong>bellum</strong></span> <span class='ocrx_word' id='word_1_247' title='bbox 1019 3369 1089 3422; x_wconf 86' lang='lat' dir='ltr'><strong>erat.</strong></span> <span class='ocrx_word' id='word_1_248' title='bbox 1143 3359 1203 3418; x_wconf 83' lang='lat' dir='ltr'><strong>Sed</strong></span> <span class='ocrx_word' id='word_1_249' title='bbox 1224 3373 1330 3416; x_wconf 79' lang='lat' dir='ltr'><strong>armare</strong></span> 
     </span>
     <span class='ocr_line' id='line_1_31' title="bbox 273 3455 1329 3536; baseline 0.003 -24"><span class='ocrx_word' id='word_1_250' title='bbox 273 3455 430 3512; x_wconf 87' lang='lat' dir='ltr'><strong>exercitum</strong></span> <span class='ocrx_word' id='word_1_251' title='bbox 452 3457 612 3528; x_wconf 88' lang='lat' dir='ltr'><strong>Hannibal,</strong></span> <span class='ocrx_word' id='word_1_252' title='bbox 633 3469 665 3516; x_wconf 89' lang='lat' dir='ltr'><strong>ut</strong></span> <span class='ocrx_word' id='word_1_253' title='bbox 685 3461 762 3536; x_wconf 87' lang='lat' dir='ltr'><strong>parti</strong></span> <span class='ocrx_word' id='word_1_254' title='bbox 787 3462 870 3520; x_wconf 86' lang='lat' dir='ltr'><strong>alteri</strong></span> <span class='ocrx_word' id='word_1_255' title='bbox 894 3464 1002 3520; x_wconf 85' lang='lat' dir='ltr'><strong>anxilio</strong></span> <span class='ocrx_word' id='word_1_256' title='bbox 1026 3475 1111 3535; x_wconf 86' lang='lat' dir='ltr'><strong>esset,</strong></span> <span class='ocrx_word' id='word_1_257' title='bbox 1131 3464 1161 3520; x_wconf 93' lang='lat' dir='ltr'><strong>in</strong></span> <span class='ocrx_word' id='word_1_258' title='bbox 1182 3462 1329 3522; x_wconf 84' lang='lat' dir='ltr'><strong>reficiendo</strong></span> 
     </span>
    </p>

    <p class='ocr_par' dir='ltr' id='par_1_4' title="bbox 242 3560 1329 3749">
     <span class='ocr_line' id='line_1_32' title="bbox 242 3560 1327 3643; baseline 0.008 -28"><span class='ocrx_word' id='word_1_259' title='bbox 242 3560 400 3621; x_wconf 85' lang='lat' dir='ltr'><strong>21naxime</strong></span> <span class='ocrx_word' id='word_1_260' title='bbox 420 3560 591 3620; x_wconf 88' lang='lat' dir='ltr'><strong>sentientem</strong></span> <span class='ocrx_word' id='word_1_261' title='bbox 613 3574 763 3622; x_wconf 81' lang='lat' dir='ltr'><strong>eontracta</strong></span> <span class='ocrx_word' id='word_1_262' title='bbox 792 3574 859 3622; x_wconf 90' lang='lat' dir='ltr'><strong>ante</strong></span> <span class='ocrx_word' id='word_1_263' title='bbox 881 3569 973 3638; x_wconf 89' lang='lat' dir='ltr'><strong>mala,</strong></span> <span class='ocrx_word' id='word_1_264' title='bbox 1003 3586 1061 3625; x_wconf 92' lang='lat' dir='ltr'><strong>non</strong></span> <span class='ocrx_word' id='word_1_265' title='bbox 1089 3577 1219 3643; x_wconf 83' lang='lat' dir='ltr'><strong>poterat3</strong></span> <span class='ocrx_word' id='word_1_266' title='bbox 1248 3569 1327 3627; x_wconf 90' lang='lat' dir='ltr'><strong>otium</strong></span> 
     </span>
     <span class='ocr_line' id='line_1_33' title="bbox 273 3665 1329 3749; baseline 0.008 -29"><span class='ocrx_word' id='word_1_267' title='bbox 273 3665 347 3721; x_wconf 86' lang='lat' dir='ltr'><strong>enim</strong></span> <span class='ocrx_word' id='word_1_268' title='bbox 371 3685 408 3723; x_wconf 86' lang='lat' dir='ltr'><strong>ex</strong></span> <span class='ocrx_word' id='word_1_269' title='bbox 436 3666 553 3742; x_wconf 87' lang='lat' dir='ltr'><strong>labore,</strong></span> <span class='ocrx_word' id='word_1_270' title='bbox 583 3670 671 3746; x_wconf 87' lang='lat' dir='ltr'><strong>eopia</strong></span> <span class='ocrx_word' id='word_1_271' title='bbox 697 3689 734 3727; x_wconf 88' lang='lat' dir='ltr'><strong>ex</strong></span> <span class='ocrx_word' id='word_1_272' title='bbox 763 3670 879 3746; x_wconf 86' lang='lat' dir='ltr'><strong>inopia,</strong></span> <span class='ocrx_word' id='word_1_273' title='bbox 910 3672 1004 3730; x_wconf 84' lang='lat' dir='ltr'><strong>cultus</strong></span> <span class='ocrx_word' id='word_1_274' title='bbox 1035 3691 1072 3730; x_wconf 84' lang='lat' dir='ltr'><strong>ex</strong></span> <span class='ocrx_word' id='word_1_275' title='bbox 1092 3673 1191 3731; x_wconf 90' lang='lat' dir='ltr'><strong>illuvie</strong></span> <span class='ocrx_word' id='word_1_276' title='bbox 1212 3677 1329 3749; x_wconf 88' lang='lat' dir='ltr'><strong>tabeque</strong></span> 
     </span>
    </p>

    <p class='ocr_par' dir='ltr' id='par_1_5' title="bbox 242 3771 1385 4078">
     <span class='ocr_line' id='line_1_34' title="bbox 242 3771 1325 3851; baseline 0.008 -26"><span class='ocrx_word' id='word_1_277' title='bbox 242 3771 406 3844; x_wconf 82' lang='lat' dir='ltr'><strong>3sqnalida</strong></span> <span class='ocrx_word' id='word_1_278' title='bbox 435 3781 464 3830; x_wconf 92' lang='lat' dir='ltr'><strong>et</strong></span> <span class='ocrx_word' id='word_1_279' title='bbox 493 3793 585 3850; x_wconf 87' lang='lat' dir='ltr'><strong>prope</strong></span> <span class='ocrx_word' id='word_1_280' title='bbox 609 3773 737 3832; x_wconf 79' lang='lat' dir='ltr'><strong>efferata</strong></span> <span class='ocrx_word' id='word_1_281' title='bbox 769 3793 895 3851; x_wconf 78' lang='lat' dir='ltr'><strong>corpora</strong></span> <span class='ocrx_word' id='word_1_282' title='bbox 920 3777 1002 3835; x_wconf 87' lang='lat' dir='ltr'><strong>varie</strong></span> <span class='ocrx_word' id='word_1_283' title='bbox 1029 3780 1177 3840; x_wconf 80' lang='lat' dir='ltr'><strong>movebat.</strong></span> <span class='ocrx_word' id='word_1_284' title='bbox 1226 3781 1272 3837; x_wconf 86' lang='lat' dir='ltr'><strong>Ea</strong></span> <span class='ocrx_word' id='word_1_285' title='bbox 1296 3780 1325 3836; x_wconf 87' lang='lat' dir='ltr'><strong>P.</strong></span> 
     </span>
     <span class='ocr_line' id='line_1_35' title="bbox 272 3873 1385 3964; baseline 0.005 -30"><span class='ocrx_word' id='word_1_286' title='bbox 272 3875 410 3935; x_wconf 86' lang='lat' dir='ltr'><strong>Cornelio</strong></span> <span class='ocrx_word' id='word_1_287' title='bbox 443 3881 554 3936; x_wconf 88' lang='lat' dir='ltr'><strong>oonsuli</strong></span> <span class='ocrx_word' id='word_1_288' title='bbox 583 3897 672 3936; x_wconf 87' lang='lat' dir='ltr'><strong>eausa</strong></span> <span class='ocrx_word' id='word_1_289' title='bbox 707 3878 778 3950; x_wconf 84' lang='lat' dir='ltr'><strong>fuit,</strong></span> <span class='ocrx_word' id='word_1_290' title='bbox 811 3899 906 3955; x_wconf 83' lang='lat' dir='ltr'><strong>quum</strong></span> <span class='ocrx_word' id='word_1_291' title='bbox 929 3873 1017 3939; x_wconf 87' lang='lat' dir='ltr'><strong>Pisa&#39;s</strong></span> <span class='ocrx_word' id='word_1_292' title='bbox 1051 3885 1175 3942; x_wconf 88' lang='lat' dir='ltr'><strong>navibus</strong></span> <span class='ocrx_word' id='word_1_293' title='bbox 1206 3885 1322 3942; x_wconf 85' lang='lat' dir='ltr'><strong>venisset</strong></span> <span class='ocrx_word' id='word_1_294' title='bbox 1383 3937 1385 3964; x_wconf 23' lang='grc' dir='ltr'><strong>γ</strong></span> 
     </span>
     <span class='ocr_line' id='line_1_36' title="bbox 271 3982 1385 4078; baseline 0.007 -41"><span class='ocrx_word' id='word_1_295' title='bbox 271 3982 400 4038; x_wconf 82' lang='lat' dir='ltr'><strong>exercitu</strong></span> <span class='ocrx_word' id='word_1_296' title='bbox 422 4001 440 4038; x_wconf 92' lang='lat' dir='ltr'><strong>a</strong></span> <span class='ocrx_word' id='word_1_297' title='bbox 462 3983 574 4040; x_wconf 81' lang='lat' dir='ltr'><strong>Manlio</strong></span> <span class='ocrx_word' id='word_1_298' title='bbox 598 3983 748 4078; x_wconf 76' lang='lat' dir='ltr'><strong>Atilioque</strong></span> <span class='ocrx_word' id='word_1_299' title='bbox 771 3994 890 4060; x_wconf 80' lang='lat' dir='ltr'><strong>accepto</strong></span> <span class='ocrx_word' id='word_1_300' title='bbox 919 3984 1013 4042; x_wconf 89' lang='lat' dir='ltr'><strong>tirone</strong></span> <span class='ocrx_word' id='word_1_301' title='bbox 1037 3997 1066 4043; x_wconf 91' lang='lat' dir='ltr'><strong>et</strong></span> <span class='ocrx_word' id='word_1_302' title='bbox 1094 3987 1124 4042; x_wconf 90' lang='lat' dir='ltr'><strong>in</strong></span> <span class='ocrx_word' id='word_1_303' title='bbox 1150 3989 1234 4044; x_wconf 90' lang='lat' dir='ltr'><strong>novis</strong></span> <span class='ocrx_word' id='word_1_304' title='bbox 1254 3989 1326 4062; x_wconf 87' lang='lat' dir='ltr'><strong>igno·</strong></span> <span class='ocrx_word' id='word_1_305' title='bbox 1384 3982 1385 4032; x_wconf 79' lang='lat' dir='ltr'><strong>l</strong></span> 
     </span>
    </p>
   </div>
   <div class='ocr_carea' id='block_1_3' title="bbox 0 0 1410 4556">
    <p class='ocr_par' dir='ltr' id='par_1_6' title="bbox 0 0 1410 4556">
     <span class='ocr_line' id='line_1_37' title="bbox 0 0 1410 4556; baseline 0 7"><span class='ocrx_word' id='word_1_306' title='bbox 0 0 1410 4556; x_wconf 95' lang='lat' dir='ltr'><strong> </strong></span> 
     </span>
    </p>
   </div>
  </div>
 </body>
</html>
