2680 4546
1331 103 1333 170 Ι

305 247 324 304 a
569 241 648 292 atae
666 241 765 292 xxva
809 244 854 306 (n.
868 257 893 293 ι.
910 259 931 295 c.
947 244 1021 306 aru.)

1331 407 1333 444 Ι

231 425 292 484 lvi
315 424 409 500 pulso,
438 424 575 500 cepisset,
605 425 636 482 in
656 425 898 484 circumsedentes
920 425 1053 501 Capuam
1078 403 1112 484 se
1136 428 1236 496 vertit,
1263 445 1333 540 prop

263 529 417 606 missisque
461 528 567 586 nuntiis
607 527 756 604 Capuam,
797 548 856 604 quo
885 539 1026 605 ¹ternpore
1063 541 1170 589 castra
1204 535 1333 632 &manti

263 651 454 710 aggressurus
475 643 560 703 esset,
584 642 617 690 ut
638 633 740 690 eodem
763 643 792 690 et
812 633 853 690 illi
873 635 911 714 ari
926 636 1109 710 eruptionem
1131 637 1231 712 parati
1245 635 1332 711 portitl

231 739 396 798 iomnibus
429 757 462 796 se
499 735 693 808 effunderent,
731 739 877 813 ingentem
911 739 1034 813 praebuit
1067 749 1228 808 terrorem;
1264 755 1332 811 uun,

262 843 321 900 elie
350 853 434 920 parte
460 842 523 917 ipse
550 841 671 900 adortum
698 852 757 913 ast,
797 843 857 900 alia
883 841 1028 919 Campani
1061 863 1185 914 omnes,
1225 845 1331 930 equitet:

263 947 447 1022 peditesque,
483 956 513 1004 st
539 965 604 1006 cum
631 947 667 1004 iis
696 947 840 1006 Punicum
870 946 1050 1022 praesidium,
1089 949 1137 1006 cui
1171 949 1275 1006 Bostar
1295 957 1331 1005 αΙ

231 1053 370 1110 lHanno
393 1061 550 1128 preerant,
586 1051 689 1127 erupit.
732 1050 860 1110 Romani
886 1050 974 1110 utin
1000 1070 1034 1108 re
1062 1053 1198 1127 trepida,
1230 1072 1263 1110 ne
1287 1053 1331 1135 ed}

263 1175 350 1214 unam
382 1157 580 1216 concurrendo
607 1164 721 1232 partem
745 1155 854 1230 aliquid
875 1155 1016 1214 indefensi
1037 1156 1254 1230 relinquerent,
1284 1159 1331 1237 ite}

231 1262 336 1320 linter
355 1280 420 1320 scae
435 1261 535 1336 copias
549 1261 649 1337 partiti
662 1269 742 1319 eunti
764 1263 845 1336 App.
861 1259 999 1318 Claudius
1014 1259 1190 1336 Campanis,
1211 1255 1331 1323 Fulviani

262 1366 423 1426 Hannibali
450 1374 495 1423 est
523 1365 688 1441 oppositum
719 1363 753 1422 C.
782 1365 864 1422 Nero
893 1373 1055 1440 propretor
1087 1382 1157 1422 oum
1189 1367 1333 1440 equitibuet

261 1491 314 1531 sex
341 1471 488 1546 legionum
513 1469 577 1541 via,
609 1488 674 1545 quer
703 1468 872 1528 Suessulam
899 1467 970 1538 fert,
1001 1467 1036 1526 C.
1060 1468 1188 1528 Fulvius
1208 1471 1312 1526 Flaccus
1323 1436 1331 1539 l

260 1577 375 1652 legatus
399 1594 465 1633 cum
487 1575 588 1633 sociali
609 1574 740 1649 equitatu
762 1571 890 1630 constitit
908 1573 1057 1647 eregione
1072 1573 1214 1630 Vulturni
1228 1550 1333 1645 amus}

231 1679 402 1738 llProelium
431 1697 490 1736 non
521 1680 607 1738 solito
637 1678 724 1736 modo
747 1678 875 1736 clamore
895 1695 931 1734 eo
961 1676 1087 1734 tumultu
1116 1689 1163 1734 eat
1191 1689 1310 1753 creptum
1323 1648 1333 1732 l

261 1786 313 1844 sed
334 1785 373 1843 ed
394 1785 481 1842 alium
504 1783 643 1854 virorum,
665 1802 805 1858 equorum
832 1798 1037 1854 armorumque
1059 1798 1165 1840 sonum
1191 1714 1333 1859 disposiul

260 1891 290 1948 in
318 1889 408 1948 muris
435 1887 652 1964 Campanorum
683 1887 807 1946 imbellis
837 1885 990 1944 multitudo
1025 1895 1141 1944 tentum
1171 1905 1235 1945 cum
1261 1862 1333 1983 erici

261 1995 380 2070 crepitu,
411 1994 505 2070 qualis
526 1994 556 2050 in
578 1992 693 2050 defectu
714 1993 789 2050 lunae
810 1991 906 2050 silenti
927 1999 1012 2048 nocte
1033 1989 1105 2048 cieri
1124 1990 1211 2062 solet,
1239 1991 1307 2048 edidit

213 2099 428 2170 inclamarem,
450 2108 482 2156 ut
502 2107 647 2154 everteret
668 2097 755 2154 etiam
778 2094 968 2172 pugnantium
990 2095 1115 2153 animos.
1162 2094 1307 2170 Campanos

260 2203 346 2262 facile
375 2223 394 2261 a
421 2204 499 2261 vallo
529 2202 645 2278 Appius
676 2202 810 2270 arcebat3
851 2199 946 2257 maior
972 2197 1017 2255 vis
1049 2199 1088 2256 ab
1120 2201 1214 2258 ultera
1242 2211 1304 2275 paru

210 2310 244 2368 ll
259 2309 396 2366 Fulvium
422 2307 573 2366 Hannibal
599 2316 627 2364 et
656 2306 742 2364 Poeni
770 2305 922 2380 urgebant.
975 2304 1068 2378 Legio
1090 2304 1133 2362 ibi
1158 2315 1240 2362 sexta
1256 2304 1302 2359 loco

261 2412 361 2484 cessit3
401 2433 460 2488 que
481 2413 575 2491 pulsa,
604 2413 708 2470 cohors
730 2409 930 2483 Hispanorum
958 2427 1023 2466 cum
1052 2410 1146 2492 tribus
1167 2407 1302 2490 elephanti

261 2536 353 2593 usqua
373 2519 411 2576 ad
432 2518 541 2577 vallum
560 2515 704 2594 pervasit3
737 2522 913 2589 ruperatque
941 2505 1068 2572 mediam
1095 2516 1188 2572 aciem
1215 2515 1301 2589 Rona-

260 2641 363 2681 norum
396 2634 424 2681 et
453 2623 483 2680 in
511 2622 629 2698 ancipiti
650 2639 703 2695 epe
729 2635 765 2676 ao
791 2616 920 2692 periculo
941 2626 1018 2687 erat,
1050 2627 1149 2676 utrum
1174 2618 1205 2675 in
1228 2625 1300 2674 cestu

211 2732 246 2788 12
260 2738 461 2803 perrumperet
490 2746 528 2784 an
555 2724 795 2783 intercluderetur
821 2740 840 2780 a
867 2721 936 2779 suis.
994 2721 1088 2795 Quem
1116 2741 1249 2798 pavorem
1271 2719 1299 2773 le·

259 2833 354 2908 monis
375 2831 591 2908 periculumque
614 2839 775 2888 castrorum
797 2826 919 2884 Fulvius
941 2826 990 2883 ubi
1010 2826 1093 2896 vidit,
1117 2827 1154 2899 Q.
1195 2825 1297 2884 Narium

261 2937 461 3012 primoresque
485 2935 558 2994 alios
579 2932 778 2992 centurionum
799 2932 942 3001 hortatur,
967 2940 999 2986 ut
1025 2931 1175 2988 cohortem
1195 2929 1296 2986 hosium

212 3044 246 3100 13
261 3043 315 3099 sub
345 3040 424 3098 vallo
453 3047 630 3116 pugnantem
658 3037 814 3094 invadent:
849 3036 879 3092 in
913 3051 1027 3090 summo
1063 3034 1225 3092 discrimine
1251 3047 1294 3086 rem

260 3145 349 3215 verti;
371 3153 422 3203 eut
442 3145 519 3202 viam
543 3145 669 3201 dandam
691 3140 726 3197 iis
749 3157 813 3198 esse
834 3138 876 3214 (et
891 3137 1001 3196 minore
1019 3149 1138 3210 conatu,
1152 3157 1233 3214 quem
1245 3151 1294 3192 coc·

260 3250 379 3307 densam
402 3249 494 3306 aciem
514 3248 669 3323 rupissent,
691 3244 722 3302 iu
743 3253 840 3301 castra
860 3243 1037 3319 irrupturos)
1062 3253 1114 3302 eut
1132 3239 1293 3300 conficiendos

211 3360 246 3416 tt
259 3355 313 3411 sub
335 3353 414 3410 vallo
436 3370 513 3422 esse;
542 3370 595 3408 nee
617 3349 716 3426 magni
737 3347 902 3406 certaminis
922 3366 984 3404 rem
1012 3347 1090 3418 lore;
1123 3366 1225 3425 paucos
1248 3358 1293 3398 esse

260 3468 289 3516 et
310 3461 347 3517 ab
370 3459 429 3516 auis
451 3457 635 3526 interclusum
664 3465 692 3512 et
713 3473 794 3530 quea,
824 3454 892 3512 dum
911 3461 1019 3528 paveat
1041 3454 1203 3522 Romanus,
1227 3450 1291 3506 iuter·

259 3571 346 3637 rupta
377 3563 454 3622 acies
480 3561 628 3638 videatur,
659 3578 740 3628 eam,
771 3559 797 3616 ei
823 3577 862 3616 se
878 3558 1012 3633 utrinque
1033 3559 1065 3616 in
1084 3560 1194 3616 hostem
1214 3559 1291 3612 vertat

211 3667 246 3722 15
260 3665 378 3740 ancipiti
401 3684 499 3742 pugna
520 3666 632 3724 medios
653 3665 925 3723 circumventuram.
970 3664 1086 3722 Navius
1114 3664 1164 3722 ubi
1184 3664 1236 3719 hac
1253 3657 1290 3712 im·
1330 3689 1331 3696 κ

260 3770 404 3845 paratoria
433 3771 511 3828 dicte
544 3770 671 3844 accepit,
710 3769 829 3826 secundi
867 3768 976 3826 hastati
1008 3769 1123 3844 signum
1156 3769 1289 3840 ademptum

257 3873 395 3950 signifero
416 3875 446 3931 in
467 3876 567 3932 hostes
592 3872 695 3944 infert,
725 3874 869 3932 iacturum
900 3873 930 3930 in
958 3874 1070 3932 medios
1100 3893 1150 3932 eos
1176 3870 1290 3930 minitanti

255 3979 287 4034 ni
310 3996 342 4034 se
372 3995 496 4052 propere
523 3985 683 4052 sequantur
702 3978 808 4036 milites
837 3988 866 4035 et
893 3987 1006 4052 partem
1033 3989 1186 4054 capessant
1203 3986 1289 4052 ρπβ
