2674 4542
302 239 361 296 208
565 235 643 286 Liber
660 235 761 286 XXIV.
798 236 848 298 (Δ.
861 249 887 287 u.
900 178 1007 292 efeso.)

227 419 373 478 'lobviam
396 436 581 496 progressum
603 420 743 495 pervenit.
788 419 853 478 Neo
874 417 981 476 diutius
1001 417 1089 474 Poeni
1111 413 1192 472 adS

258 525 363 584 morati
384 533 459 582 sunt.
507 525 547 582 Et
570 525 733 624 Bomilcar,
755 522 840 581 simul
861 541 965 598 parum
982 521 1087 578 -fidens
1112 519 1243 578 navibus
1288 517 1296 532 ⁹
1332 556 1333 590 p

256 628 364 705 duplici
385 627 471 685 facilc
492 647 612 686 numero
634 629 755 688 classem
778 629 951 687 habentibus
973 623 1136 693 Bouiania,
1159 620 1273 680 simnl‘
1332 661 1333 692 p

258 735 301 792 tili
322 752 405 791 mora
427 751 546 791 cernens
567 734 639 790 nihil
661 734 740 791 alind
764 735 804 790 ab
828 732 888 790 suis
909 750 998 806 quam
1012 729 1147 804 inopiam
1175 747 1267 804 aggra
1332 749 1333 802 t

228 838 423 907 dauniorum,
459 837 531 894 velis
565 837 595 894 in
627 837 716 896 altum
752 837 829 895 datis
861 837 891 893 in
923 834 1057 894 ahicam
1080 833 1271 918 transmisit,
1332 879 1333 904 p

257 943 395 1012 Himilco,
427 953 543 1000 secutus
575 943 768 1018 nequicquam
789 941 960 1000 Marcellum
988 940 1174 1016 Syracusas,
1209 939 1234 995 si
1263 957 1280 1011 q

257 1031 427 1123 prinsquam
471 1049 630 1108 maioribus
673 1047 763 1124 copiis
798 1047 982 1128 iungeretur,
1024 1046 1144 1104 occasio
1184 1061 1278 1120 pugna
1332 1083 1333 1118 ᾖ

258 1163 349 1224 esset,
375 1161 530 1228 postquam
559 1173 595 1211 ea
624 1153 704 1210 nulla
731 1153 892 1234 contigerat
922 1160 1074 1224 tutumque
1104 1150 1144 1206 ad
1169 1149 1263 1224 syrac

227 1254 288 1317 9ct
309 1251 486 1316 munimento
512 1267 540 1315 et
561 1256 673 1315 viribus
688 1259 800 1315 hostem
823 1256 968 1326 cernebat,
989 1276 1023 1313 aa
1041 1255 1157 1314 frustra
1177 1251 1333 1328 mittendo

259 1365 476 1440 spectandoque
499 1363 677 1420 obsidionem
700 1361 844 1420 sociorum
868 1369 980 1436 tempus
1002 1369 1120 1430 tereret,
1144 1358 1272 1418 casua'
1332 1395 1333 1432 ᾗ

259 1471 365 1540 movit,
395 1479 441 1536 ut,
472 1485 644 1542 quocunque
670 1475 805 1524 vocasset
836 1465 1004 1524 defectionis
1028 1467 1066 1522 ab
1092 1467 1236 1522 Romano
1256 1479 1333 1538 spent

259 1575 429 1632 admoveret
449 1573 606 1631 exercitum
631 1589 665 1628 ac
687 1589 813 1646 praeaena
841 1589 910 1628 suas
938 1589 985 1627 res
1011 1570 1185 1629 foventibus
1215 1569 1269 1626 add

211 1677 246 1731 10
260 1678 383 1737 animos.
431 1677 627 1752 Murgantiam
651 1676 786 1751 primum,
815 1675 931 1751 prodito
954 1676 990 1733 ab
1012 1676 1084 1750 ipsis
1107 1676 1250 1752 prasidio
1270 1676 1333 1756 Rc}

261 1804 364 1854 mano,
398 1783 515 1858 recipit,
544 1776 593 1838 ubi
614 1779 751 1838 frumenti
777 1799 885 1856 magna
906 1781 951 1840 vis
973 1790 1219 1855 commeatusque
1240 1775 1316 1836 onu'n

261 1890 374 1966 generis
396 1887 526 1946 convecti
548 1895 630 1943 erant
651 1886 800 1944 Romanis.

165 1983 210 2052 37
321 1995 396 2052 -Ad
424 1995 499 2060 hanc
520 1989 711 2048 delectionem
743 1991 830 2048 erecti
860 2000 927 2047 sunt
958 1998 987 2047 et
1014 1991 1142 2048 aliarum
1173 1988 1316 2048 civitatis}

261 2101 360 2172 animi,
388 2095 581 2174 praesidiaqua
602 2097 737 2154 Romana
758 2105 809 2152 aut
830 2097 1012 2171 pellebantur
1041 2097 1163 2152 arcibus
1192 2106 1244 2152 aut
1263 2109 1315 2168 pro·

228 2199 321 2263 2dita
356 2220 408 2277 per
440 2199 572 2256 fraudem
606 2201 853 2276 opprimebantur.
907 2202 1023 2270 Henna,
1056 2200 1179 2258 excelso
1210 2201 1272 2256 loco
1290 2211 1315 2253 at

259 2315 406 2384 praerupto
439 2304 566 2378 undique
592 2306 658 2368 sita,
689 2324 777 2380 quum
805 2306 870 2363 loco
898 2306 1135 2380 inexpugnabilis
1163 2317 1244 2373 erat,
1268 2314 1314 2359 tun

207 2445 211 2462 ·.
259 2412 424 2489 praesidium
449 2411 479 2467 in
502 2428 569 2467 arce
596 2411 723 2468 validum
744 2407 972 2484 praefectumque
1001 2411 1130 2485 praesidii
1160 2412 1241 2468 haud
1261 2425 1313 2466 sart

230 2516 455 2594 3opportunum
477 2514 679 2572 insidiantibus
700 2514 836 2572 habebat.
880 2516 915 2576 L.
938 2516 1076 2574 Pinarius
1099 2527 1177 2585 erat,
1208 2516 1252 2572 vir
1265 2529 1314 2570 acu

260 2632 288 2678 et
311 2622 360 2695 qui
382 2621 446 2696 plus
469 2619 499 2675 in
521 2639 566 2690 eo,
587 2639 624 2676 ne
645 2629 745 2694 posset
768 2619 877 2696 decipi,
909 2640 996 2695 quam
1023 2623 1053 2698 in
1081 2623 1140 2680 lide
1168 2623 1312 2682 Siculorum

252 2735 429 2801 reponeret3
456 2734 483 2780 et
505 2733 565 2780 tum
589 2723 771 2781 intenderant
798 2744 863 2782 eum
892 2725 930 2782 ad
957 2726 1080 2783 cavendi
1108 2729 1212 2785 omnia
1234 2741 1312 2785 curum

260 2841 304 2890 tot
324 2830 429 2888 auditae
454 2827 632 2904 proditiones
659 2828 892 2906 defectionesque
913 2832 1026 2888 urbium
1058 2842 1087 2888 et
1109 2833 1212 2890 clades
1233 2829 1312 2907 presi·

230 2937 385 2994 ldiorum.
425 2936 538 3010 *Itaque
560 2941 645 2990 noete
665 2953 700 2992 oo
720 2935 764 2991 dic
784 2935 866 2992 iuxta
888 2944 993 3010 parata
1006 2935 1211 3013 instructaque
1234 2935 1312 2995 omui!

260 3042 453 3100 custodiisse
474 3039 580 3114 vigiliis
609 3049 701 3107 crant,
730 3057 783 3096 nec
814 3040 852 3096 ab
880 3039 968 3096 armis
994 3051 1045 3098 aut
1070 3042 1137 3100 loco
1166 3061 1222 3101 suo
1249 3041 1311 3099 miles

231 3144 446 3201 babscedebat.
495 3143 582 3216 Quod
602 3143 653 3206 ,ubi
675 3143 872 3200 Hennensium
896 3145 1050 3221 principes,
1080 3147 1139 3204 iam
1163 3149 1244 3225 pacti
1265 3163 1311 3204 cun

260 3248 426 3306 Himilcone
448 3248 484 3304 de
506 3247 670 3322 proditione
692 3249 826 3323 presidii,
849 3251 1128 3322 animadverterunt,
1150 3253 1223 3310 nulli
1246 3267 1310 3308 occa·

229 3354 336 3412 dsioni
358 3352 469 3410 fraudis
490 3353 654 3409 Romanum
675 3362 785 3428 patera,
805 3354 903 3429 palam
926 3365 988 3413 erat
1010 3357 1166 3431 agendum.
1217 3357 1311 3415 Urben

261 3477 417 3532 arcemque
438 3476 497 3515 suae
513 3457 671 3531 potestatis
693 3457 774 3515 aiunt
795 3459 1002 3529 debereesse,
1033 3460 1058 3516 si
1079 3460 1163 3518 liberi
1186 3461 1216 3517 in
1237 3459 1310 3516 socie

261 3573 361 3634 tatem,
383 3583 442 3620 nou
463 3562 540 3621 servi
559 3562 589 3618 in
612 3563 771 3620 custodiam
795 3564 895 3620 traditi
915 3575 1011 3622 essent
1031 3565 1184 3624 Romanis.
1223 3567 1311 3637 Itaque

232 3670 358 3726 7claves
379 3679 530 3744 portarum
553 3669 636 3725 reddi
656 3668 712 3725 sibi
737 3687 850 3742 aequum
866 3679 999 3728 censent:
1023 3670 1107 3726 bonis
1129 3669 1217 3726 sociis
1240 3670 1310 3726 fider

261 3775 529 3860 suam-maximum
547 3773 692 3831 vinculum
715 3792 787 3843 csse,
809 3782 838 3830 at
858 3774 900 3831 ita
921 3775 976 3832 sibi
997 3774 1137 3850 populum
1158 3776 1310 3832 Romanum

262 3888 453 3954 senatumque
474 3879 585 3954 gratias
605 3877 780 3948 habiturum,
802 3879 826 3936 si
848 3879 980 3938 volentos
1001 3899 1037 3937 ac
1058 3899 1117 3936 non
1133 3880 1227 3936 coacti
1244 3896 1309 3934 mar·

128 3999 133 4006 ·
167 3980 182 3986 ’“
232 3981 367 4040 Bsissent
387 3983 417 4038 in
440 3982 576 4039 amicitia.
625 3983 675 4040 Ad
697 4002 734 4040 ea
755 3985 907 4042 Romanus
934 4003 966 4042 se
988 3986 1017 4042 in
1047 3975 1182 4059 prasidio
1206 3983 1308 4060 imposi·
