2680 4546
303 235 341 292 22
569 231 648 281 Liber
665 230 767 282 xxvt,
806 231 851 294 (Δ.
865 247 889 282 ιι.
903 247 927 285 c.
940 231 1015 295 543.)

259 416 472 489 redintegratus
495 415 588 472 luctus
614 424 740 490 accepte
763 415 855 472 cladis
870 415 1113 488 desideriumque
1129 415 1321 488 imperatore·

230 521 443 580 Semissorurn.
493 520 598 578 Maesta
619 521 719 594 itaque
743 519 855 588 civitae,
878 537 970 594 prope
991 519 1082 593 inops
1107 518 1236 583 consilii,
1254 517 1324 574 coui-

260 627 366 684 tiorum
389 621 436 682 die
458 632 555 682 tamen
579 625 608 682 in
629 643 765 699 campum
782 624 949 705 'descendit3
978 635 1072 698 atque
1095 625 1128 680 in
1155 622 1325 696 magistram

259 730 336 788 versi
359 729 601 805 circumspectant
622 747 675 786 ora
696 729 859 805 principum
887 729 1010 785 aliorum
1043 729 1125 785 alios
1161 728 1326 787 intuentium.

259 835 453 908 fremuntque,
486 836 561 893 adeo
596 834 724 910 perditas
746 852 793 891 res
823 835 1069 909 desperatumque
1099 835 1142 890 de
1171 831 1327 907 republica

230 946 340 1011 lesse,
363 948 394 996 ut
415 958 501 998 nemo
519 941 627 997 audeat
646 938 676 996 in
697 939 872 1015 Hispaniam
894 938 1047 1013 imperium
1074 941 1238 1014 accipere,
1256 955 1326 1011 quun

260 1045 356 1101 subito
378 1045 413 1101 P.
437 1043 607 1115 Cornelius,
641 1044 676 1101 P.
701 1042 833 1112 Cornelii,
867 1043 916 1117 qni
943 1044 973 1100 iu
999 1043 1158 1118 Hispania
1192 1041 1326 1103 ceciderat.

259 1149 350 1219 filius,
386 1157 524 1222 quattuor
548 1157 577 1206 et
604 1149 707 1225 viginti
735 1147 827 1206 ferme
857 1165 949 1204 annos
981 1157 1085 1217 natus,
1118 1148 1278 1224 professus
1302 1164 1327 1200 se

227 1260 366 1329 Spetere,
390 1253 419 1310 in
444 1256 603 1330 superiore,
632 1255 709 1312 unde
730 1251 859 1327 conspici
882 1262 991 1326 posset,
1015 1255 1084 1310 loco
1110 1253 1258 1310 constitit.
1298 1251 1324 1307 lu

260 1378 345 1434 quem
367 1369 523 1434 postquem
546 1360 674 1416 omnium
697 1377 751 1415 ora
773 1375 915 1415 conversa
935 1365 1011 1428 sunt,
1034 1357 1172 1416 clamore
1189 1377 1227 1414 ac
1240 1357 1324 1414 farore

228 1465 382 1526 dominati
414 1465 560 1541 extemplo
595 1473 662 1522 sunt
693 1463 765 1522 felix
798 1461 985 1535 faustumque
1020 1461 1195 1536 imperinm.
1263 1461 1322 1518 lassi

260 1571 363 1627 deinde
384 1570 459 1627 inire
480 1567 651 1644 suffragium
674 1569 712 1625 ad
735 1587 823 1626 unum
846 1584 946 1624 omnes
975 1585 1035 1622 non
1066 1568 1213 1624 centuriae
1243 1565 1321 1631 modo,

258 1675 309 1730 sed
344 1664 430 1732 etiam
463 1674 595 1732 homines
624 1675 660 1730 P.
684 1674 813 1750 Scipioni
844 1653 996 1747 imperium
1032 1690 1099 1730 esse
1129 1674 1162 1730 iu
1192 1669 1319 1746 Hispania

209 1787 243 1840 to
258 1780 412 1838 iusserunt.
471 1778 607 1837 Ceterum
639 1789 706 1853 post
727 1797 792 1836 rem
815 1785 925 1847 actam,
959 1786 991 1834 ut
1019 1778 1081 1834 iem
1104 1779 1258 1836 resederat
1277 1775 1318 1829 in·

257 1895 340 1962 petus
374 1885 537 1942 animorum
572 1885 732 1959 ardorque,
766 1883 910 1940 silentium
941 1881 1038 1938 subito
1061 1892 1162 1940 ortum
1191 1895 1221 1940 et
1245 1881 1315 1938 tadu

258 1991 411 2066 cogitatio,
435 1990 573 2065 quidnam
596 1990 736 2064 egissent;
765 2007 861 2044 nonne
881 1987 967 2044 favor
989 1986 1056 2060 plus
1077 1988 1225 2046 valuisset
1245 2003 1313 2060 quau

208 2108 237 2160 11
257 2097 342 2154 ratio.
390 2095 502 2153 AEtatis
535 2094 662 2151 maxime
695 2094 867 2169 paenitebat3
905 2091 1023 2166 quidam
1058 2091 1212 2151 fortunam
1244 2093 1311 2149 etian
1329 2094 1337 2150 l

257 2202 361 2258 domus
383 2201 543 2257 horrebant
563 2211 727 2272 nomenque
750 2218 787 2256 ex
808 2198 930 2256 funestis
952 2198 1068 2254 duabus
1089 2197 1213 2256 familiis
1233 2199 1260 2255 iu
1276 2211 1311 2252 eu
1329 2207 1337 2248 l

257 2304 437 2381 provincias,
474 2304 524 2360 ubi
558 2304 632 2360 inter
665 2303 800 2377 sepulcra
826 2302 917 2377 patris
945 2302 1103 2376 patruique
1126 2323 1176 2360 res
1199 2301 1310 2379 gerenda

160 2413 202 2480 19
257 2419 368 2480 essent,
400 2408 618 2484 proficiscentis.
677 2407 772 2480 Quam
805 2408 855 2465 nbi
890 2407 927 2463 ab
956 2425 990 2463 re
1018 2416 1100 2465 tanto
1131 2409 1242 2484 impetu
1261 2415 1307 2462 aus
1329 2420 1337 2465 :t

256 2514 476 2572 sollicitudinem
500 2530 658 2586 curamque
680 2512 828 2570 hominum
851 2511 1067 2582 animadvertit,
1090 2514 1239 2571 advocata
1257 2529 1307 2568 con·
1332 2485 1337 2570 l

254 2620 342 2690 tione,
373 2621 415 2678 ita
446 2620 483 2678 de
504 2627 589 2676 astate
609 2636 664 2674 sua
685 2617 866 2694 imperioque
898 2617 1037 2674 mandato
1070 2627 1100 2674 et
1126 2618 1216 2688 bello,
1248 2613 1306 2690 quod
1328 2619 1337 2678 i

223 2725 414 2800 2gerundum
437 2733 529 2795 esset,
553 2742 661 2798 magno
684 2723 819 2796 elatoque
841 2722 938 2778 animo
960 2721 1114 2792 disseruit,
1137 2731 1169 2780 ut
1193 2724 1304 2780 ardoran
1331 2741 1337 2820 p

255 2848 336 2901 eum,
369 2829 417 2904 qui
439 2830 601 2898 resederat,
624 2828 766 2885 excitaret
798 2845 898 2884 rursus
920 2837 1104 2902 novaretque
1138 2837 1163 2884 et
1195 2826 1304 2902 impleret
1330 2826 1337 2892 l

254 2935 384 2992 homines
409 2935 539 2991 certioris
562 2933 637 3008 spei,
672 2951 760 3006 quam
791 2941 930 3007 quantam
952 2932 1024 2988 fides
1049 2932 1186 3008 promissi
1207 2927 1303 2988 humani

223 3049 304 3104 3aut
325 3039 400 3096 ratio
423 3057 460 3094 ex
482 3039 587 3096 fiducia
609 3057 706 3096 rerum
732 3037 873 3094 subiicere
895 3037 977 3096 solet.
1034 3039 1106 3094 Fuit
1126 3038 1203 3094 enim
1225 3034 1301 3109 Scipio

253 3163 313 3200 nou
334 3143 410 3199 veris
433 3151 543 3200 tantum
567 3143 721 3200 virtutibus
743 3141 892 3212 mirabilis,
918 3141 1047 3198 sedante
1063 3142 1301 3218 quoquequadru

222 3247 292 3308 dab
313 3246 432 3302 iuventa
453 3247 483 3304 in
505 3248 728 3304 ostentationem
750 3266 850 3336 aarum
872 3248 1061 3322 compositus,
1083 3248 1222 3322 pleraque
1241 3244 1300 3321 apud

255 3351 465 3409 multitudinem
478 3360 529 3408 aut
538 3361 569 3407 ut
588 3370 641 3427 per
651 3362 809 3410 nocturnas
820 3352 885 3409 visa
899 3352 1010 3427 species
1026 3361 1077 3410 aut
1092 3354 1171 3410 velut
1185 3353 1299 3410 divinitus
1331 3271 1337 3414 i

253 3467 349 3513 mente
371 3457 481 3514 monita
503 3474 608 3531 agens,
638 3458 699 3514 sive
725 3465 754 3513 et
780 3457 842 3532 ipse
866 3456 944 3531 capti
967 3457 1095 3531 quadam
1118 3459 1297 3534 superstitione
1332 3484 1335 3524 1,

253 3561 355 3631 animi,
386 3561 448 3618 sive
477 3570 509 3617 ut
538 3560 661 3636 imperia
686 3562 866 3636 consiliaque
894 3563 974 3618 velut
1000 3572 1079 3620 sorte
1102 3563 1210 3620 oraculi
1229 3563 1297 3618 missa
1329 3483 1337 3615 i

223 3666 315 3726 5sine
336 3665 519 3723 cunctatione
541 3675 775 3740 exsequerentur.
834 3668 884 3724 Ad
912 3668 970 3724 hoc
996 3667 1057 3724 iam
1084 3669 1151 3725 inde
1180 3670 1215 3726 ab
1234 3665 1296 3724 initio
1336 3695 1337 3718 ι

229 3788 422 3845 praeparans
444 3755 571 3844 animos,
603 3791 640 3828 ex
662 3790 720 3845 quo
742 3780 842 3846 togam
864 3771 976 3830 virilem
999 3774 1136 3847 sumpsit,
1166 3775 1239 3831 nullo
1261 3771 1296 3828 die
1336 3757 1337 3822 J

253 3874 333 3948 prius
355 3873 444 3931 ullam
466 3877 612 3950 publicam
637 3876 842 3950 privatamque
862 3895 924 3934 rem
946 3876 1015 3952 egit,
1037 3897 1125 3952 quam
1146 3878 1176 3934 in
1196 3875 1293 3951 Capito·

254 3977 324 4034 lium
346 3979 401 4034 iret
424 3979 628 4054 ingressusque
650 3982 739 4038 eedem
762 3982 925 4040 consideret
947 3991 976 4040 et
997 3983 1167 4058 plerumque
1189 3982 1255 4038 solus
1271 3979 1292 4033 in
