<?xml version="1.0" encoding="UTF-8"?>
<!DOCTYPE html PUBLIC "-//W3C//DTD XHTML 1.0 Transitional//EN"
    "http://www.w3.org/TR/xhtml1/DTD/xhtml1-transitional.dtd">
<html xmlns="http://www.w3.org/1999/xhtml" xml:lang="en" lang="en">
 <head>
  <title>
</title>
<meta http-equiv="Content-Type" content="text/html;charset=utf-8" />
  <meta name='ocr-system' content='tesseract 3.04.00' />
  <meta name='ocr-capabilities' content='ocr_page ocr_carea ocr_par ocr_line ocrx_word'/>
</head>
<body>
  <div class='ocr_page' id='page_1' title='image "./titiliviihistor01ussigoog/titiliviihistor01ussigoog_0549.png"; bbox 0 0 2748 4556; ppageno 0'>
   <div class='ocr_carea' id='block_1_1' title="bbox 338 239 1044 304">
    <p class='ocr_par' dir='ltr' id='par_1_1' title="bbox 338 239 1044 304">
     <span class='ocr_line' id='line_1_1' title="bbox 338 239 1044 304; baseline -0.02 -1"><span class='ocrx_word' id='word_1_1' title='bbox 338 245 397 303; x_wconf 76' lang='lat'>208</span> <span class='ocrx_word' id='word_1_2' title='bbox 602 242 679 292; x_wconf 80' lang='lat' dir='ltr'>Liber</span> <span class='ocrx_word' id='word_1_3' title='bbox 696 239 796 290; x_wconf 82' lang='lat' dir='ltr'>XXIX.</span> <span class='ocrx_word' id='word_1_4' title='bbox 834 241 880 304; x_wconf 77' lang='grc' dir='ltr'>(Δ.</span> <span class='ocrx_word' id='word_1_5' title='bbox 893 257 918 292; x_wconf 92' lang='lat' dir='ltr'>u.</span> <span class='ocrx_word' id='word_1_6' title='bbox 934 257 958 295; x_wconf 90' lang='lat' dir='ltr'>c.</span> <span class='ocrx_word' id='word_1_7' title='bbox 970 242 1044 304; x_wconf 75' lang='lat'><strong>550.)</strong></span> 
     </span>
    </p>
   </div>
   <div class='ocr_carea' id='block_1_2' title="bbox 200 425 1328 3462">
    <p class='ocr_par' dir='ltr' id='par_1_2' title="bbox 200 425 1328 3462">
     <span class='ocr_line' id='line_1_2' title="bbox 248 425 1318 504; baseline -0.007 -18"><span class='ocrx_word' id='word_1_8' title='bbox 248 427 426 486; x_wconf 70' lang='lat' dir='ltr'>semiustam</span> <span class='ocrx_word' id='word_1_9' title='bbox 459 427 681 504; x_wconf 81' lang='lat' dir='ltr'>ignominiosam</span> <span class='ocrx_word' id='word_1_10' title='bbox 713 444 807 502; x_wconf 91' lang='lat' dir='ltr'>posse.</span> <span class='ocrx_word' id='word_1_11' title='bbox 855 427 896 484; x_wconf 87' lang='lat' dir='ltr'>Et</span> <span class='ocrx_word' id='word_1_12' title='bbox 921 425 1020 501; x_wconf 81' lang='lat' dir='ltr'>Scipio</span> <span class='ocrx_word' id='word_1_13' title='bbox 1052 426 1156 482; x_wconf 89' lang='lat' dir='ltr'>minime</span> <span class='ocrx_word' id='word_1_14' title='bbox 1180 425 1209 481; x_wconf 89' lang='lat' dir='ltr'>id</span> <span class='ocrx_word' id='word_1_15' title='bbox 1240 443 1318 498; x_wconf 86' lang='lat' dir='ltr'>genus</span> 
     </span>
     <span class='ocr_line' id='line_1_3' title="bbox 297 531 1317 610; baseline -0.006 -19"><span class='ocrx_word' id='word_1_16' title='bbox 297 535 417 592; x_wconf 91' lang='lat' dir='ltr'>militum</span> <span class='ocrx_word' id='word_1_17' title='bbox 440 534 660 610; x_wconf 79' lang='lat' dir='ltr'>aspernabatur,</span> <span class='ocrx_word' id='word_1_18' title='bbox 680 541 713 590; x_wconf 94' lang='lat' dir='ltr'>ut</span> <span class='ocrx_word' id='word_1_19' title='bbox 734 533 898 607; x_wconf 88' lang='lat' dir='ltr'>quinoque</span> <span class='ocrx_word' id='word_1_20' title='bbox 920 534 958 589; x_wconf 90' lang='lat' dir='ltr'>ad</span> <span class='ocrx_word' id='word_1_21' title='bbox 976 531 1091 589; x_wconf 84' lang='lat' dir='ltr'>Cannas</span> <span class='ocrx_word' id='word_1_22' title='bbox 1110 531 1211 606; x_wconf 80' lang='lat' dir='ltr'>ignavie</span> <span class='ocrx_word' id='word_1_23' title='bbox 1232 549 1317 586; x_wconf 87' lang='lat' dir='ltr'>eorum</span> 
     </span>
     <span class='ocr_line' id='line_1_4' title="bbox 296 635 1319 714; baseline -0.008 -16"><span class='ocrx_word' id='word_1_24' title='bbox 296 640 406 698; x_wconf 88' lang='lat' dir='ltr'>cladem</span> <span class='ocrx_word' id='word_1_25' title='bbox 429 648 578 714; x_wconf 82' lang='lat' dir='ltr'>acceptam</span> <span class='ocrx_word' id='word_1_26' title='bbox 600 638 702 709; x_wconf 89' lang='lat' dir='ltr'>sciret,</span> <span class='ocrx_word' id='word_1_27' title='bbox 736 657 830 712; x_wconf 88' lang='lat' dir='ltr'>neque</span> <span class='ocrx_word' id='word_1_28' title='bbox 858 638 932 696; x_wconf 90' lang='lat' dir='ltr'>ullos</span> <span class='ocrx_word' id='word_1_29' title='bbox 962 657 1044 712; x_wconf 90' lang='lat' dir='ltr'>seque</span> <span class='ocrx_word' id='word_1_30' title='bbox 1065 647 1165 694; x_wconf 85' lang='lat' dir='ltr'>veteres</span> <span class='ocrx_word' id='word_1_31' title='bbox 1181 635 1319 693; x_wconf 81' lang='lat' dir='ltr'>militesin</span> 
     </span>
     <span class='ocr_line' id='line_1_5' title="bbox 296 741 1321 820; baseline -0.004 -18"><span class='ocrx_word' id='word_1_32' title='bbox 296 744 423 802; x_wconf 87' lang='lat' dir='ltr'>exercitu</span> <span class='ocrx_word' id='word_1_33' title='bbox 449 746 584 802; x_wconf 78' lang='lat' dir='ltr'>Romano</span> <span class='ocrx_word' id='word_1_34' title='bbox 616 761 694 813; x_wconf 88' lang='lat' dir='ltr'>esse,</span> <span class='ocrx_word' id='word_1_35' title='bbox 727 755 921 820; x_wconf 87' lang='lat' dir='ltr'>expertosque</span> <span class='ocrx_word' id='word_1_36' title='bbox 940 763 998 801; x_wconf 92' lang='lat' dir='ltr'>non</span> <span class='ocrx_word' id='word_1_37' title='bbox 1020 745 1107 800; x_wconf 89' lang='lat' dir='ltr'>variis</span> <span class='ocrx_word' id='word_1_38' title='bbox 1121 743 1215 818; x_wconf 87' lang='lat' dir='ltr'>proeliis</span> <span class='ocrx_word' id='word_1_39' title='bbox 1237 741 1321 798; x_wconf 84' lang='lat' dir='ltr'>modo.</span> 
     </span>
     <span class='ocr_line' id='line_1_6' title="bbox 249 847 1324 925; baseline -0.003 -22"><span class='ocrx_word' id='word_1_40' title='bbox 249 849 283 904; x_wconf 83' lang='lat'>13</span> <span class='ocrx_word' id='word_1_41' title='bbox 296 851 354 908; x_wconf 90' lang='lat' dir='ltr'>sed</span> <span class='ocrx_word' id='word_1_42' title='bbox 376 851 493 909; x_wconf 87' lang='lat' dir='ltr'>urbibus</span> <span class='ocrx_word' id='word_1_43' title='bbox 523 849 610 906; x_wconf 89' lang='lat' dir='ltr'>etiem</span> <span class='ocrx_word' id='word_1_44' title='bbox 637 849 846 925; x_wconf 84' lang='lat' dir='ltr'>oppugnandis.</span> <span class='ocrx_word' id='word_1_45' title='bbox 894 848 1003 922; x_wconf 83' lang='lat' dir='ltr'>Quinta</span> <span class='ocrx_word' id='word_1_46' title='bbox 1025 859 1061 908; x_wconf 72' lang='lat' dir='ltr'>-et</span> <span class='ocrx_word' id='word_1_47' title='bbox 1082 860 1158 906; x_wconf 86' lang='lat' dir='ltr'>sexta</span> <span class='ocrx_word' id='word_1_48' title='bbox 1176 847 1324 906; x_wconf 81' lang='lat' dir='ltr'>Cannenses</span> 
     </span>
     <span class='ocr_line' id='line_1_7' title="bbox 296 952 1323 1031; baseline -0.008 -17"><span class='ocrx_word' id='word_1_49' title='bbox 296 965 379 1014; x_wconf 88' lang='lat' dir='ltr'>erant</span> <span class='ocrx_word' id='word_1_50' title='bbox 399 955 537 1031; x_wconf 81' lang='lat' dir='ltr'>legiones.</span> <span class='ocrx_word' id='word_1_51' title='bbox 586 956 646 1014; x_wconf 88' lang='lat' dir='ltr'>Eas</span> <span class='ocrx_word' id='word_1_52' title='bbox 676 975 708 1012; x_wconf 93' lang='lat' dir='ltr'>se</span> <span class='ocrx_word' id='word_1_53' title='bbox 735 955 919 1013; x_wconf 89' lang='lat' dir='ltr'>traiecturum</span> <span class='ocrx_word' id='word_1_54' title='bbox 941 955 971 1012; x_wconf 91' lang='lat' dir='ltr'>in</span> <span class='ocrx_word' id='word_1_55' title='bbox 993 955 1126 1012; x_wconf 85' lang='lat' dir='ltr'>Africam</span> <span class='ocrx_word' id='word_1_56' title='bbox 1148 971 1225 1028; x_wconf 92' lang='lat' dir='ltr'>quum</span> <span class='ocrx_word' id='word_1_57' title='bbox 1248 952 1323 1007; x_wconf 76' lang='lat' dir='ltr'>dixis</span> 
     </span>
     <span class='ocr_line' id='line_1_8' title="bbox 296 1058 1324 1138; baseline -0.009 -18"><span class='ocrx_word' id='word_1_58' title='bbox 296 1072 356 1134; x_wconf 88' lang='lat' dir='ltr'>set,</span> <span class='ocrx_word' id='word_1_59' title='bbox 392 1061 521 1138; x_wconf 88' lang='lat' dir='ltr'>singulos</span> <span class='ocrx_word' id='word_1_60' title='bbox 542 1062 646 1120; x_wconf 88' lang='lat' dir='ltr'>milites</span> <span class='ocrx_word' id='word_1_61' title='bbox 668 1063 807 1136; x_wconf 76' lang='lat' dir='ltr'>inspexit,</span> <span class='ocrx_word' id='word_1_62' title='bbox 846 1062 1027 1135; x_wconf 87' lang='lat' dir='ltr'>relictisque,</span> <span class='ocrx_word' id='word_1_63' title='bbox 1061 1079 1132 1134; x_wconf 90' lang='lat' dir='ltr'>quos</span> <span class='ocrx_word' id='word_1_64' title='bbox 1147 1077 1199 1114; x_wconf 93' lang='lat' dir='ltr'>non</span> <span class='ocrx_word' id='word_1_65' title='bbox 1218 1058 1324 1113; x_wconf 84' lang='lat' dir='ltr'>idoneos</span> 
     </span>
     <span class='ocr_line' id='line_1_9' title="bbox 295 1161 1325 1240; baseline -0.011 -15"><span class='ocrx_word' id='word_1_66' title='bbox 295 1167 447 1238; x_wconf 88' lang='lat' dir='ltr'>credebat,</span> <span class='ocrx_word' id='word_1_67' title='bbox 479 1168 509 1224; x_wconf 91' lang='lat' dir='ltr'>in</span> <span class='ocrx_word' id='word_1_68' title='bbox 543 1168 638 1226; x_wconf 89' lang='lat' dir='ltr'>locum</span> <span class='ocrx_word' id='word_1_69' title='bbox 673 1187 771 1224; x_wconf 87' lang='lat' dir='ltr'>eorum</span> <span class='ocrx_word' id='word_1_70' title='bbox 808 1167 944 1237; x_wconf 90' lang='lat' dir='ltr'>subiecit,</span> <span class='ocrx_word' id='word_1_71' title='bbox 980 1185 1054 1240; x_wconf 91' lang='lat' dir='ltr'>quos</span> <span class='ocrx_word' id='word_1_72' title='bbox 1083 1185 1173 1224; x_wconf 87' lang='lat' dir='ltr'>secum</span> <span class='ocrx_word' id='word_1_73' title='bbox 1197 1183 1234 1220; x_wconf 87' lang='lat' dir='ltr'>ex</span> <span class='ocrx_word' id='word_1_74' title='bbox 1254 1161 1325 1218; x_wconf 79' lang='lat' dir='ltr'>Italis</span> 
     </span>
     <span class='ocr_line' id='line_1_10' title="bbox 248 1269 1324 1349; baseline -0.007 -21"><span class='ocrx_word' id='word_1_75' title='bbox 248 1276 282 1328; x_wconf 81' lang='lat'>14</span> <span class='ocrx_word' id='word_1_76' title='bbox 295 1274 472 1345; x_wconf 77' lang='lat' dir='ltr'>adduxerat,</span> <span class='ocrx_word' id='word_1_77' title='bbox 505 1273 706 1349; x_wconf 88' lang='lat' dir='ltr'>supplevitque</span> <span class='ocrx_word' id='word_1_78' title='bbox 738 1273 780 1328; x_wconf 90' lang='lat' dir='ltr'>ita</span> <span class='ocrx_word' id='word_1_79' title='bbox 811 1291 861 1330; x_wconf 90' lang='lat' dir='ltr'>eas</span> <span class='ocrx_word' id='word_1_80' title='bbox 893 1272 1037 1347; x_wconf 86' lang='lat' dir='ltr'>legiones,</span> <span class='ocrx_word' id='word_1_81' title='bbox 1068 1283 1101 1329; x_wconf 87' lang='lat' dir='ltr'>ut</span> <span class='ocrx_word' id='word_1_82' title='bbox 1129 1269 1241 1344; x_wconf 77' lang='lat' dir='ltr'>singulae</span> <span class='ocrx_word' id='word_1_83' title='bbox 1271 1284 1324 1322; x_wconf 87' lang='lat' dir='ltr'>sem</span> 
     </span>
     <span class='ocr_line' id='line_1_11' title="bbox 295 1371 1325 1455; baseline -0.009 -19"><span class='ocrx_word' id='word_1_84' title='bbox 295 1379 384 1438; x_wconf 82' lang='lat' dir='ltr'>millis</span> <span class='ocrx_word' id='word_1_85' title='bbox 406 1389 434 1438; x_wconf 91' lang='lat' dir='ltr'>et</span> <span class='ocrx_word' id='word_1_86' title='bbox 457 1381 584 1437; x_wconf 89' lang='lat' dir='ltr'>ducenos</span> <span class='ocrx_word' id='word_1_87' title='bbox 605 1379 733 1455; x_wconf 89' lang='lat' dir='ltr'>pedites,</span> <span class='ocrx_word' id='word_1_88' title='bbox 765 1387 897 1437; x_wconf 78' lang='lat' dir='ltr'>trecenos</span> <span class='ocrx_word' id='word_1_89' title='bbox 919 1378 1061 1434; x_wconf 84' lang='lat' dir='ltr'>heberent</span> <span class='ocrx_word' id='word_1_90' title='bbox 1082 1377 1194 1452; x_wconf 87' lang='lat' dir='ltr'>equites.</span> <span class='ocrx_word' id='word_1_91' title='bbox 1241 1371 1325 1432; x_wconf 88' lang='lat' dir='ltr'>Socio-</span> 
     </span>
     <span class='ocr_line' id='line_1_12' title="bbox 295 1476 1324 1560; baseline -0.007 -18"><span class='ocrx_word' id='word_1_92' title='bbox 295 1505 359 1542; x_wconf 87' lang='lat' dir='ltr'>rum</span> <span class='ocrx_word' id='word_1_93' title='bbox 385 1485 453 1542; x_wconf 85' lang='lat' dir='ltr'>item</span> <span class='ocrx_word' id='word_1_94' title='bbox 474 1485 573 1543; x_wconf 91' lang='lat' dir='ltr'>Latini</span> <span class='ocrx_word' id='word_1_95' title='bbox 598 1485 722 1542; x_wconf 91' lang='lat' dir='ltr'>nominis</span> <span class='ocrx_word' id='word_1_96' title='bbox 746 1485 856 1560; x_wconf 83' lang='lat' dir='ltr'>pedites</span> <span class='ocrx_word' id='word_1_97' title='bbox 878 1484 1047 1559; x_wconf 86' lang='lat' dir='ltr'>equitesque</span> <span class='ocrx_word' id='word_1_98' title='bbox 1069 1485 1104 1540; x_wconf 93' lang='lat' dir='ltr'>de</span> <span class='ocrx_word' id='word_1_99' title='bbox 1125 1481 1244 1540; x_wconf 89' lang='lat' dir='ltr'>exercitu</span> <span class='ocrx_word' id='word_1_100' title='bbox 1265 1476 1324 1534; x_wconf 83' lang='lat' dir='ltr'>Oen·</span> 
     </span>
     <span class='ocr_line' id='line_1_13' title="bbox 295 1589 474 1664; baseline 0 -18"><span class='ocrx_word' id='word_1_101' title='bbox 295 1590 376 1646; x_wconf 90' lang='lat' dir='ltr'>nensi</span> <span class='ocrx_word' id='word_1_102' title='bbox 396 1589 474 1664; x_wconf 80' lang='lat' dir='ltr'>legit.</span> 
     </span>
     <span class='ocr_line' id='line_1_14' title="bbox 200 1692 1326 1771; baseline -0.009 -19"><span class='ocrx_word' id='word_1_103' title='bbox 200 1692 243 1761; x_wconf 75' lang='lat'>25</span> <span class='ocrx_word' id='word_1_104' title='bbox 380 1695 527 1768; x_wconf 80' lang='lat' dir='ltr'>Quantum</span> <span class='ocrx_word' id='word_1_105' title='bbox 565 1694 687 1752; x_wconf 89' lang='lat' dir='ltr'>militum</span> <span class='ocrx_word' id='word_1_106' title='bbox 718 1695 747 1752; x_wconf 89' lang='lat' dir='ltr'>iu</span> <span class='ocrx_word' id='word_1_107' title='bbox 778 1694 910 1752; x_wconf 69' lang='lat' dir='ltr'>Africam</span> <span class='ocrx_word' id='word_1_108' title='bbox 943 1703 1168 1771; x_wconf 78' lang='lat' dir='ltr'>transportatum</span> <span class='ocrx_word' id='word_1_109' title='bbox 1199 1693 1250 1762; x_wconf 84' lang='lat' dir='ltr'>sit,</span> <span class='ocrx_word' id='word_1_110' title='bbox 1282 1706 1326 1743; x_wconf 93' lang='lat' dir='ltr'>non</span> 
     </span>
     <span class='ocr_line' id='line_1_15' title="bbox 266 1795 1327 1876; baseline -0.01 -15"><span class='ocrx_word' id='word_1_111' title='bbox 266 1804 283 1861; x_wconf 86' lang='lat'>2</span> <span class='ocrx_word' id='word_1_112' title='bbox 295 1819 387 1876; x_wconf 85' lang='lat' dir='ltr'>parvo</span> <span class='ocrx_word' id='word_1_113' title='bbox 417 1819 537 1859; x_wconf 88' lang='lat' dir='ltr'>numero</span> <span class='ocrx_word' id='word_1_114' title='bbox 563 1800 638 1856; x_wconf 90' lang='lat' dir='ltr'>inter</span> <span class='ocrx_word' id='word_1_115' title='bbox 665 1809 812 1858; x_wconf 82' lang='lat' dir='ltr'>auctores·</span> <span class='ocrx_word' id='word_1_116' title='bbox 828 1801 983 1876; x_wconf 83' lang='lat' dir='ltr'>discrepat.</span> <span class='ocrx_word' id='word_1_117' title='bbox 1031 1800 1113 1858; x_wconf 89' lang='lat' dir='ltr'>Alibi</span> <span class='ocrx_word' id='word_1_118' title='bbox 1143 1801 1236 1857; x_wconf 90' lang='lat' dir='ltr'>decem</span> <span class='ocrx_word' id='word_1_119' title='bbox 1256 1795 1327 1853; x_wconf 83' lang='lat' dir='ltr'>millis</span> 
     </span>
     <span class='ocr_line' id='line_1_16' title="bbox 295 1900 1326 1983; baseline -0.009 -19"><span class='ocrx_word' id='word_1_120' title='bbox 295 1907 442 1982; x_wconf 88' lang='lat' dir='ltr'>peditum,</span> <span class='ocrx_word' id='word_1_121' title='bbox 471 1907 529 1964; x_wconf 92' lang='lat' dir='ltr'>duo</span> <span class='ocrx_word' id='word_1_122' title='bbox 551 1907 642 1964; x_wconf 85' lang='lat' dir='ltr'>millia</span> <span class='ocrx_word' id='word_1_123' title='bbox 663 1917 691 1964; x_wconf 86' lang='lat' dir='ltr'>et</span> <span class='ocrx_word' id='word_1_124' title='bbox 715 1908 854 1964; x_wconf 86' lang='lat' dir='ltr'>ducentos</span> <span class='ocrx_word' id='word_1_125' title='bbox 876 1907 1002 1983; x_wconf 77' lang='lat' dir='ltr'>equites,</span> <span class='ocrx_word' id='word_1_126' title='bbox 1024 1907 1094 1965; x_wconf 89' lang='lat' dir='ltr'>alibi</span> <span class='ocrx_word' id='word_1_127' title='bbox 1115 1905 1234 1963; x_wconf 87' lang='lat' dir='ltr'>sedecim</span> <span class='ocrx_word' id='word_1_128' title='bbox 1256 1900 1326 1958; x_wconf 85' lang='lat' dir='ltr'>millia</span> 
     </span>
     <span class='ocr_line' id='line_1_17' title="bbox 294 2006 1327 2089; baseline -0.011 -19"><span class='ocrx_word' id='word_1_129' title='bbox 294 2013 440 2088; x_wconf 90' lang='lat' dir='ltr'>peditum,</span> <span class='ocrx_word' id='word_1_130' title='bbox 470 2013 547 2070; x_wconf 91' lang='lat' dir='ltr'>mille</span> <span class='ocrx_word' id='word_1_131' title='bbox 568 2023 596 2070; x_wconf 86' lang='lat' dir='ltr'>et</span> <span class='ocrx_word' id='word_1_132' title='bbox 616 2022 767 2070; x_wconf 85' lang='lat' dir='ltr'>sexcentos</span> <span class='ocrx_word' id='word_1_133' title='bbox 789 2014 915 2087; x_wconf 85' lang='lat' dir='ltr'>equites,</span> <span class='ocrx_word' id='word_1_134' title='bbox 952 2013 1022 2070; x_wconf 85' lang='lat' dir='ltr'>alibi</span> <span class='ocrx_word' id='word_1_135' title='bbox 1042 2022 1126 2089; x_wconf 86' lang='lat' dir='ltr'>parte</span> <span class='ocrx_word' id='word_1_136' title='bbox 1145 2011 1209 2088; x_wconf 88' lang='lat' dir='ltr'>plus</span> <span class='ocrx_word' id='word_1_137' title='bbox 1229 2006 1327 2066; x_wconf 80' lang='lat' dir='ltr'>dimidiu</span> 
     </span>
     <span class='ocr_line' id='line_1_18' title="bbox 294 2116 1325 2195; baseline -0.011 -17"><span class='ocrx_word' id='word_1_138' title='bbox 294 2140 355 2178; x_wconf 90' lang='lat' dir='ltr'>rem</span> <span class='ocrx_word' id='word_1_139' title='bbox 378 2129 513 2189; x_wconf 80' lang='lat' dir='ltr'>auctam,</span> <span class='ocrx_word' id='word_1_140' title='bbox 549 2118 674 2194; x_wconf 90' lang='lat' dir='ltr'>quinque</span> <span class='ocrx_word' id='word_1_141' title='bbox 703 2128 732 2176; x_wconf 89' lang='lat' dir='ltr'>et</span> <span class='ocrx_word' id='word_1_142' title='bbox 758 2119 875 2194; x_wconf 86' lang='lat' dir='ltr'>triginta</span> <span class='ocrx_word' id='word_1_143' title='bbox 905 2117 996 2176; x_wconf 85' lang='lat' dir='ltr'>millia</span> <span class='ocrx_word' id='word_1_144' title='bbox 1016 2120 1144 2195; x_wconf 88' lang='lat' dir='ltr'>peditum</span> <span class='ocrx_word' id='word_1_145' title='bbox 1167 2116 1325 2190; x_wconf 81' lang='lat' dir='ltr'>equitumque</span> 
     </span>
     <span class='ocr_line' id='line_1_19' title="bbox 264 2224 1327 2300; baseline -0.008 -17"><span class='ocrx_word' id='word_1_146' title='bbox 264 2227 323 2284; x_wconf 88' lang='lat' dir='ltr'>3in</span> <span class='ocrx_word' id='word_1_147' title='bbox 352 2243 440 2282; x_wconf 86' lang='lat' dir='ltr'>naves</span> <span class='ocrx_word' id='word_1_148' title='bbox 469 2224 605 2300; x_wconf 88' lang='lat' dir='ltr'>imposita</span> <span class='ocrx_word' id='word_1_149' title='bbox 630 2227 741 2281; x_wconf 80' lang='lat' dir='ltr'>inuenio.</span> <span class='ocrx_word' id='word_1_150' title='bbox 793 2224 917 2297; x_wconf 78' lang='lat' dir='ltr'>Quidam</span> <span class='ocrx_word' id='word_1_151' title='bbox 944 2245 1003 2283; x_wconf 92' lang='lat' dir='ltr'>non</span> <span class='ocrx_word' id='word_1_152' title='bbox 1033 2224 1165 2282; x_wconf 84' lang='lat' dir='ltr'>adiecere</span> <span class='ocrx_word' id='word_1_153' title='bbox 1191 2235 1327 2278; x_wconf 81' lang='lat' dir='ltr'>numerum·</span> 
     </span>
     <span class='ocr_line' id='line_1_20' title="bbox 294 2327 1328 2406; baseline -0.009 -18"><span class='ocrx_word' id='word_1_154' title='bbox 294 2332 368 2389; x_wconf 88' lang='lat' dir='ltr'>inter</span> <span class='ocrx_word' id='word_1_155' title='bbox 404 2350 476 2405; x_wconf 89' lang='lat' dir='ltr'>quos</span> <span class='ocrx_word' id='word_1_156' title='bbox 513 2351 558 2388; x_wconf 90' lang='lat' dir='ltr'>me</span> <span class='ocrx_word' id='word_1_157' title='bbox 590 2331 653 2406; x_wconf 90' lang='lat' dir='ltr'>ipse</span> <span class='ocrx_word' id='word_1_158' title='bbox 683 2331 713 2387; x_wconf 91' lang='lat' dir='ltr'>in</span> <span class='ocrx_word' id='word_1_159' title='bbox 747 2349 780 2387; x_wconf 89' lang='lat' dir='ltr'>re</span> <span class='ocrx_word' id='word_1_160' title='bbox 817 2331 906 2388; x_wconf 88' lang='lat' dir='ltr'>dubia</span> <span class='ocrx_word' id='word_1_161' title='bbox 938 2332 1008 2406; x_wconf 89' lang='lat' dir='ltr'>poni</span> <span class='ocrx_word' id='word_1_162' title='bbox 1036 2330 1145 2387; x_wconf 88' lang='lat' dir='ltr'>malim.</span> <span class='ocrx_word' id='word_1_163' title='bbox 1194 2327 1290 2386; x_wconf 75' lang='lat' dir='ltr'>Caelius</span> <span class='ocrx_word' id='word_1_164' title='bbox 1306 2336 1328 2378; x_wconf 83' lang='lat' dir='ltr'>ut</span> 
     </span>
     <span class='ocr_line' id='line_1_21' title="bbox 295 2434 1327 2510; baseline -0.005 -18"><span class='ocrx_word' id='word_1_165' title='bbox 295 2436 418 2493; x_wconf 86' lang='lat' dir='ltr'>abstinet</span> <span class='ocrx_word' id='word_1_166' title='bbox 432 2455 562 2507; x_wconf 90' lang='lat' dir='ltr'>numero,</span> <span class='ocrx_word' id='word_1_167' title='bbox 583 2434 624 2492; x_wconf 89' lang='lat' dir='ltr'>ita</span> <span class='ocrx_word' id='word_1_168' title='bbox 643 2437 681 2493; x_wconf 91' lang='lat' dir='ltr'>ad</span> <span class='ocrx_word' id='word_1_169' title='bbox 700 2435 870 2494; x_wconf 89' lang='lat' dir='ltr'>immensum</span> <span class='ocrx_word' id='word_1_170' title='bbox 892 2437 1081 2494; x_wconf 89' lang='lat' dir='ltr'>multitudinis</span> <span class='ocrx_word' id='word_1_171' title='bbox 1103 2435 1227 2510; x_wconf 90' lang='lat' dir='ltr'>speciem</span> <span class='ocrx_word' id='word_1_172' title='bbox 1249 2437 1327 2505; x_wconf 62' lang='lat' dir='ltr'>augeli</span> 
     </span>
     <span class='ocr_line' id='line_1_22' title="bbox 263 2541 1326 2616; baseline -0.008 -15"><span class='ocrx_word' id='word_1_173' title='bbox 263 2541 425 2601; x_wconf 74' lang='lat' dir='ltr'>tvolucres</span> <span class='ocrx_word' id='word_1_174' title='bbox 447 2541 486 2598; x_wconf 93' lang='lat' dir='ltr'>ad</span> <span class='ocrx_word' id='word_1_175' title='bbox 506 2550 612 2599; x_wconf 89' lang='lat' dir='ltr'>terram</span> <span class='ocrx_word' id='word_1_176' title='bbox 635 2541 769 2616; x_wconf 85' lang='lat' dir='ltr'>delapsas</span> <span class='ocrx_word' id='word_1_177' title='bbox 794 2542 920 2600; x_wconf 85' lang='lat' dir='ltr'>clamore</span> <span class='ocrx_word' id='word_1_178' title='bbox 939 2543 1059 2600; x_wconf 88' lang='lat' dir='ltr'>militum</span> <span class='ocrx_word' id='word_1_179' title='bbox 1079 2543 1121 2600; x_wconf 85' lang='lat' dir='ltr'>ait</span> <span class='ocrx_word' id='word_1_180' title='bbox 1138 2551 1226 2616; x_wconf 89' lang='lat' dir='ltr'>atque</span> <span class='ocrx_word' id='word_1_181' title='bbox 1239 2547 1326 2596; x_wconf 82' lang='lat' dir='ltr'>tantam</span> 
     </span>
     <span class='ocr_line' id='line_1_23' title="bbox 294 2641 1326 2720; baseline -0.003 -18"><span class='ocrx_word' id='word_1_182' title='bbox 294 2646 503 2703; x_wconf 87' lang='lat' dir='ltr'>multitudinem</span> <span class='ocrx_word' id='word_1_183' title='bbox 534 2647 733 2704; x_wconf 80' lang='lat' dir='ltr'>conscendisse</span> <span class='ocrx_word' id='word_1_184' title='bbox 762 2667 866 2720; x_wconf 89' lang='lat' dir='ltr'>naves,</span> <span class='ocrx_word' id='word_1_185' title='bbox 904 2659 935 2706; x_wconf 92' lang='lat' dir='ltr'>ut</span> <span class='ocrx_word' id='word_1_186' title='bbox 955 2667 1040 2706; x_wconf 90' lang='lat' dir='ltr'>nemo</span> <span class='ocrx_word' id='word_1_187' title='bbox 1062 2648 1228 2706; x_wconf 86' lang='lat' dir='ltr'>mortalium</span> <span class='ocrx_word' id='word_1_188' title='bbox 1249 2641 1326 2703; x_wconf 81' lang='lat' dir='ltr'>autin</span> 
     </span>
     <span class='ocr_line' id='line_1_24' title="bbox 292 2751 939 2827; baseline 0.008 -19"><span class='ocrx_word' id='word_1_189' title='bbox 292 2751 379 2809; x_wconf 88' lang='lat' dir='ltr'>Italia</span> <span class='ocrx_word' id='word_1_190' title='bbox 401 2753 501 2810; x_wconf 81' lang='lat' dir='ltr'>autin</span> <span class='ocrx_word' id='word_1_191' title='bbox 524 2752 622 2812; x_wconf 86' lang='lat' dir='ltr'>Sicilia</span> <span class='ocrx_word' id='word_1_192' title='bbox 643 2752 765 2827; x_wconf 90' lang='lat' dir='ltr'>relinqui</span> <span class='ocrx_word' id='word_1_193' title='bbox 786 2755 939 2815; x_wconf 88' lang='lat' dir='ltr'>videretur.</span> 
     </span>
     <span class='ocr_line' id='line_1_25' title="bbox 264 2857 1326 2919; baseline -0.007 -1"><span class='ocrx_word' id='word_1_194' title='bbox 264 2865 280 2918; x_wconf 87' lang='lat'>5</span> <span class='ocrx_word' id='word_1_195' title='bbox 376 2859 483 2916; x_wconf 92' lang='lat' dir='ltr'>Milites</span> <span class='ocrx_word' id='word_1_196' title='bbox 509 2867 541 2916; x_wconf 85' lang='lat' dir='ltr'>ut</span> <span class='ocrx_word' id='word_1_197' title='bbox 566 2875 658 2914; x_wconf 85' lang='lat' dir='ltr'>naves</span> <span class='ocrx_word' id='word_1_198' title='bbox 685 2859 785 2917; x_wconf 89' lang='lat' dir='ltr'>ordine</span> <span class='ocrx_word' id='word_1_199' title='bbox 812 2880 846 2918; x_wconf 86' lang='lat' dir='ltr'>ac</span> <span class='ocrx_word' id='word_1_200' title='bbox 876 2862 937 2919; x_wconf 85' lang='lat' dir='ltr'>siue</span> <span class='ocrx_word' id='word_1_201' title='bbox 966 2858 1090 2917; x_wconf 86' lang='lat' dir='ltr'>tumultu</span> <span class='ocrx_word' id='word_1_202' title='bbox 1119 2857 1326 2916; x_wconf 74' lang='lat' dir='ltr'>conscenderent</span> 
     </span>
     <span class='ocr_line' id='line_1_26' title="bbox 245 2956 1327 3041; baseline -0.006 -19"><span class='ocrx_word' id='word_1_203' title='bbox 245 3011 249 3022; x_wconf 87' lang='lat'><strong>.</strong></span> <span class='ocrx_word' id='word_1_204' title='bbox 288 2964 355 3038; x_wconf 51' lang='lat' dir='ltr'>¹ipse</span> <span class='ocrx_word' id='word_1_205' title='bbox 377 2983 441 3021; x_wconf 84' lang='lat' dir='ltr'>eam</span> <span class='ocrx_word' id='word_1_206' title='bbox 463 2964 518 3021; x_wconf 89' lang='lat' dir='ltr'>sibi</span> <span class='ocrx_word' id='word_1_207' title='bbox 536 2982 635 3020; x_wconf 90' lang='lat' dir='ltr'>curam</span> <span class='ocrx_word' id='word_1_208' title='bbox 658 2967 794 3041; x_wconf 82' lang='lat' dir='ltr'>sumpsit3</span> <span class='ocrx_word' id='word_1_209' title='bbox 824 2968 955 3026; x_wconf 89' lang='lat' dir='ltr'>nauticos</span> <span class='ocrx_word' id='word_1_210' title='bbox 978 2965 1011 3024; x_wconf 83' lang='lat' dir='ltr'>O.</span> <span class='ocrx_word' id='word_1_211' title='bbox 1036 2965 1153 3034; x_wconf 87' lang='lat' dir='ltr'>Lselius,</span> <span class='ocrx_word' id='word_1_212' title='bbox 1180 2963 1231 3037; x_wconf 91' lang='lat' dir='ltr'>qui</span> <span class='ocrx_word' id='word_1_213' title='bbox 1252 2956 1327 3019; x_wconf 74' lang='lat' dir='ltr'>classis</span> 
     </span>
     <span class='ocr_line' id='line_1_27' title="bbox 291 3063 1326 3144; baseline -0.004 -19"><span class='ocrx_word' id='word_1_214' title='bbox 291 3068 444 3144; x_wconf 84' lang='lat' dir='ltr'>praefeetus</span> <span class='ocrx_word' id='word_1_215' title='bbox 467 3076 538 3137; x_wconf 90' lang='lat' dir='ltr'>erat,</span> <span class='ocrx_word' id='word_1_216' title='bbox 558 3068 588 3124; x_wconf 89' lang='lat' dir='ltr'>in</span> <span class='ocrx_word' id='word_1_217' title='bbox 608 3069 741 3141; x_wconf 88' lang='lat' dir='ltr'>navibus,</span> <span class='ocrx_word' id='word_1_218' title='bbox 763 3081 830 3129; x_wconf 88' lang='lat' dir='ltr'>ante</span> <span class='ocrx_word' id='word_1_219' title='bbox 847 3073 1177 3140; x_wconf 85' lang='lat' dir='ltr'>conscenderecoactos,</span> <span class='ocrx_word' id='word_1_220' title='bbox 1199 3063 1326 3127; x_wconf 82' lang='lat' dir='ltr'>continuit:</span> 
     </span>
     <span class='ocr_line' id='line_1_28' title="bbox 264 3173 1328 3253; baseline -0.007 -22"><span class='ocrx_word' id='word_1_221' title='bbox 264 3182 471 3236; x_wconf 86' lang='lat' dir='ltr'>6commeatus</span> <span class='ocrx_word' id='word_1_222' title='bbox 519 3173 685 3249; x_wconf 91' lang='lat' dir='ltr'>imponendi</span> <span class='ocrx_word' id='word_1_223' title='bbox 721 3177 763 3235; x_wconf 93' lang='lat' dir='ltr'>M.</span> <span class='ocrx_word' id='word_1_224' title='bbox 799 3177 964 3253; x_wconf 89' lang='lat' dir='ltr'>Pomponio</span> <span class='ocrx_word' id='word_1_225' title='bbox 1003 3175 1121 3252; x_wconf 87' lang='lat' dir='ltr'>praetori</span> <span class='ocrx_word' id='word_1_226' title='bbox 1158 3193 1230 3231; x_wconf 89' lang='lat' dir='ltr'>cura</span> <span class='ocrx_word' id='word_1_227' title='bbox 1269 3173 1328 3228; x_wconf 80' lang='lat' dir='ltr'>dats:</span> 
     </span>
     <span class='ocr_line' id='line_1_29' title="bbox 294 3263 1326 3356; baseline -0.004 -21"><span class='ocrx_word' id='word_1_228' title='bbox 294 3279 420 3355; x_wconf 90' lang='lat' dir='ltr'>quinque</span> <span class='ocrx_word' id='word_1_229' title='bbox 450 3289 478 3336; x_wconf 85' lang='lat' dir='ltr'>et</span> <span class='ocrx_word' id='word_1_230' title='bbox 505 3280 699 3355; x_wconf 79' lang='lat' dir='ltr'>quadraginta</span> <span class='ocrx_word' id='word_1_231' title='bbox 730 3263 853 3340; x_wconf 78' lang='lat' dir='ltr'>dierum‘</span> <span class='ocrx_word' id='word_1_232' title='bbox 868 3283 994 3353; x_wconf 84' lang='lat' dir='ltr'>ciboria,</span> <span class='ocrx_word' id='word_1_233' title='bbox 1026 3281 1169 3356; x_wconf 87' lang='lat' dir='ltr'>equibus</span> <span class='ocrx_word' id='word_1_234' title='bbox 1190 3277 1326 3354; x_wconf 82' lang='lat' dir='ltr'>quindecim</span> 
     </span>
     <span class='ocr_line' id='line_1_30' title="bbox 265 3385 1326 3462; baseline -0.002 -20"><span class='ocrx_word' id='word_1_235' title='bbox 265 3386 403 3448; x_wconf 82' lang='lat' dir='ltr'>7dierum</span> <span class='ocrx_word' id='word_1_236' title='bbox 438 3394 537 3456; x_wconf 91' lang='lat' dir='ltr'>cocta,</span> <span class='ocrx_word' id='word_1_237' title='bbox 566 3385 712 3462; x_wconf 86' lang='lat' dir='ltr'>imposita.</span> <span class='ocrx_word' id='word_1_238' title='bbox 758 3389 801 3447; x_wconf 89' lang='lat' dir='ltr'>Ut</span> <span class='ocrx_word' id='word_1_239' title='bbox 829 3408 928 3446; x_wconf 90' lang='lat' dir='ltr'>omnes</span> <span class='ocrx_word' id='word_1_240' title='bbox 961 3391 1019 3446; x_wconf 82' lang='lat' dir='ltr'>iem</span> <span class='ocrx_word' id='word_1_241' title='bbox 1048 3390 1078 3446; x_wconf 92' lang='lat' dir='ltr'>in</span> <span class='ocrx_word' id='word_1_242' title='bbox 1106 3386 1231 3444; x_wconf 86' lang='lat' dir='ltr'>navibus</span> <span class='ocrx_word' id='word_1_243' title='bbox 1261 3391 1326 3441; x_wconf 77' lang='lat' dir='ltr'>erant</span> 
     </span>
    </p>
   </div>
   <div class='ocr_carea' id='block_1_3' title="bbox 293 3483 1326 3675">
    <p class='ocr_par' dir='ltr' id='par_1_3' title="bbox 293 3483 1326 3675">
     <span class='ocr_line' id='line_1_31' title="bbox 294 3483 1326 3571; baseline 0.002 -25"><span class='ocrx_word' id='word_1_244' title='bbox 294 3494 418 3566; x_wconf 86' lang='lat' dir='ltr'>scaphas</span> <span class='ocrx_word' id='word_1_245' title='bbox 440 3492 634 3564; x_wconf 89' lang='lat' dir='ltr'>circummisit,</span> <span class='ocrx_word' id='word_1_246' title='bbox 655 3502 687 3550; x_wconf 86' lang='lat' dir='ltr'>ut</span> <span class='ocrx_word' id='word_1_247' title='bbox 706 3513 743 3550; x_wconf 84' lang='lat' dir='ltr'>ex</span> <span class='ocrx_word' id='word_1_248' title='bbox 761 3495 884 3552; x_wconf 89' lang='lat' dir='ltr'>navibus</span> <span class='ocrx_word' id='word_1_249' title='bbox 898 3497 1165 3571; x_wconf 80' lang='lat' dir='ltr'>gubernatoresque</span> <span class='ocrx_word' id='word_1_250' title='bbox 1180 3501 1210 3550; x_wconf 88' lang='lat' dir='ltr'>et</span> <span class='ocrx_word' id='word_1_251' title='bbox 1221 3483 1326 3567; x_wconf 71' lang='lat' dir='ltr'>magud</span> 
     </span>
     <span class='ocr_line' id='line_1_32' title="bbox 293 3594 1325 3675; baseline 0.001 -24"><span class='ocrx_word' id='word_1_252' title='bbox 293 3597 411 3655; x_wconf 85' lang='lat' dir='ltr'>navium</span> <span class='ocrx_word' id='word_1_253' title='bbox 451 3607 479 3655; x_wconf 88' lang='lat' dir='ltr'>et</span> <span class='ocrx_word' id='word_1_254' title='bbox 518 3598 578 3656; x_wconf 92' lang='lat' dir='ltr'>bini</span> <span class='ocrx_word' id='word_1_255' title='bbox 611 3597 715 3656; x_wconf 87' lang='lat' dir='ltr'>milites</span> <span class='ocrx_word' id='word_1_256' title='bbox 746 3600 776 3656; x_wconf 94' lang='lat' dir='ltr'>in</span> <span class='ocrx_word' id='word_1_257' title='bbox 814 3599 909 3659; x_wconf 83' lang='lat' dir='ltr'>iorum</span> <span class='ocrx_word' id='word_1_258' title='bbox 942 3601 1129 3659; x_wconf 90' lang='lat' dir='ltr'>convenirent</span> <span class='ocrx_word' id='word_1_259' title='bbox 1160 3599 1199 3656; x_wconf 88' lang='lat' dir='ltr'>ad</span> <span class='ocrx_word' id='word_1_260' title='bbox 1229 3594 1325 3675; x_wconf 73' lang='lat' dir='ltr'>imperis</span> 
     </span>
    </p>
   </div>
   <div class='ocr_carea' id='block_1_4' title="bbox 261 3699 1325 4096">
    <p class='ocr_par' dir='ltr' id='par_1_4' title="bbox 261 3699 1325 4096">
     <span class='ocr_line' id='line_1_33' title="bbox 262 3699 1325 3782; baseline 0.001 -25"><span class='ocrx_word' id='word_1_261' title='bbox 262 3701 472 3775; x_wconf 87' lang='lat' dir='ltr'>8accipienda.</span> <span class='ocrx_word' id='word_1_262' title='bbox 525 3706 686 3778; x_wconf 82' lang='lat' dir='ltr'>Postquam</span> <span class='ocrx_word' id='word_1_263' title='bbox 709 3715 920 3775; x_wconf 90' lang='lat' dir='ltr'>convenerunt,</span> <span class='ocrx_word' id='word_1_264' title='bbox 943 3707 1068 3782; x_wconf 89' lang='lat' dir='ltr'>primum</span> <span class='ocrx_word' id='word_1_265' title='bbox 1093 3707 1130 3763; x_wconf 85' lang='lat' dir='ltr'>ab</span> <span class='ocrx_word' id='word_1_266' title='bbox 1151 3706 1187 3762; x_wconf 88' lang='lat' dir='ltr'>iis</span> <span class='ocrx_word' id='word_1_267' title='bbox 1212 3699 1325 3779; x_wconf 75' lang='lat' dir='ltr'>quaesirit</span> 
     </span>
     <span class='ocr_line' id='line_1_34' title="bbox 293 3806 1324 3886; baseline 0 -23"><span class='ocrx_word' id='word_1_268' title='bbox 293 3806 319 3864; x_wconf 90' lang='lat' dir='ltr'>si</span> <span class='ocrx_word' id='word_1_269' title='bbox 340 3825 446 3883; x_wconf 84' lang='lat' dir='ltr'>aquarn</span> <span class='ocrx_word' id='word_1_270' title='bbox 466 3809 630 3867; x_wconf 88' lang='lat' dir='ltr'>hominibus</span> <span class='ocrx_word' id='word_1_271' title='bbox 650 3811 841 3885; x_wconf 89' lang='lat' dir='ltr'>iumentisque</span> <span class='ocrx_word' id='word_1_272' title='bbox 862 3813 892 3868; x_wconf 90' lang='lat' dir='ltr'>in</span> <span class='ocrx_word' id='word_1_273' title='bbox 913 3813 1032 3870; x_wconf 88' lang='lat' dir='ltr'>totidem</span> <span class='ocrx_word' id='word_1_274' title='bbox 1047 3812 1118 3880; x_wconf 89' lang='lat' dir='ltr'>dies,</span> <span class='ocrx_word' id='word_1_275' title='bbox 1135 3823 1208 3886; x_wconf 89' lang='lat' dir='ltr'>quot</span> <span class='ocrx_word' id='word_1_276' title='bbox 1221 3810 1324 3868; x_wconf 80' lang='lat' dir='ltr'>fruiuer</span> 
     </span>
     <span class='ocr_line' id='line_1_35' title="bbox 261 3915 1324 3993; baseline 0.002 -23"><span class='ocrx_word' id='word_1_277' title='bbox 261 3923 362 3984; x_wconf 79' lang='lat' dir='ltr'>9tum,</span> <span class='ocrx_word' id='word_1_278' title='bbox 384 3915 598 3990; x_wconf 88' lang='lat' dir='ltr'>imposuissent.</span> <span class='ocrx_word' id='word_1_279' title='bbox 639 3917 700 3976; x_wconf 87' lang='lat' dir='ltr'>Ubi</span> <span class='ocrx_word' id='word_1_280' title='bbox 720 3919 938 3993; x_wconf 89' lang='lat' dir='ltr'>responderunt,</span> <span class='ocrx_word' id='word_1_281' title='bbox 961 3937 1068 3993; x_wconf 86' lang='lat' dir='ltr'>aquam</span> <span class='ocrx_word' id='word_1_282' title='bbox 1090 3919 1202 3976; x_wconf 89' lang='lat' dir='ltr'>dierum</span> <span class='ocrx_word' id='word_1_283' title='bbox 1224 3917 1324 3991; x_wconf 74' lang='lat' dir='ltr'>quinque</span> 
     </span>
     <span class='ocr_line' id='line_1_36' title="bbox 292 4021 1323 4096; baseline 0.003 -20"><span class='ocrx_word' id='word_1_284' title='bbox 292 4031 320 4076; x_wconf 90' lang='lat' dir='ltr'>et</span> <span class='ocrx_word' id='word_1_285' title='bbox 341 4021 538 4096; x_wconf 86' lang='lat' dir='ltr'>quadraginta</span> <span class='ocrx_word' id='word_1_286' title='bbox 560 4021 590 4078; x_wconf 89' lang='lat' dir='ltr'>in</span> <span class='ocrx_word' id='word_1_287' title='bbox 613 4022 735 4080; x_wconf 86' lang='lat' dir='ltr'>navibus</span> <span class='ocrx_word' id='word_1_288' title='bbox 757 4041 829 4094; x_wconf 89' lang='lat' dir='ltr'>esse,</span> <span class='ocrx_word' id='word_1_289' title='bbox 850 4033 910 4082; x_wconf 90' lang='lat' dir='ltr'>tum</span> <span class='ocrx_word' id='word_1_290' title='bbox 932 4025 1023 4084; x_wconf 85' lang='lat' dir='ltr'>edixit</span> <span class='ocrx_word' id='word_1_291' title='bbox 1044 4025 1192 4094; x_wconf 87' lang='lat' dir='ltr'>militibus,</span> <span class='ocrx_word' id='word_1_292' title='bbox 1214 4033 1245 4080; x_wconf 87' lang='lat' dir='ltr'>ut</span> <span class='ocrx_word' id='word_1_293' title='bbox 1265 4023 1323 4080; x_wconf 77' lang='lat' dir='ltr'>situ</span> 
     </span>
    </p>
   </div>
   <div class='ocr_carea' id='block_1_5' title="bbox 0 0 1379 4548">
    <p class='ocr_par' dir='ltr' id='par_1_5' title="bbox 0 0 1379 4548">
     <span class='ocr_line' id='line_1_37' title="bbox 0 0 1379 4548; baseline 0 0"><span class='ocrx_word' id='word_1_294' title='bbox 0 0 1379 4548; x_wconf 95' lang='lat' dir='ltr'> </span> 
     </span>
    </p>
   </div>
  </div>
 </body>
</html>
