2812 4556
585 296 622 340 11

57 483 76 536 6
102 496 163 534 nec
194 477 364 534 dictatorem
392 477 516 552 populus
546 474 618 552 (Mp.
641 476 706 536 Em.
731 476 801 547 233,
823 479 878 533 nisi
898 477 977 551 quod
997 477 1036 533 ibi
1055 477 1139 534 alitur

56 580 95 618 aa
115 563 247 634 sortasse
267 562 368 616 rectius
389 561 532 634 suppletur
555 560 662 615 lacuna
684 560 714 615 P
738 577 792 616 neo
813 559 983 615 dictatorem
1015 559 1138 634 populo)

60 643 63 720 l
90 643 327 720 prodictatorem
350 643 475 718 populus
497 639 539 716 (P
556 651 582 698 et
602 661 691 698 omnes
712 641 811 707 eodd.,·
833 642 898 698 mn.
924 643 994 714 iba.)
1028 647 1043 698 7
1071 643 1137 717 (pro

58 728 138 783 urbe
163 745 199 782 ac
221 725 375 801 penatibus
397 725 495 783 Fabri.
519 725 548 780 P
566 743 600 782 ac
622 725 783 799 paenatibus
804 744 857 799 pro
881 725 960 782 urbe.
983 723 1075 780 Drala
1099 724 1136 780 ad

59 819 192 884 penates
210 801 268 883 'pro
290 809 374 880 urbe)
406 808 469 876 IX,
506 809 523 863 2
548 807 669 863 coloniae
694 809 772 864 haud
793 807 878 863 nimis
900 825 1040 882 prospere
1063 805 1135 879 (My.

60 893 132 948 Em.
149 891 221 948 235.
243 891 273 946 P
291 891 411 948 colonia
426 891 504 946 haud
527 891 772 965 minueprospere.
820 889 887 946 Cum
898 890 1003 947 Laud
1019 888 1135 945 minime

56 975 191 1050 pratuli,
213 974 289 1047 quod
310 983 337 1029 et
357 974 396 1029 ad
416 973 446 1028 P
458 975 576 1047 propias
601 973 706 1029 aceedit
726 981 752 1029 et
775 973 815 1029 ad
836 967 897 1028 redi
913 975 1006 1046 aptius
1028 969 1089 1046 est.)
1117 977 1133 1028 5

62 1057 159 1130 quieti
185 1055 299 1130 (Gran.)
319 1053 324 1129 Ι
343 1056 527 1112 Hadrianum
560 1074 661 1130 agrum
692 1055 763 1128 (eod.
785 1073 855 1112 unus
877 1064 903 1112 et
923 1056 995 1111 alter
1015 1055 1083 1126 rec.)
1118 1059 1134 1109 6

62 1139 140 1196 actis
175 1136 278 1213 (Gran.
301 1139 365 1194 Em.
387 1138 460 1209 236)
498 1141 515 1194 9
540 1136 617 1213 (Non
638 1139 853 1212 improbabiliter
874 1137 1027 1193 Rubenius:
1057 1137 1136 1210 quod

70 1231 215 1280 ..votum
232 1219 402 1298 anteferet)
418 1221 459 1290 X,
481 1223 490 1278 l
508 1221 687 1293 (consulente
708 1221 860 1294 collegium
876 1229 1000 1294 praetore
1013 1219 1138 1292 Lipsius.

61 1305 94 1360 P
113 1313 140 1360 et
154 1303 249 1362 Drale.
272 1303 439 1360 consulente
461 1303 582 1376 collegio
607 1306 773 1376 praetorum)
798 1303 995 1376 2proxirnum
1019 1311 1083 1370 stet,
1105 1309 1137 1356 ut

62 1387 173 1452 velim,
207 1405 332 1459 eamque
365 1385 477 1442 salvam
509 1385 705 1442 servaverite
734 1387 802 1441 oeni.
835 1383 909 1460 (My.
929 1385 959 1440 P
972 1383 1137 1458 proximum

64 1469 326 1542 sicuelimeamque
341 1469 451 1524 saluam
468 1469 636 1524 seruauerit.
679 1468 771 1524 Drala
793 1467 968 1542 proximum,
990 1467 1064 1523 sicut
1085 1484 1137 1522 ve-

64 1553 119 1608 lim
142 1571 224 1621 eam,
259 1551 342 1607 salva
371 1559 488 1606 servata
514 1551 577 1613 erit.
623 1551 732 1608 Certum
756 1560 810 1617 est,
843 1553 871 1606 in
899 1568 1021 1623 eamque
1054 1550 1139 1604 latae

64 1637 188 1691 alterum
217 1635 345 1698 verbum·
373 1631 494 1707 prator,
527 1636 597 1689 sicut
618 1653 691 1689 mens
723 1635 871 1706 concipiat,
903 1641 994 1688 uotum
1026 1632 1141 1703 intelligi

64 1719 148 1789 uult.)
169 1719 173 1788 Ι
192 1716 272 1772 hisce
294 1716 405 1786 duellis,
428 1716 527 1771 datum
551 1717 658 1772 donum
681 1716 743 1772 duit
763 1715 888 1790 populus
909 1717 945 1772 R.
969 1714 1139 1787 Quiritiums

66 1801 150 1874 quod
183 1798 369 1858 duellum...
406 1799 446 1854 cis
475 1797 567 1872 Alpes
604 1809 686 1854 sunt:
720 1799 798 1871 quod
825 1817 877 1854 ver
912 1795 1005 1872 (Lips.
1028 1805 1053 1852 et
1075 1795 1136 1868 My.

67 1886 144 1954 [tum
163 1901 220 1956 pro
242 1883 356 1953 datum]
384 1881 449 1939 Fan
472 1881 549 1947 236,
578 1883 626 1937 ubi
642 1882 809 1954 praetermisi
830 1881 1068 1936 luculentissimum
1093 1897 1138 1933 ea·

67 1967 188 2040 emplum
212 1967 440 2039 transpositorum
461 1966 489 2019 in
510 1965 539 2020 P
557 1967 705 2037 ceterisque
727 1964 807 2023 codd.
822 1966 885 2036 fere
906 1964 1019 2034 triptota
1039 1960 1138 2016 aerbo·

66 2067 131 2104 runt
157 2049 203 2103 lib.
227 2045 328 2102 XXII
345 2065 367 2102 o.
394 2046 434 2102 32
462 2045 533 2122 init.)
579 2050 595 2102 3
619 2046 685 2104 Iovi
716 2046 779 2102 fieri
812 2065 848 2102 ex
879 2063 937 2118 qua
967 2043 1054 2116 (Post'
1076 2049 1137 2099 tum

68 2132 133 2186 duit
164 2130 255 2186 rediri
286 2131 395 2185 uidetur
427 2129 467 2185 ad
497 2129 592 2186 velitis
620 2138 645 2185 et
666 2129 728 2184 inde
753 2132 826 2185 neoti
846 2127 911 2184 Iovi
933 2127 1009 2194 fieri3
1039 2128 1066 2181 in
1089 2127 1139 2180 illa

69 2215 288 2288 interpunctione
317 2222 342 2268 et
363 2212 431 2267 ordo
452 2213 595 2268 uerborum
616 2212 782 2267 incredibilis
807 2221 832 2267 et
852 2211 983 2267 sententia
1007 2225 1139 2282 perversa

68 2301 132 2360 est.)
170 2299 187 2352 6
217 2295 242 2350 si
274 2294 390 2351 antidea
421 2304 609 2360 senatus...,
631 2295 694 2350 fieri
726 2313 760 2350 ac
785 2293 895 2350 faxitur
926 2292 990 2364 (Er.
1024 2291 1140 2358 Mulier,

70 2378 206 2452 interpres
227 2377 342 2437 Danas.
386 2375 419 2432 Si
439 2386 588 2444 cernetur,
609 2396 643 2432 ne
667 2395 727 2432 sero
750 2379 811 2450 quis
828 2379 945 2449 faceret,
968 2383 1056 2430 tamen
1073 2391 1140 2446 per·

70 2462 188 2517 ridicule
210 2463 251 2515 sie
274 2464 431 2530 caueretur,
461 2463 543 2534 quasi
563 2469 673 2516 senatus
698 2461 873 2533 populusque
902 2458 946 2526 id,
976 2456 1051 2530 quod
1079 2474 1139 2511 sero

64 2547 175 2618 factum
198 2552 278 2612 esset,
300 2544 402 2599 iuberet
423 2552 485 2598 ante
499 2543 574 2615 fieri,
593 2552 619 2598 et
633 2544 715 2616 quasi
735 2550 845 2597 senatus
861 2542 1037 2615 populusque
1058 2538 1140 2611 culpa

74 2626 234 2682 liberandas
257 2635 326 2681 esset
333 2647 343 2689 ,·
365 2625 414 2681 sed
436 2627 540 2681 ormino
555 2645 607 2680 non
621 2626 778 2693 cavebatur,
800 2643 833 2678 ne
855 2626 917 2697 quis
938 2640 998 2678 sero
1013 2623 1141 2694 jaceretr

73 2711 179 2765 nullum
202 2710 272 2763 enim
294 2717 398 2781 tempus
416 2709 660 2781 praestituebatnr3
686 2707 737 2762 sed
756 2726 789 2762 ne
810 2709 872 2780 quis
894 2714 957 2761 ante
978 2723 1037 2760 eam
1060 2703 1139 2770 diem,

74 2811 107 2847 ea
128 2811 185 2865 qna
208 2799 319 2846 serratus
336 2792 511 2865 populusque
533 2788 676 2865 iussisset.)
700 2791 758 2855 XI,
796 2794 806 2845 l
833 2790 868 2844 de
890 2791 946 2844 sine
967 2790 1043 2843 uncis
1065 2783 1140 2859 (edd.

74 2871 173 2949 vett.)l
195 2882 303 2946 quotve
337 2870 409 2947 (aad.
431 2891 501 2928 uicus
523 2876 590 2944 rec.)
629 2877 646 2929 4
677 2881 708 2928 ut
740 2872 760 2928 ii
792 2871 1017 2947 commigrarent
1049 2868 1142 2940 (ΡΜ

2 3019 6 3024 ,
76 2954 201 3030 (viatore
224 2955 329 3025 missa,
365 2956 440 3029 qrtod
470 2957 497 3010 in
517 2956 547 3010 P
564 2964 617 3024 est,
643 2963 735 3029 potest
764 2963 852 3010 ortam
882 2971 939 3008 esse
960 2971 992 3006 ee
1016 2950 1141 3005 viatore·

75 3039 161 3108 misit,
183 3057 210 3093 m
232 3039 314 3093 semel
340 3040 456 3112 senipeta,
486 3047 517 3094 ut
544 3039 660 3094 ablativi
678 3039 781 3110 species
802 3032 984 3108 alliceretur.)
1014 3033 1095 3107 XII,
1124 3037 1140 3086 t

77 3122 193 3177 tandem
219 3139 288 3176 suos
313 3120 436 3176 Martios
467 3121 516 3193 (L.
546 3122 636 3178 Vall.
688 3119 824 3175 Correctio
847 3117 1002 3192 probabilis
1014 3114 1142 3172 nonaum

78 3207 186 3260 iuventa
214 3212 272 3272 est‚·
299 3222 363 3258 nam
391 3203 457 3259 illos
480 3204 602 3259 Martios
634 3221 687 3258 non
719 3202 874 3274 satisfacit.)
910 3205 926 3256 5
950 3198 1076 3255 animum
1098 3196 1142 3252 in-

78 3304 179 3342 census
214 3285 297 3358 (Leo.
318 3289 348 3354 d,
372 3286 475 3346 Muret,
497 3285 526 3341 P
542 3286 700 3354 incensum.
747 3284 844 3358 Neque
872 3283 1045 3338 aecusativus
1066 3279 1148 3353 apud

78 3369 211 3425 incensus
230 3369 306 3440 ferri
324 3377 416 3442 potest
435 3387 520 3442 neque
547 3387 615 3424 cara
643 3369 762 3422 animum
791 3366 928 3436 incendite)
960 3365 966 3436 Ι
996 3361 1141 3419 Flaminio

81 3450 311 3524 Sempronioque
344 3448 417 3524 (My.
439 3451 468 3506 P
485 3448 862 3524 Flaminissempronioque)
897 3446 1062 3519 dquidem,
1084 3461 1142 3499 non

80 3533 136 3589 vim
158 3533 319 3590 dictatoris·
334 3531 434 3604 (Gran.
450 3533 515 3593 Em.
530 3533 589 3588 237
601 3532 641 3608 n.)
666 3535 682 3588 8
696 3530 862 3604 (necessarii
885 3537 1021 3604 cogerent
1043 3527 1140 3584 Weiss.

80 3617 178 3672 Pml
198 3616 344 3671 necessari
367 3625 498 3689 cogeret,
529 3616 630 3672 Pau
651 3617 783 3688 ceterique
804 3622 830 3669 et
850 3613 943 3668 Drale.
979 3609 1144 3666 necessario

83 3695 208 3773 cogeret)
239 3702 268 3754 ll
290 3698 424 3756 habebat.
447 3697 546 3758 ferox.
560 3743 567 3758 .
581 3741 598 3761 .,
616 3698 787 3754 immodicus
809 3696 904 3771 primo
926 3693 1042 3766 (Interp.
1065 3689 1142 3765 mut.)

89 3782 120 3836 12
143 3779 347 3854 compellabat.
372 3782 529 3854 premendo
551 3781 728 3855 superiorem
759 3777 859 3854 (Gran.
874 3773 1143 3851 Ppraemendorum

84 3863 274 3938 superiorum3
288 3861 379 3918 Drale.
391 3864 672 3938 premendorumque
683 3862 862 3937 superiorum
876 3869 946 3924 arte,
964 3875 1027 3929 quae
1042 3875 1069 3936 p.
1084 3855 1149 3926 ars)-

86 3945 170 4016 XIH,
206 3949 216 4002 l
242 3944 471 4018 indignitatibus,
496 3946 625 4002 cladibus
648 3941 763 4017 (bWeiss.
785 3942 879 4000 Drnle.
903 3935 1103 4012 cladibusque)
1125 3941 1141 3993 4

86 4027 277 4100 Monitosquc,
310 4037 341 4083 ut
376 4029 462 4084 etiam
499 4038 586 4102 atque
619 4027 706 4085 etiam
738 4025 883 4101 promissa
915 4019 990 4098 (My.
1013 4019 1144 4075 Senserat

87 4111 174 4166 vitium
197 4109 286 4170 Gran.
329 4110 463 4184 Repetite
483 4114 597 4168 aetionis
618 4111 778 4183 significatio
800 4116 868 4181 apta
898 4114 938 4161 est
959 4104 999 4159 ad
1019 4103 1142 4158 admoni-

88 4193 192 4265 tionem,
233 4190 486 4263 considerationem,
520 4195 636 4261 similia,
670 4212 723 4248 non
759 4190 799 4246 ad
826 4190 1027 4263 promissorum
1064 4183 1147 4238 rebus

1166 3609 1268 3721 s„
